{"gold_per_floor":[114,132,132,142,155,155,183,183,183,149,163,180,180,192,192,292,292,305,255,266,279,290,290,302,302,325,354,354,373,230,155,155,155],"floor_reached":33,"playtime":1048,"items_purged":["Strike_R"],"score":271,"play_id":"5705fe2e-1677-4117-94e4-715e067a804e","local_time":"20190222155103","is_ascension_mode":false,"campfire_choices":[{"data":"Cleave","floor":6,"key":"SMITH"},{"data":"Crippling Poison","floor":13,"key":"SMITH"},{"data":"hubris:CleavingFinish","floor":15,"key":"SMITH"},{"data":"Replay:Undeath\u0027s Touch","floor":23,"key":"SMITH"},{"data":"ReplayTheSpireMod:Corrosion Curse","floor":25,"key":"SMITH"},{"data":"Bash","floor":28,"key":"SMITH"},{"data":"strawberrySpire:Incursion","floor":32,"key":"SMITH"}],"neow_cost":"NONE","seed_source_timestamp":263339843340618,"circlet_count":0,"master_deck":["Strike_R","Strike_R","Strike_R","Defend_R","Defend_R","Defend_R","Defend_R","Bash+1","Cleave+1","Replay:Undeath\u0027s Touch+1","Crippling Poison+1","hubris:ReadiedAction+1","hubris:CleavingFinish+1","Anger+1","ReplayTheSpireMod:Corrosion Curse+1","strawberrySpire:Incursion+1"],"relics":["Burning Blood","aspiration:Nostalgia","m_SlimeRing","Centennial Puzzle","hubris:Spice","infinitespire:Golems Mask","Self Forming Clay"],"potions_floor_usage":[16,33],"damage_taken":[{"damage":20,"enemies":"Jaw Worm","floor":1,"turns":5},{"damage":1,"enemies":"Cultist","floor":2,"turns":4},{"damage":0,"enemies":"2 Louse","floor":4,"turns":2},{"damage":16,"enemies":"Lots of Slimes","floor":5,"turns":4},{"damage":39,"enemies":"3 Sentries","floor":7,"turns":8},{"damage":8,"enemies":"Large Slime","floor":11,"turns":4},{"damage":4,"enemies":"Blue Slaver","floor":12,"turns":3},{"damage":0,"enemies":"Lots of Slimes","floor":14,"turns":1},{"damage":38,"enemies":"The Guardian","floor":16,"turns":9},{"damage":22,"enemies":"2 Thieves","floor":18,"turns":3},{"damage":4,"enemies":"Chosen","floor":20,"turns":3},{"damage":31,"enemies":"Snake Plant","floor":21,"turns":4},{"damage":0,"enemies":"Centurion and Healer","floor":22,"turns":4},{"damage":19,"enemies":"Shelled Parasite and Fungi","floor":24,"turns":4},{"damage":19,"enemies":"Book of Stabbing","floor":27,"turns":4},{"damage":8,"enemies":"Snake Plant","floor":29,"turns":2},{"damage":43,"enemies":"Automaton","floor":33,"turns":6}],"seed_played":"-8786468608329287669","potions_obtained":[{"floor":1,"key":"Regen Potion"},{"floor":2,"key":"SkillPotion"},{"floor":11,"key":"Reflective Coating"},{"floor":12,"key":"BloodPotion"},{"floor":16,"key":"Ancient Potion"}],"is_trial":false,"path_per_floor":["M","M","$","M","M","R","E","?","T","$","M","M","R","M","R","B",null,"M","?","M","M","M","R","M","R","T","E","R","M","$","?","R","B"],"character_chosen":"IRONCLAD","items_purchased":["hubris:ReadiedAction+1","strawberrySpire:Incursion"],"campfire_rested":0,"item_purchase_floors":[10,30],"current_hp_per_floor":[66,71,71,77,67,67,34,42,42,42,40,42,42,48,48,16,96,80,80,82,57,63,63,50,50,50,37,37,35,35,35,35,0],"gold":155,"neow_bonus":"NOSTALGIA","is_prod":false,"is_daily":false,"chose_seed":false,"campfire_upgraded":7,"win_rate":0,"timestamp":1550868663,"path_taken":["M","M","$","M","M","R","E","?","T","$","M","?","R","M","R","BOSS","M","?","M","?","M","R","M","R","T","E","R","M","$","?","R","BOSS"],"build_version":"2019-01-23","purchased_purges":1,"victory":false,"max_hp_per_floor":[80,80,80,80,80,80,80,88,88,88,88,88,88,88,88,88,96,96,96,88,88,88,88,88,88,80,80,80,80,80,80,80,80],"card_choices":[{"not_picked":["strawberrySpire:JustAWound","ReplayTheSpireMod:Strike From Hell"],"picked":"Cleave","floor":1},{"not_picked":["Shrug It Off","hubris:ReadiedAction"],"picked":"Replay:Undeath\u0027s Touch","floor":2},{"not_picked":["Havoc","True Grit","Warcry"],"picked":"SKIP","floor":4},{"not_picked":["Warcry","Barricade","Feel No Pain"],"picked":"SKIP","floor":5},{"not_picked":["Clothesline","Cleave"],"picked":"Crippling Poison","floor":7},{"not_picked":["Clash","Pommel Strike","Warcry"],"picked":"SKIP","floor":11},{"not_picked":["Cleave","Fire Breathing","Sever Soul"],"picked":"SKIP","floor":12},{"not_picked":["strawberrySpire:GettingOverIt","strawberrySpire:DebrisPile"],"picked":"hubris:CleavingFinish","floor":14},{"not_picked":["Clothesline","ReplayTheSpireMod:Strike From Hell","Body Slam"],"picked":"SKIP","floor":18},{"not_picked":["Clash","Iron Wave"],"picked":"hubris:SpiceAddiction","floor":20},{"not_picked":["Power Through","Intimidate"],"picked":"Anger+1","floor":21},{"not_picked":["hubris:ReadiedAction","Metallicize","strawberrySpire:Endurance"],"picked":"SKIP","floor":22},{"not_picked":["Body Slam","Flex"],"picked":"ReplayTheSpireMod:Corrosion Curse","floor":24},{"not_picked":["strawberrySpire:DangerMountain","strawberrySpire:GettingOverIt","Blood for Blood"],"picked":"SKIP","floor":27},{"not_picked":["Massacre+1","Infernal Blade","strawberrySpire:Endurance"],"picked":"SKIP","floor":29}],"player_experience":712629,"relics_obtained":[{"floor":7,"key":"Centennial Puzzle"},{"floor":9,"key":"infinitespire:Golems Mask"},{"floor":26,"key":"hubris:Spice"},{"floor":27,"key":"Self Forming Clay"}],"event_choices":[{"damage_healed":0,"gold_gain":0,"player_choice":"Gave Potion","damage_taken":0,"relics_obtained":["hubris:Spice"],"max_hp_gain":0,"max_hp_loss":0,"event_name":"WeMeetAgain","floor":8,"gold_loss":0},{"damage_healed":0,"gold_gain":0,"player_choice":"Bet on Murderer","damage_taken":0,"max_hp_gain":0,"max_hp_loss":0,"event_name":"The Joust","floor":19,"gold_loss":50},{"cards_removed":["Strike_R"],"damage_healed":0,"gold_gain":0,"player_choice":"Gave Gold","damage_taken":0,"max_hp_gain":0,"max_hp_loss":0,"event_name":"Beggar","floor":31,"gold_loss":75}],"is_beta":false,"boss_relics":[{"not_picked":["strawberrySpire:SolarisEssence","hubris:RunicObelisk"],"picked":"hubris:Spice"}],"items_purged_floors":[30],"is_endless":false,"potions_floor_spawned":[1,2,11,12,16,18,20,21],"killed_by":"Automaton","ascension_level":0}