{"path_per_floor":["M","?","M","?","T","R","E","R","T","E","$","R","E","M","R","B",null,"M","?","?","M","$","R","M","R","T","R","M","E","R","$","R","B",null,"M","?","M","?","$","R","E","M","T","M","M","E","R","E","R","B"],"character_chosen":"IRONCLAD","items_purchased":["Feel No Pain","Secret Technique","Rampage","Warcry","Iron Wave","Corruption","Havoc","Shrug It Off"],"gold_per_floor":[110,110,121,121,144,144,172,172,228,556,65,65,93,109,109,212,212,177,177,177,190,20,20,32,32,57,57,71,102,102,2,2,101,101,118,118,136,136,11,11,38,57,57,75,95,126,126,155,155,155],"floor_reached":51,"campfire_rested":0,"playtime":6780,"current_hp_per_floor":[78,62,68,61,61,61,67,67,67,57,57,57,63,71,71,64,76,80,40,35,47,47,47,49,49,49,49,44,49,49,49,49,32,45,49,49,49,49,49,49,49,49,49,49,49,49,49,51,51,51],"items_purged":["Strike_R","Strike_R","Pain"],"gold":155,"score":1327,"play_id":"d7fa80f2-c78b-474b-8b12-a8964297420d","local_time":"20180419015149","is_prod":false,"is_daily":false,"chose_seed":false,"is_ascension_mode":true,"campfire_upgraded":12,"timestamp":1524127909,"path_taken":["M","?","M","?","?","R","E","R","T","E","$","R","E","M","R","BOSS","M","?","?","M","$","R","M","R","T","R","?","E","R","?","R","BOSS","M","?","M","?","$","R","E","M","T","M","M","E","R","E","R","BOSS"],"build_version":"2018-04-12","seed_source_timestamp":50474989527191,"purchased_purges":4,"victory":true,"master_deck":["Bash+1","Rage+1","Armaments+1","Havoc+1","Feel No Pain+1","Secret Technique","Rampage+1","Warcry+1","Iron Wave+1","Infernal Blade","Body Slam+1","Impervious","Havoc","Ghostly","Ghostly","Ghostly","Ghostly","Ghostly","Ghostly Armor","Corruption+1","Havoc","Shrug It Off","Fire Breathing+1","Pummel","Entrench","Fiend Fire","Body Slam+1","Clothesline","True Grit","Intimidate","Heavy Blade","Disarm","Shockwave+1","Feel No Pain+1","Flex+1","Rampage+1"],"max_hp_per_floor":[80,80,80,80,80,80,80,80,80,80,80,80,80,80,80,80,80,80,40,45,49,49,49,49,49,49,49,49,49,49,49,49,49,49,49,49,49,49,49,49,49,49,49,49,49,49,49,51,51,51],"relics":["Burning Blood","NeowsBlessing","Dream Catcher","Lantern","Tiny Chest","Old Coin","Blood Vial","Cursed Key","Bronze Scales","Ornamental Fan","Pandora\u0027s Box","Happy Flower","Dead Branch","Singing Bowl"],"card_choices":[{"not_picked":["Bloodletting","Flex"],"picked":"Rage","floor":1},{"not_picked":["Reckless Charge","Dual Wield"],"picked":"Shrug It Off","floor":3},{"not_picked":["Impervious","Flex"],"picked":"Armaments","floor":7},{"not_picked":["Headbutt","Thunderclap"],"picked":"Havoc","floor":10},{"not_picked":["Intimidate","Second Wind"],"picked":"Infernal Blade","floor":13},{"not_picked":["Sword Boomerang","Pommel Strike"],"picked":"Body Slam","floor":14},{"not_picked":["Demon Form","Brutality"],"picked":"Impervious","floor":16},{"not_picked":["Sword Boomerang","Clothesline"],"picked":"Havoc","floor":18},{"not_picked":["Anger","Dropkick"],"picked":"Ghostly Armor","floor":21},{"not_picked":["Wild Strike","Clash"],"picked":"Fire Breathing","floor":24},{"not_picked":["Reckless Charge","Anger"],"picked":"Pummel","floor":28},{"not_picked":["Anger","Rampage"],"picked":"Entrench","floor":29},{"not_picked":["Exhume","Dark Embrace"],"picked":"Fiend Fire","floor":33},{"not_picked":["Headbutt","Bloodletting"],"picked":"Shockwave","floor":35},{"not_picked":["Rage","Anger"],"picked":"Feel No Pain","floor":37},{"not_picked":["Armaments","Bludgeon"],"picked":"Flex","floor":41},{"not_picked":["Clash","Body Slam"],"picked":"Rampage","floor":44}],"player_experience":378359,"potions_floor_usage":[10,16,16,29,33,45,50],"damage_taken":[{"damage":0,"enemies":"Small Slimes","floor":1,"turns":1},{"damage":0,"enemies":"Jaw Worm","floor":3,"turns":1},{"damage":0,"enemies":"3 Sentries","floor":7,"turns":2},{"damage":16,"enemies":"Gremlin Nob","floor":10,"turns":4},{"damage":0,"enemies":"3 Sentries","floor":13,"turns":11},{"damage":0,"enemies":"Cultist","floor":14,"turns":3},{"damage":15,"enemies":"Hexaghost","floor":16,"turns":8},{"damage":4,"enemies":"2 Thieves","floor":18,"turns":5},{"damage":0,"enemies":"3 Byrds","floor":21,"turns":8},{"damage":1,"enemies":"3 Cultists","floor":24,"turns":7},{"damage":16,"enemies":"Centurion and Healer","floor":28,"turns":12},{"damage":12,"enemies":"Slavers","floor":29,"turns":8},{"damage":23,"enemies":"Champ","floor":33,"turns":14},{"damage":0,"enemies":"Orb Walker","floor":35,"turns":5},{"damage":5,"enemies":"3 Shapes","floor":37,"turns":7},{"damage":0,"enemies":"Giant Head","floor":41,"turns":9},{"damage":6,"enemies":"Maw","floor":42,"turns":8},{"damage":1,"enemies":"Sphere and 2 Shapes","floor":44,"turns":8},{"damage":0,"enemies":"4 Shapes","floor":45,"turns":8},{"damage":0,"enemies":"2 Orb Walkers","floor":46,"turns":8},{"damage":9,"enemies":"Nemesis","floor":48,"turns":5},{"damage":3,"enemies":"Time Eater","floor":50,"turns":19}],"event_choices":[{"event_name":"Shining Light","player_choice":"Entered Light","floor":2,"damage_taken":0},{"event_name":"Golden Wing","player_choice":"Card Removal","floor":4,"damage_taken":0},{"event_name":"Ghosts","player_choice":"Became a Ghost","floor":19,"damage_taken":0},{"event_name":"Forgotten Altar","player_choice":"Shed Blood","floor":20,"damage_taken":0},{"event_name":"Tomb of Lord Red Mask","player_choice":"Ignored","floor":36,"damage_taken":0}],"boss_relics":[{"not_picked":["Runic Dome","Eternal Feather"],"picked":"Cursed Key"},{"not_picked":["Velvet Choker","Orrery"],"picked":"Pandora\u0027s Box"}],"potions_floor_spawned":[1,7,10,14,18,24,29,35,41,44],"seed_played":"-6690122572924473229","ascension_level":8,"is_trial":false}