{"path_per_floor":["M","M","$","M","?","E","?","T","T","M","M","M","M","M","R","B",null,"M","M","$","?","M","R","?","R","T","M","T"],"character_chosen":"THE_SILENT","items_purchased":["Dagger Spray","Singing Bowl","Noxious Fumes","Dagger Throw"],"gold_per_floor":[141,153,52,63,63,98,98,98,98,114,126,143,157,171,171,274,274,284,297,14,14,24,24,24,24,49,64,64,64],"floor_reached":29,"campfire_rested":0,"playtime":1045,"item_purchase_floors":[3,20,20,20],"current_hp_per_floor":[75,74,74,73,73,32,32,32,39,39,39,39,39,32,32,17,82,75,68,68,68,30,30,30,30,30,15,15,0],"items_purged":["Strike_G"],"gold":64,"score":229,"play_id":"b9355256-f1b3-443a-8c09-4124a04862e5","local_time":"20180519193744","is_prod":false,"is_daily":false,"chose_seed":false,"is_ascension_mode":false,"campfire_upgraded":3,"timestamp":1526773064,"campfire_choices":[{"data":"Malaise","floor":15,"key":"SMITH"},{"data":"Cloak And Dagger","floor":23,"key":"SMITH"},{"data":"Cloak And Dagger","floor":25,"key":"SMITH"}],"path_taken":["M","M","$","M","?","E","?","?","T","M","M","M","M","M","R","BOSS","M","M","$","?","?","R","?","R","T","M","?","M"],"build_version":"2018-05-18","seed_source_timestamp":1548537977015410,"purchased_purges":1,"victory":false,"master_deck":["Defend_G","Defend_G","Defend_G","Defend_G","Defend_G","Strike_G+1","Strike_G","Strike_G","Strike_G","Survivor","Neutralize","Well Laid Plans","Malaise+1","Dagger Throw","Dagger Spray","Slice","Cloak And Dagger+1","Terror","Cloak And Dagger","Underhanded Strike","Burst","Cloak And Dagger+1","Glass Knife","Riddle With Holes","Caltrops","Noxious Fumes","Dagger Throw","Die Die Die"],"max_hp_per_floor":[75,75,75,75,75,75,75,75,82,82,82,82,82,82,82,82,82,82,82,82,82,82,82,82,82,82,84,84,84],"relics":["Tiny House","Matryoshka","Potion Belt","Gremlin Horn","Strawberry","Orichalcum","White Beast Statue","Singing Bowl","Art of War","Shovel"],"card_choices":[{"not_picked":["Dodge and Roll","Flying Knee"],"picked":"Well Laid Plans","floor":0},{"not_picked":["Calculated Gamble","Reflex"],"picked":"Malaise","floor":1},{"not_picked":["Poisoned Stab","Outmaneuver"],"picked":"Dagger Throw","floor":2},{"not_picked":["Masterful Stab","Acrobatics"],"picked":"Slice","floor":4},{"not_picked":["Calculated Gamble","Eviscerate"],"picked":"Cloak And Dagger","floor":6},{"not_picked":["Deadly Poison","Blur"],"picked":"Terror","floor":10},{"not_picked":["Choke","Dodge and Roll"],"picked":"Cloak And Dagger","floor":11},{"not_picked":["Acrobatics","Deadly Poison"],"picked":"Underhanded Strike","floor":12},{"not_picked":["Calculated Gamble","Reflex"],"picked":"Burst","floor":13},{"not_picked":["Sucker Punch","Accuracy"],"picked":"Cloak And Dagger","floor":14},{"not_picked":["After Image","Unload"],"picked":"Glass Knife","floor":16},{"not_picked":["Bane","Outmaneuver"],"picked":"Riddle With Holes","floor":18},{"not_picked":["Skewer+1","Well Laid Plans"],"picked":"Caltrops","floor":19},{"not_picked":["Deadly Poison","Deflect"],"picked":"Die Die Die","floor":22},{"not_picked":["Prepared","Riddle With Holes","Terror"],"picked":"Singing Bowl","floor":27}],"player_experience":472506,"potions_floor_usage":[12,13,14,16,19,22,27],"damage_taken":[{"damage":0,"enemies":"Small Slimes","floor":1,"turns":3},{"damage":1,"enemies":"Jaw Worm","floor":2,"turns":5},{"damage":1,"enemies":"Cultist","floor":4,"turns":3},{"damage":41,"enemies":"Lagavulin","floor":6,"turns":8},{"damage":0,"enemies":"Blue Slaver","floor":10,"turns":4},{"damage":0,"enemies":"Looter","floor":11,"turns":2},{"damage":0,"enemies":"Gremlin Gang","floor":12,"turns":2},{"damage":0,"enemies":"3 Louse","floor":13,"turns":2},{"damage":7,"enemies":"Exordium Thugs","floor":14,"turns":5},{"damage":15,"enemies":"Slime Boss","floor":16,"turns":8},{"damage":7,"enemies":"3 Byrds","floor":18,"turns":7},{"damage":7,"enemies":"Shell Parasite","floor":19,"turns":4},{"damage":38,"enemies":"3 Cultists","floor":22,"turns":5},{"damage":17,"enemies":"Slaver and Parasite","floor":27,"turns":5},{"damage":15,"enemies":"Centurion and Healer","floor":29,"turns":1}],"relics_obtained":[{"floor":6,"key":"Matryoshka"},{"floor":8,"key":"Potion Belt"},{"floor":8,"key":"Gremlin Horn"},{"floor":9,"key":"Strawberry"},{"floor":9,"key":"Orichalcum"},{"floor":26,"key":"Art of War"},{"floor":28,"key":"Shovel"}],"event_choices":[{"event_name":"Golden Idol","player_choice":"Ignored","floor":5,"damage_taken":0},{"event_name":"Shining Light","player_choice":"Ignored","floor":7,"damage_taken":0},{"event_name":"Beggar","player_choice":"Ignored","floor":21,"damage_taken":0},{"event_name":"The Mausoleum","player_choice":"No","floor":24,"damage_taken":0}],"boss_relics":[{"not_picked":["Sozu","Eternal Feather"],"picked":"White Beast Statue"}],"items_purged_floors":[3],"potions_floor_spawned":[2,6,11,13,14,18,19,22,27],"seed_played":"4720170463564841076","killed_by":"Centurion and Healer","ascension_level":0,"potions_obtained":[{"floor":0,"key":"Energy Potion"},{"floor":2,"key":"SpeedPotion"},{"floor":6,"key":"AttackPotion"},{"floor":11,"key":"GamblersBrew"},{"floor":13,"key":"Ancient Potion"},{"floor":14,"key":"SteroidPotion"},{"floor":18,"key":"AttackPotion"},{"floor":19,"key":"Explosive Potion"},{"floor":22,"key":"Block Potion"},{"floor":27,"key":"SpeedPotion"}],"is_trial":false}