{"path_per_floor":["M","?","M","M","?","R","$","R","T","R","M","T","M","E","R","B",null,"M","$","M","M","M","R","?","M","T","R","T","?","M","M","R","B",null,"M","M","T","M","$","R","M","M","T","R","$","M","?","?","R","B"],"character_chosen":"IRONCLAD","items_purchased":["Feel No Pain","Mummified Hand","Corruption","Bag of Preparation","Swift Potion"],"gold_per_floor":[119,194,210,225,400,400,28,28,55,55,66,66,86,118,118,213,243,260,28,38,48,62,62,62,76,76,76,76,76,93,112,112,214,214,229,243,243,258,158,158,169,179,179,179,5,25,0,49,49,49],"floor_reached":51,"campfire_rested":0,"playtime":4158,"current_hp_per_floor":[76,65,71,77,77,77,77,77,77,77,77,77,74,80,80,80,80,80,80,80,80,60,60,60,63,63,63,63,47,33,47,47,51,73,76,65,65,73,73,73,76,78,78,78,78,82,82,68,68,79],"items_purged":["Doubt","Writhe","Pain"],"gold":49,"score":913,"play_id":"f726c908-44c3-4e0c-8efc-d3a7fbb7d2a3","local_time":"20180416140027","is_prod":false,"is_daily":false,"chose_seed":false,"is_ascension_mode":true,"campfire_upgraded":6,"timestamp":1523912427,"path_taken":["M","?","M","M","?","R","?","R","T","R","?","?","M","E","R","BOSS","M","$","M","M","M","R","?","?","T","R","?","?","?","M","R","BOSS","M","?","?","M","$","R","M","M","T","R","$","M","?","?","R","BOSS"],"build_version":"2018-04-12","seed_source_timestamp":142257836805027,"purchased_purges":3,"victory":true,"master_deck":["Strike_R","Strike_R","Defend_R","Defend_R","Defend_R","Defend_R","Bash","Bludgeon+1","Clash","Havoc+1","Anger+1","Feel No Pain+1","Seeing Red","Iron Wave+1","Thunderclap","Reaper","Decay","Infernal Blade+1","Corruption","Spot Weakness","Warcry+1","Thunderclap+1","Warcry+1","Havoc","Shockwave+1","Berserk","Searing Blow+1","Dropkick+1","Clothesline+1","Clash+1","Havoc+1","Shockwave","Body Slam+1","Disarm"],"max_hp_per_floor":[80,80,80,80,80,80,80,80,80,80,80,80,80,80,80,80,80,80,80,80,80,80,80,80,80,80,80,80,80,80,80,80,80,80,80,82,82,82,82,82,82,82,82,82,82,82,82,84,84,84],"relics":["Burning Blood","Mummified Hand","Singing Bowl","Champion Belt","Bottled Flame","Calling Bell","Girya","Blue Candle","Tiny Chest","Bag of Preparation","Pantograph","Meat on the Bone","Enchiridion","Astrolabe","Juzu Bracelet","Vajra","Red Mask","Shovel","Molten Egg 2"],"card_choices":[{"not_picked":["Burning Pact","Shrug It Off"],"picked":"Clash","floor":1},{"not_picked":["Anger","Pommel Strike"],"picked":"Havoc","floor":3},{"not_picked":["Shrug It Off","Twin Strike"],"picked":"Anger","floor":4},{"not_picked":["Second Wind","Fiend Fire"],"picked":"Seeing Red","floor":11},{"not_picked":["Pommel Strike","Clash"],"picked":"Iron Wave","floor":13},{"not_picked":["Searing Blow","Uppercut"],"picked":"Thunderclap","floor":14},{"not_picked":["Dark Embrace","Immolate"],"picked":"Reaper","floor":16},{"not_picked":["Reckless Charge","Body Slam"],"picked":"Infernal Blade","floor":18},{"not_picked":["Second Wind","Twin Strike"],"picked":"Spot Weakness","floor":20},{"not_picked":["Pommel Strike","Corruption"],"picked":"Warcry","floor":21},{"not_picked":["Headbutt","Second Wind"],"picked":"Thunderclap","floor":22},{"not_picked":["True Grit","Cleave"],"picked":"Warcry","floor":25},{"not_picked":["Perfected Strike","Searing Blow"],"picked":"Havoc","floor":30},{"not_picked":["Wild Strike","Spot Weakness"],"picked":"Shockwave","floor":31},{"not_picked":["Reaper","Fiend Fire"],"picked":"Berserk","floor":33},{"not_picked":["Fire Breathing","Perfected Strike"],"picked":"Clash","floor":35},{"not_picked":["Fire Breathing","Power Through"],"picked":"Havoc","floor":38},{"not_picked":["Rage","Reckless Charge"],"picked":"Shockwave","floor":41},{"not_picked":["Whirlwind","Sword Boomerang"],"picked":"Body Slam","floor":42},{"not_picked":["Heavy Blade","Reckless Charge"],"picked":"Disarm","floor":46}],"player_experience":329037,"potions_floor_usage":[16,21,25,33,33,36,36,50,50,50],"damage_taken":[{"damage":2,"enemies":"Jaw Worm","floor":1,"turns":3},{"damage":0,"enemies":"Small Slimes","floor":3,"turns":2},{"damage":0,"enemies":"2 Louse","floor":4,"turns":2},{"damage":6,"enemies":"Exordium Thugs","floor":11,"turns":4},{"damage":9,"enemies":"2 Fungi Beasts","floor":13,"turns":3},{"damage":0,"enemies":"Gremlin Nob","floor":14,"turns":2},{"damage":0,"enemies":"Slime Boss","floor":16,"turns":8},{"damage":17,"enemies":"3 Byrds","floor":18,"turns":6},{"damage":7,"enemies":"Shell Parasite","floor":20,"turns":4},{"damage":6,"enemies":"Snake Plant","floor":21,"turns":2},{"damage":34,"enemies":"Centurion and Healer","floor":22,"turns":7},{"damage":10,"enemies":"Snecko","floor":25,"turns":4},{"damage":37,"enemies":"Snake Plant","floor":30,"turns":4},{"damage":4,"enemies":"Centurion and Healer","floor":31,"turns":5},{"damage":63,"enemies":"Automaton","floor":33,"turns":8},{"damage":11,"enemies":"3 Shapes","floor":35,"turns":4},{"damage":19,"enemies":"3 Darklings","floor":36,"turns":5},{"damage":7,"enemies":"4 Shapes","floor":38,"turns":4},{"damage":3,"enemies":"Sphere and 2 Shapes","floor":41,"turns":2},{"damage":4,"enemies":"3 Darklings","floor":42,"turns":3},{"damage":1,"enemies":"Maw","floor":46,"turns":5},{"damage":23,"enemies":"Mysterious Sphere","floor":48,"turns":4},{"damage":39,"enemies":"Donu and Deca","floor":50,"turns":6}],"event_choices":[{"event_name":"World of Goop","player_choice":"Gather Gold","floor":2,"damage_taken":0},{"event_name":"Liars Game","player_choice":"agreed","floor":5,"damage_taken":0},{"event_name":"Beggar","player_choice":"Ignored","floor":24,"damage_taken":0},{"event_name":"Cursed Tome","player_choice":"Obtained Book","floor":29,"damage_taken":0},{"event_name":"Tomb of Lord Red Mask","player_choice":"Paid","floor":47,"damage_taken":0},{"event_name":"Mysterious Sphere","player_choice":"Fight","floor":48,"damage_taken":0}],"boss_relics":[{"not_picked":["Runic Cube","Mark of Pain"],"picked":"Calling Bell"},{"not_picked":["Runic Pyramid","Velvet Choker"],"picked":"Astrolabe"}],"potions_floor_spawned":[1,13,14,16,18,22,30,31,35,46,48],"seed_played":"-1363566831331306377","ascension_level":7,"is_trial":false}