{"gold_per_floor":[109,129,140,8,19,53,53,88,88,423,388,388,388,400,400,400],"floor_reached":16,"playtime":1032,"items_purged":[],"score":204,"play_id":"aa694d06-df97-43d5-b081-19a751911a5e","local_time":"20190901072327","is_ascension_mode":true,"campfire_choices":[{"floor":7,"key":"REST"},{"floor":12,"key":"DIG"},{"floor":15,"key":"REST"}],"neow_cost":"NONE","seed_source_timestamp":1049395932556896,"circlet_count":0,"master_deck":["AscendersBane","Strike_B","Strike_B","Strike_B","Defend_B","Defend_B","Defend_B","Defend_B","Zap","Dualcast","Melter","Gash","Gash","Barrage","Capacitor","Go for the Eyes","Leap","Ball Lightning","Rebound","Hologram","Go for the Eyes","Hologram"],"relics":["Cracked Core","Singing Bowl","Peace Pipe","Shovel","Old Coin","Bottled Flame","Emotion Chip"],"potions_floor_usage":[14],"damage_taken":[{"damage":0,"enemies":"Cultist","floor":1,"turns":3},{"damage":2,"enemies":"Jaw Worm","floor":2,"turns":3},{"damage":0,"enemies":"Small Slimes","floor":3,"turns":3},{"damage":3,"enemies":"Blue Slaver","floor":5,"turns":4},{"damage":21,"enemies":"3 Sentries","floor":6,"turns":6},{"damage":38,"enemies":"Lagavulin","floor":8,"turns":6},{"damage":16,"enemies":"3 Sentries","floor":10,"turns":6},{"damage":5,"enemies":"Gremlin Gang","floor":14,"turns":4},{"damage":42,"enemies":"Slime Boss","floor":16,"turns":6}],"seed_played":"2113272538148648253","potions_obtained":[{"floor":8,"key":"Ancient Potion"},{"floor":10,"key":"Explosive Potion"},{"floor":14,"key":"SteroidPotion"}],"is_trial":false,"path_per_floor":["M","M","M","$","M","E","R","E","T","E","?","R","T","M","R","B"],"character_chosen":"DEFECT","items_purchased":["Capacitor","Go for the Eyes","Leap"],"campfire_rested":2,"item_purchase_floors":[4,4,4],"current_hp_per_floor":[64,62,62,62,59,38,59,21,21,5,22,22,22,17,38,0],"gold":400,"neow_bonus":"TRANSFORM_CARD","is_prod":false,"is_daily":false,"chose_seed":false,"campfire_upgraded":0,"win_rate":0,"timestamp":1567337007,"path_taken":["M","M","M","$","M","E","R","E","T","E","?","R","?","M","R","BOSS"],"build_version":"2019-07-17","purchased_purges":0,"victory":false,"max_hp_per_floor":[71,71,71,71,71,71,71,71,71,71,71,71,71,71,71,71],"card_choices":[{"not_picked":["Stack","Static Discharge"],"picked":"Gash","floor":1},{"not_picked":["Leap","White Noise"],"picked":"Gash","floor":2},{"not_picked":["Fusion","Streamline"],"picked":"Barrage","floor":3},{"not_picked":["Multi-Cast","BootSequence"],"picked":"Ball Lightning","floor":5},{"not_picked":["Steam","Compile Driver"],"picked":"Rebound","floor":6},{"not_picked":["Coolheaded","Stack"],"picked":"Hologram","floor":8},{"not_picked":["Rebound","Barrage"],"picked":"Go for the Eyes","floor":10},{"not_picked":["Blizzard","Ball Lightning"],"picked":"Hologram","floor":14}],"player_experience":530261,"relics_obtained":[{"floor":6,"key":"Singing Bowl"},{"floor":8,"key":"Peace Pipe"},{"floor":9,"key":"Shovel"},{"floor":10,"key":"Old Coin"},{"floor":12,"key":"Bottled Flame"},{"floor":13,"key":"Emotion Chip"}],"event_choices":[{"damage_healed":17,"gold_gain":0,"player_choice":"Healed","damage_taken":0,"max_hp_gain":0,"max_hp_loss":0,"event_name":"The Cleric","floor":11,"gold_loss":35}],"is_beta":false,"boss_relics":[],"items_purged_floors":[],"is_endless":false,"potions_floor_spawned":[8,10,14],"killed_by":"Slime Boss","ascension_level":14}