{"gold_per_floor":[115,40,215,215,233,233,253,253,328,343,354,354,373,384,384,481,481,497,507,43,43,43],"floor_reached":22,"playtime":560,"items_purged":["Bash","Doubt"],"score":178,"play_id":"f03d2977-248f-430c-b02e-a84d78f6479a","local_time":"20190912162702","is_ascension_mode":false,"campfire_choices":[{"data":"Flash of Steel","floor":6,"key":"SMITH"},{"data":"Whirlwind","floor":8,"key":"SMITH"},{"data":"Fire Breathing","floor":15,"key":"SMITH"}],"neow_cost":"NONE","seed_source_timestamp":2290212614835600,"circlet_count":0,"master_deck":["Fire Breathing+1","Doubt","Flash of Steel+1","Bash","Inflame","Whirlwind+1","Rage","Fire Breathing","Seeing Red","Berserk","Reaper","Rampage","Offering","Power Through","Rupture","Brutality","Bloodletting","Evolve","Bloodletting","Flex"],"relics":["Burning Blood","NeowsBlessing","Lantern","Pandora\u0027s Box","Brimstone","Bag of Marbles","Nloth\u0027s Gift"],"potions_floor_usage":[14],"damage_taken":[{"damage":0,"enemies":"Jaw Worm","floor":1,"turns":1},{"damage":0,"enemies":"Small Slimes","floor":5,"turns":1},{"damage":0,"enemies":"Cultist","floor":7,"turns":1},{"damage":0,"enemies":"Lots of Slimes","floor":10,"turns":1},{"damage":12,"enemies":"Blue Slaver","floor":11,"turns":2},{"damage":0,"enemies":"Gremlin Gang","floor":13,"turns":1},{"damage":16,"enemies":"Large Slime","floor":14,"turns":3},{"damage":48,"enemies":"Slime Boss","floor":16,"turns":8},{"damage":41,"enemies":"Chosen","floor":18,"turns":5},{"damage":23,"enemies":"3 Byrds","floor":19,"turns":4},{"damage":44,"enemies":"Shelled Parasite and Fungi","floor":22,"turns":2}],"seed_played":"609789663155063650","potions_obtained":[{"floor":1,"key":"Explosive Potion"},{"floor":10,"key":"SpeedPotion"},{"floor":16,"key":"SteroidPotion"},{"floor":19,"key":"Ancient Potion"}],"is_trial":false,"path_per_floor":["M","$","?","?","M","R","M","R","T","M","M","T","M","M","R","B",null,"M","M","$","?","M"],"character_chosen":"IRONCLAD","items_purchased":["Brimstone","Bag of Marbles"],"campfire_rested":0,"item_purchase_floors":[20,20],"current_hp_per_floor":[80,80,80,80,80,80,80,80,80,80,74,74,80,70,70,28,80,49,32,32,32,0],"gold":43,"neow_bonus":"THREE_ENEMY_KILL","is_prod":false,"is_daily":false,"chose_seed":false,"campfire_upgraded":3,"win_rate":0,"timestamp":1568320022,"path_taken":["M","$","?","?","M","R","M","R","T","?","?","?","?","M","R","BOSS","M","M","$","?","?"],"build_version":"2019-07-17","purchased_purges":2,"victory":false,"max_hp_per_floor":[80,80,80,80,80,80,80,80,80,80,80,80,80,80,80,80,80,80,80,80,80,80],"card_choices":[{"not_picked":["Metallicize","Havoc"],"picked":"Fire Breathing","floor":1},{"not_picked":["Iron Wave","Reckless Charge"],"picked":"Inflame","floor":5},{"not_picked":["Armaments","Rupture"],"picked":"Whirlwind","floor":7},{"not_picked":["Clothesline","Warcry"],"picked":"Rage","floor":10},{"not_picked":["Combust","Perfected Strike"],"picked":"Fire Breathing","floor":11},{"not_picked":["Clash","Headbutt"],"picked":"Seeing Red","floor":13},{"not_picked":["Battle Trance","Reckless Charge","Perfected Strike"],"picked":"SKIP","floor":14},{"not_picked":["Dark Embrace","Bludgeon"],"picked":"Berserk","floor":16},{"not_picked":["Metallicize","Spot Weakness"],"picked":"Flex","floor":18},{"not_picked":["Heavy Blade+1","Headbutt","Perfected Strike+1"],"picked":"SKIP","floor":19}],"player_experience":392757,"relics_obtained":[{"floor":9,"key":"Tiny Chest"},{"floor":12,"key":"Lantern"}],"event_choices":[{"damage_healed":0,"gold_gain":175,"player_choice":"AGREE","damage_taken":0,"max_hp_gain":0,"max_hp_loss":0,"event_name":"Liars Game","floor":3,"gold_loss":0,"cards_obtained":["Doubt"]},{"damage_healed":0,"gold_gain":0,"player_choice":"3 cards matched","damage_taken":0,"max_hp_gain":0,"max_hp_loss":0,"event_name":"Match and Keep!","floor":4,"gold_loss":0,"cards_obtained":["Doubt","Flash of Steel","Bash"]},{"damage_healed":0,"gold_gain":0,"player_choice":"Traded Relic","damage_taken":0,"relics_obtained":["Nloth\u0027s Gift"],"max_hp_gain":0,"max_hp_loss":0,"event_name":"N\u0027loth","floor":21,"relics_lost":["Tiny Chest"],"gold_loss":0}],"is_beta":false,"boss_relics":[{"not_picked":["Black Blood","Runic Pyramid"],"picked":"Pandora\u0027s Box"}],"items_purged_floors":[2,20],"is_endless":false,"potions_floor_spawned":[1,10,16,19],"killed_by":"Shelled Parasite and Fungi","ascension_level":0}