{"gold_per_floor":[10,10,29,48,65,65,97,97,97,114,114,114,127,52,52,149,149,149,149,149,149],"floor_reached":21,"playtime":660,"items_purged":["Strike_R"],"score":260,"play_id":"7d1323e8-d4ca-4109-a0dc-37dd716f7dc2","local_time":"20181018130956","is_ascension_mode":true,"campfire_choices":[{"data":"Uppercut","floor":6,"key":"SMITH"},{"floor":12,"key":"REST"},{"data":"Armaments","floor":15,"key":"SMITH"}],"neow_cost":"NO_GOLD","seed_source_timestamp":942521449515699,"circlet_count":0,"master_deck":["Strike_R","Strike_R","Strike_R","Defend_R","Defend_R","Defend_R","Bash","Pommel Strike","Uppercut+1","Twin Strike","Sword Boomerang","Whirlwind","Armaments+1","Reaper"],"relics":["Burning Blood","Ice Cream","NlothsMask","Dodecahedron","Ectoplasm","Enchiridion","Charon\u0027s Ashes","Self Forming Clay"],"potions_floor_usage":[16,16,20,20,20],"damage_taken":[{"damage":17,"enemies":"Small Slimes","floor":1,"turns":4},{"damage":13,"enemies":"Jaw Worm","floor":3,"turns":4},{"damage":6,"enemies":"Cultist","floor":4,"turns":3},{"damage":21,"enemies":"Lots of Slimes","floor":5,"turns":6},{"damage":15,"enemies":"Gremlin Nob","floor":7,"turns":4},{"damage":23,"enemies":"Exordium Wildlife","floor":10,"turns":5},{"damage":8,"enemies":"Gremlin Gang","floor":13,"turns":2},{"damage":32,"enemies":"The Guardian","floor":16,"turns":15},{"damage":10,"enemies":"3 Byrds","floor":18,"turns":5},{"damage":24,"enemies":"Colosseum Slavers","floor":20,"turns":3},{"damage":47,"enemies":"Colosseum Nobs","floor":20,"turns":5},{"damage":10,"enemies":"Shell Parasite","floor":21,"turns":2}],"seed_played":"1396594214981751320","potions_obtained":[{"floor":4,"key":"Dexterity Potion"},{"floor":7,"key":"Block Potion"},{"floor":10,"key":"BloodPotion"},{"floor":16,"key":"Strength Potion"},{"floor":18,"key":"Explosive Potion"}],"is_trial":false,"path_per_floor":["M","?","M","M","M","R","E","?","T","M","?","R","M","$","R","B",null,"M","?","?"],"character_chosen":"IRONCLAD","items_purchased":[],"campfire_rested":1,"item_purchase_floors":[],"current_hp_per_floor":[61,61,54,54,39,39,30,30,30,13,10,34,32,32,32,14,64,68,52,10,0],"gold":149,"neow_bonus":"REMOVE_TWO","is_prod":false,"is_daily":false,"chose_seed":false,"campfire_upgraded":2,"win_rate":0,"timestamp":1539882596,"path_taken":["M","?","?","M","M","R","E","?","T","M","?","R","M","?","R","BOSS","M","?","?","?"],"build_version":"2018-10-17v3","purchased_purges":1,"victory":false,"max_hp_per_floor":[80,80,80,80,80,80,80,80,80,80,80,80,80,80,80,80,80,80,80,80,80],"card_choices":[{"not_picked":["Warcry","Clash"],"picked":"Pommel Strike","floor":1},{"not_picked":["Havoc","Iron Wave"],"picked":"Uppercut","floor":3},{"not_picked":["Armaments","True Grit"],"picked":"Twin Strike","floor":4},{"not_picked":["True Grit","Rupture"],"picked":"Sword Boomerang","floor":5},{"not_picked":["Second Wind","Twin Strike"],"picked":"Whirlwind","floor":7},{"not_picked":["Iron Wave","Flex","Corruption"],"picked":"SKIP","floor":10},{"not_picked":["True Grit","Clothesline"],"picked":"Armaments","floor":13},{"not_picked":["Impervious","Fiend Fire"],"picked":"Reaper","floor":16},{"not_picked":["Infernal Blade","Anger","Burning Pact"],"picked":"SKIP","floor":18}],"player_experience":926843,"relics_obtained":[{"floor":7,"key":"Ice Cream"},{"floor":19,"key":"Enchiridion"},{"floor":20,"key":"Charon\u0027s Ashes"},{"floor":20,"key":"Self Forming Clay"}],"event_choices":[{"damage_healed":0,"gold_gain":0,"player_choice":"Leave","damage_taken":0,"max_hp_gain":0,"max_hp_loss":0,"event_name":"The Cleric","floor":2,"gold_loss":0},{"damage_healed":0,"gold_gain":0,"player_choice":"Trade","damage_taken":0,"relics_obtained":["NlothsMask"],"max_hp_gain":0,"max_hp_loss":0,"event_name":"FaceTrader","floor":8,"gold_loss":0},{"damage_healed":0,"gold_gain":0,"player_choice":"Success","damage_taken":3,"relics_obtained":["Dodecahedron"],"max_hp_gain":0,"max_hp_loss":0,"event_name":"Scrap Ooze","floor":11,"gold_loss":0},{"damage_healed":0,"gold_gain":0,"player_choice":"Obtained Book","damage_taken":16,"max_hp_gain":0,"max_hp_loss":0,"event_name":"Cursed Tome","floor":19,"gold_loss":0},{"damage_healed":0,"gold_gain":0,"player_choice":"Fight","damage_taken":0,"max_hp_gain":0,"max_hp_loss":0,"event_name":"Colosseum","floor":20,"gold_loss":0},{"damage_healed":0,"gold_gain":0,"player_choice":"Fought Nobs","damage_taken":0,"max_hp_gain":0,"max_hp_loss":0,"event_name":"Colosseum","floor":20,"gold_loss":0}],"is_beta":true,"boss_relics":[{"not_picked":["Snecko Eye","Pandora\u0027s Box"],"picked":"Ectoplasm"}],"items_purged_floors":[14],"is_endless":false,"potions_floor_spawned":[4,7,10,13,16,18],"killed_by":"Shell Parasite","ascension_level":9}