{"path_per_floor":["M","M","$","?","M","E","?","E","T","R","M","E","M","M","R","B",null,"M","?","$","M","?","E","M","M","T","E","?","E","R","E","R","B",null,"M","?","?","?","$","R","E","R","T","?","M","E","$","E","R","B"],"character_chosen":"IRONCLAD","items_purchased":["Apotheosis","Paper Frog","Ancient Tea Set","Ghostly Armor","Body Slam","Trip","Magnetism"],"gold_per_floor":[211,228,31,31,46,80,107,142,142,142,156,187,206,222,222,322,322,341,341,18,38,38,67,86,97,97,127,127,155,155,183,183,285,285,299,299,299,299,72,72,107,107,107,107,127,454,21,56,56,56],"floor_reached":51,"campfire_rested":2,"playtime":4843,"current_hp_per_floor":[68,63,63,47,47,29,10,10,20,20,29,26,21,27,54,44,79,85,85,85,87,87,63,65,67,67,38,38,33,33,18,45,38,77,54,54,90,90,90,90,90,90,90,90,90,90,90,66,66,28],"items_purged":["Defend_R","Strike_R"],"gold":56,"score":1401,"play_id":"129daee7-b2d2-4eda-82a0-b9c5eadfddf0","local_time":"20180509175301","is_prod":false,"is_daily":false,"chose_seed":false,"is_ascension_mode":true,"campfire_upgraded":5,"timestamp":1525913581,"path_taken":["M","M","$","?","M","E","?","E","T","R","M","E","M","M","R","BOSS","M","?","?","M","?","E","M","?","T","E","?","E","R","E","R","BOSS","M","?","?","?","$","R","E","R","T","?","M","E","$","E","R","BOSS"],"build_version":"2018-05-08","seed_source_timestamp":367204333264334,"purchased_purges":2,"victory":true,"master_deck":["Strike_R+1","Strike_R+1","Strike_R+1","Defend_R","Defend_R","Defend_R","Bash+1","AscendersBane","Clothesline","Evolve","Apotheosis+1","True Grit","Flame Barrier","Thunderclap","Infernal Blade","Inflame","Dark Embrace","True Grit","Offering","Cleave","Whirlwind","Pummel","Carnage","Spot Weakness","Intimidate","Searing Blow+5","Exhume","Havoc","Barricade","Ghostly Armor","Demon Form","True Grit+1","Body Slam","Trip+1","Magnetism","Armaments+1"],"max_hp_per_floor":[80,80,80,80,80,80,80,80,90,90,90,90,90,90,90,90,90,90,90,90,90,90,90,90,90,90,90,90,90,90,90,90,90,90,90,90,90,90,90,90,90,90,90,90,90,90,90,97,97,97],"relics":["Burning Blood","Bottled Lightning","Odd Mushroom","Shuriken","Pear","Dream Catcher","Sozu","Paper Frog","Bottled Flame","Thread and Needle","Omamori","Bag of Marbles","Whetstone","Black Star","Ancient Tea Set","Letter Opener","Toxic Egg 2","Meat on the Bone","Old Coin","Du-Vu Doll","Strawberry","Orichalcum"],"card_choices":[{"not_picked":["Sword Boomerang","Feel No Pain"],"picked":"Clothesline","floor":1},{"not_picked":["Clash","Flex"],"picked":"Evolve","floor":2},{"not_picked":["Sword Boomerang","Hemokinesis"],"picked":"True Grit","floor":6},{"not_picked":["Perfected Strike","Heavy Blade"],"picked":"Havoc","floor":7},{"not_picked":["Sword Boomerang","Cleave"],"picked":"Flame Barrier","floor":8},{"not_picked":["Twin Strike","Clothesline"],"picked":"Thunderclap","floor":11},{"not_picked":["Sever Soul","Iron Wave"],"picked":"Infernal Blade","floor":12},{"not_picked":["Corruption","Flex"],"picked":"Inflame","floor":13},{"not_picked":["Sever Soul","Anger"],"picked":"Dark Embrace","floor":14},{"not_picked":["Flex","Havoc"],"picked":"True Grit","floor":15},{"not_picked":["Exhume","Berserk"],"picked":"Offering","floor":16},{"not_picked":["Clash","Dropkick"],"picked":"Cleave","floor":18},{"not_picked":["Burning Pact","Sever Soul"],"picked":"Pummel","floor":21},{"not_picked":["Burning Pact","Flex"],"picked":"Carnage","floor":23},{"not_picked":["True Grit","Warcry"],"picked":"Spot Weakness","floor":24},{"not_picked":["Evolve","Infernal Blade"],"picked":"Intimidate","floor":25},{"not_picked":["Uppercut","Twin Strike"],"picked":"Searing Blow","floor":27},{"not_picked":["Inflame","Rampage"],"picked":"Exhume","floor":31},{"not_picked":["Anger","Body Slam"],"picked":"Havoc","floor":32},{"not_picked":["Impervious","Brutality"],"picked":"Barricade","floor":33},{"not_picked":["Clash","Sentinel"],"picked":"Demon Form","floor":41},{"not_picked":["Iron Wave","Headbutt"],"picked":"True Grit","floor":45},{"not_picked":["Inflame","Juggernaut"],"picked":"Armaments","floor":48}],"player_experience":636849,"potions_floor_usage":[7,8,11,31,50],"damage_taken":[{"damage":10,"enemies":"Cultist","floor":1,"turns":4},{"damage":11,"enemies":"Jaw Worm","floor":2,"turns":4},{"damage":6,"enemies":"2 Louse","floor":5,"turns":2},{"damage":24,"enemies":"Lagavulin","floor":6,"turns":10},{"damage":25,"enemies":"The Mushroom Lair","floor":7,"turns":7},{"damage":6,"enemies":"Gremlin Nob","floor":8,"turns":4},{"damage":6,"enemies":"Large Slime","floor":11,"turns":8},{"damage":9,"enemies":"3 Sentries","floor":12,"turns":6},{"damage":11,"enemies":"Looter","floor":13,"turns":3},{"damage":0,"enemies":"3 Louse","floor":14,"turns":2},{"damage":16,"enemies":"The Guardian","floor":16,"turns":14},{"damage":0,"enemies":"3 Byrds","floor":18,"turns":2},{"damage":4,"enemies":"Spheric Guardian","floor":21,"turns":2},{"damage":30,"enemies":"Gremlin Leader","floor":23,"turns":5},{"damage":4,"enemies":"3 Cultists","floor":24,"turns":3},{"damage":4,"enemies":"Snake Plant","floor":25,"turns":2},{"damage":35,"enemies":"Slavers","floor":27,"turns":5},{"damage":11,"enemies":"Book of Stabbing","floor":29,"turns":5},{"damage":21,"enemies":"Slavers","floor":31,"turns":3},{"damage":13,"enemies":"Collector","floor":33,"turns":5},{"damage":29,"enemies":"3 Shapes","floor":35,"turns":4},{"damage":6,"enemies":"Nemesis","floor":41,"turns":7},{"damage":4,"enemies":"3 Darklings","floor":45,"turns":4},{"damage":4,"enemies":"Giant Head","floor":46,"turns":7},{"damage":37,"enemies":"2 Orb Walkers","floor":48,"turns":5},{"damage":56,"enemies":"Awakened One","floor":50,"turns":9}],"event_choices":[{"event_name":"Shining Light","player_choice":"Entered Light","floor":4,"damage_taken":0},{"event_name":"Mushrooms","player_choice":"Fought Mushrooms","floor":7,"damage_taken":0},{"event_name":"The Library","player_choice":"Read","floor":19,"damage_taken":0},{"event_name":"Ghosts","player_choice":"Ignored","floor":22,"damage_taken":0},{"event_name":"Back to Basics","player_choice":"Elegance","floor":28,"damage_taken":0},{"event_name":"Wheel of Change","player_choice":"Full Heal","floor":37,"damage_taken":0},{"event_name":"Accursed Blacksmith","player_choice":"Forge","floor":38,"damage_taken":0},{"event_name":"Tomb of Lord Red Mask","player_choice":"Ignored","floor":44,"damage_taken":0}],"boss_relics":[{"not_picked":["Runic Pyramid","Pandora\u0027s Box"],"picked":"Sozu"},{"not_picked":["Astrolabe","White Beast Statue"],"picked":"Black Star"}],"potions_floor_spawned":[2,6,7,13,16,18,25,27,31,35,45,48],"seed_played":"1085954540430225885","ascension_level":12,"is_trial":false}