{"gold_per_floor":[111,286,335,7,7,41,53,28,97,128,140,171,171,203,203,306,306,318,336,336,27,27,27,60,60,110,110,144,154,184,184],"floor_reached":31,"playtime":2938,"items_purged":["Doubt"],"score":569,"play_id":"ce9a01bc-1e12-47db-b8e6-68b16fc9e8cc","local_time":"20190806220945","is_ascension_mode":true,"campfire_choices":[{"floor":13.0,"key":"REST"},{"floor":15.0,"key":"REST"},{"data":"Malaise","floor":23.0,"key":"SMITH"},{"data":"Footwork","floor":25.0,"key":"SMITH"},{"data":"Malaise","floor":27.0,"key":"SMITH"}],"neow_cost":"NONE","seed_source_timestamp":1792356752876771,"circlet_count":0,"master_deck":["AscendersBane","Strike_G+1","Strike_G+1","Strike_G+1","Strike_G+1","Strike_G+1","Defend_G+1","Defend_G+1","Defend_G+1","Defend_G+1","Defend_G+1","Survivor","Neutralize","Footwork+1","Dodge and Roll","Deadly Poison","Deflect","Poisoned Stab","Malaise+1","Dagger Spray+1","Adrenaline","Reflex+1","Well Laid Plans","Malaise+1","Blur","Well Laid Plans","Pain","Backflip+1","Tactician+1","Calculated Gamble","Prepared+1"],"special_seed":0,"relics":["Ring of the Snake","NeowsBlessing","Ancient Tea Set","Question Card","Juzu Bracelet","Tingsha","Mummified Hand","Whetstone","Letter Opener","Molten Egg 2","Velvet Choker","DollysMirror","WarpedTongs","Orichalcum","Omamori","Pantograph","Kunai"],"potions_floor_usage":[],"damage_taken":[{"damage":0.0,"enemies":"Jaw Worm","floor":1.0,"turns":1.0},{"damage":0.0,"enemies":"Gremlin Nob","floor":6.0,"turns":1.0},{"damage":0.0,"enemies":"Cultist","floor":7.0,"turns":1.0},{"damage":26.0,"enemies":"Lagavulin","floor":10.0,"turns":11.0},{"damage":0.0,"enemies":"2 Louse","floor":11.0,"turns":3.0},{"damage":18.0,"enemies":"3 Sentries","floor":12.0,"turns":10.0},{"damage":27.0,"enemies":"Gremlin Nob","floor":14.0,"turns":7.0},{"damage":11.0,"enemies":"Hexaghost","floor":16.0,"turns":13.0},{"damage":16.0,"enemies":"Chosen","floor":18.0,"turns":7.0},{"damage":6.0,"enemies":"Shell Parasite","floor":19.0,"turns":6.0},{"damage":2.0,"enemies":"Book of Stabbing","floor":24.0,"turns":9.0},{"damage":27,"enemies":"Slavers","floor":28,"turns":9},{"damage":2,"enemies":"Cultist and Chosen","floor":29,"turns":10},{"damage":2,"enemies":"Book of Stabbing","floor":30,"turns":9},{"damage":5,"enemies":"3 Cultists","floor":31,"turns":2}],"seed_played":"-9214432212962367524","potions_obtained":[{"floor":1.0,"key":"Ancient Potion"},{"floor":6.0,"key":"AttackPotion"},{"floor":12.0,"key":"Energy Potion"}],"is_trial":false,"path_per_floor":["M","?","T","$","?","E","M","$","T","E","M","E","R","E","R","B",null,"M","M","?","$","?","R","E","R","T","R","E","M","E","M"],"character_chosen":"THE_SILENT","items_purchased":["Question Card","Deadly Poison","DollysMirror","Blur","Well Laid Plans"],"campfire_rested":2,"item_purchase_floors":[4,8,21,21,21],"current_hp_per_floor":[63,63,63,63,56,56,56,56,56,30,30,12,33,6,27,16,57,41,35,35,35,35,35,33,33,33,33,6,4,2,0],"gold":184,"neow_bonus":"THREE_ENEMY_KILL","is_prod":false,"is_daily":false,"chose_seed":false,"campfire_upgraded":3,"win_rate":0,"timestamp":1565154585,"path_taken":["M","?","?","$","?","E","M","?","T","E","M","E","R","E","R","BOSS","M","M","?","$","?","R","E","R","T","R","E","M","E","M"],"build_version":"2019-07-17","purchased_purges":1,"victory":false,"max_hp_per_floor":[70,70,70,70,70,70,70,70,70,70,70,70,70,70,70,70,70,70,70,70,70,70,70,70,70,70,70,70,70,70,70],"card_choices":[{"not_picked":["Prepared","Expertise","Underhanded Strike"],"picked":"SKIP","floor":1.0},{"not_picked":["Deflect","Dagger Throw","Deadly Poison"],"picked":"Footwork","floor":6.0},{"not_picked":["Cloak And Dagger","Quick Slash","Flechettes"],"picked":"Dodge and Roll","floor":7.0},{"not_picked":["Underhanded Strike","Expertise","Bane"],"picked":"Deflect","floor":10.0},{"not_picked":["Heel Hook","Distraction","Prepared"],"picked":"Poisoned Stab","floor":11.0},{"not_picked":["Endless Agony","Backflip","Well Laid Plans"],"picked":"Malaise","floor":12.0},{"not_picked":["Reflex","Masterful Stab","Cloak And Dagger"],"picked":"Dagger Spray","floor":14.0},{"not_picked":["Wraith Form v2","Envenom","Phantasmal Killer"],"picked":"Adrenaline","floor":16.0},{"not_picked":["Slice+1","Sucker Punch+1","Prepared"],"picked":"Reflex+1","floor":18.0},{"not_picked":["Choke+1","Dagger Spray+1","Flechettes+1"],"picked":"Well Laid Plans","floor":19.0},{"not_picked":["All Out Attack+1","Infinite Blades+1","Flechettes+1"],"picked":"Backflip+1","floor":24.0},{"not_picked":["Deflect","Sucker Punch+1","Backflip"],"picked":"Tactician+1","floor":28},{"not_picked":["Deadly Poison","Sucker Punch+1","Outmaneuver+1"],"picked":"Calculated Gamble","floor":29},{"not_picked":["Distraction","Storm of Steel","Backflip"],"picked":"Prepared+1","floor":30}],"player_experience":614780,"relics_obtained":[{"floor":3.0,"key":"Ancient Tea Set"},{"floor":6.0,"key":"Tingsha"},{"floor":9.0,"key":"Mummified Hand"},{"floor":10.0,"key":"Whetstone"},{"floor":12.0,"key":"Letter Opener"},{"floor":14.0,"key":"Molten Egg 2"},{"floor":24.0,"key":"Orichalcum"},{"floor":26.0,"key":"Omamori"},{"floor":28,"key":"Pantograph"},{"floor":30,"key":"Kunai"}],"event_choices":[{"damage_healed":0.0,"max_hp_gain":0.0,"max_hp_loss":0.0,"gold_gain":175.0,"event_name":"Liars Game","player_choice":"AGREE","floor":2.0,"gold_loss":0.0,"damage_taken":0.0,"cards_obtained":["Doubt"]},{"damage_healed":0.0,"max_hp_gain":0.0,"max_hp_loss":0.0,"gold_gain":0.0,"event_name":"Scrap Ooze","player_choice":"Success","floor":5.0,"gold_loss":0.0,"damage_taken":7.0,"relics_obtained":["Juzu Bracelet"]},{"damage_healed":0.0,"max_hp_gain":0.0,"max_hp_loss":0.0,"gold_gain":0.0,"event_name":"Back to Basics","player_choice":"Simplicity","floor":20.0,"gold_loss":0.0,"damage_taken":0.0,"cards_upgraded":["Strike_G","Strike_G","Strike_G","Defend_G","Defend_G","Defend_G","Defend_G","Defend_G"]},{"damage_healed":0.0,"max_hp_gain":0.0,"max_hp_loss":0.0,"gold_gain":0.0,"event_name":"Accursed Blacksmith","player_choice":"Rummage","floor":22.0,"gold_loss":0.0,"damage_taken":0.0,"relics_obtained":["WarpedTongs"],"cards_obtained":["Pain"]}],"is_beta":false,"boss_relics":[{"not_picked":["Orrery","Tiny House"],"picked":"Velvet Choker"}],"items_purged_floors":[4],"is_endless":false,"potions_floor_spawned":[1,6,12],"killed_by":"3 Cultists","ascension_level":11}