{"gold_per_floor":[19,31,43,25,37,37,37,37,37,37,63,63,79,79,79,177,177,189,189,189,189,204,61,61,95,95,113,113,28,45,65,65,167,167,185,185,85,100,200,200,200,212,212,212,231,231,256,273,273,273],"floor_reached":51,"playtime":2325,"items_purged":["Strike_B","Defend_B"],"score":1119,"play_id":"3889b5eb-0f56-44be-a52e-2295f3cd3ee8","local_time":"20190102094724","is_ascension_mode":true,"campfire_choices":[{"data":"Consume","floor":6.0,"key":"SMITH"},{"data":"Buffer","floor":8.0,"key":"SMITH"},{"floor":12.0,"key":"REST"},{"data":"Dualcast","floor":15.0,"key":"SMITH"},{"data":"Zap","floor":24.0,"key":"SMITH"},{"data":"Leap","floor":28.0,"key":"SMITH"},{"floor":32,"key":"REST"},{"floor":40,"key":"REST"},{"floor":46,"key":"REST"},{"floor":49,"key":"REST"}],"neow_cost":"NO_GOLD","seed_source_timestamp":1092524721744172,"circlet_count":0,"master_deck":["AscendersBane","Defend_B","Defend_B","Defend_B","Zap+1","Dualcast+1","Consume+1","Buffer+1","Leap+1","Electrodynamics+1","Reinforced Body+1","Self Repair+1","Creative AI+1","Auto Shields+1","Electrodynamics+1","Echo Form+1","Creative AI+1"],"special_seed":0,"relics":["Cracked Core","Frozen Egg 2","Eternal Feather","Nloth\u0027s Gift","Pear","Calipers","Singing Bowl","Inserter","Prayer Wheel","Mummified Hand","Strawberry"],"potions_floor_usage":[33,33,50,50],"damage_taken":[{"damage":0.0,"enemies":"2 Louse","floor":1.0,"turns":2.0},{"damage":8.0,"enemies":"Jaw Worm","floor":2.0,"turns":4.0},{"damage":12.0,"enemies":"Small Slimes","floor":3.0,"turns":3.0},{"damage":18.0,"enemies":"Exordium Thugs","floor":4.0,"turns":4.0},{"damage":4.0,"enemies":"Large Slime","floor":5.0,"turns":6.0},{"damage":0.0,"enemies":"Blue Slaver","floor":13.0,"turns":4.0},{"damage":12.0,"enemies":"Slime Boss","floor":16.0,"turns":17.0},{"damage":9.0,"enemies":"3 Byrds","floor":18.0,"turns":2.0},{"damage":18.0,"enemies":"Chosen","floor":22.0,"turns":5.0},{"damage":9.0,"enemies":"Gremlin Leader","floor":25.0,"turns":7.0},{"damage":17.0,"enemies":"Snecko","floor":27.0,"turns":49.0},{"damage":33,"enemies":"Shelled Parasite and Fungi","floor":30,"turns":11},{"damage":12,"enemies":"Snake Plant","floor":31,"turns":6},{"damage":31,"enemies":"Automaton","floor":33,"turns":13},{"damage":42,"enemies":"Orb Walker","floor":35,"turns":7},{"damage":13,"enemies":"3 Shapes","floor":38,"turns":3},{"damage":15,"enemies":"Mind Bloom Boss Battle","floor":39,"turns":8},{"damage":16,"enemies":"Sphere and 2 Shapes","floor":42,"turns":4},{"damage":28,"enemies":"Jaw Worm Horde","floor":45,"turns":3},{"damage":19,"enemies":"Nemesis","floor":47,"turns":9},{"damage":12,"enemies":"4 Shapes","floor":48,"turns":4},{"damage":38,"enemies":"Donu and Deca","floor":50,"turns":7}],"seed_played":"701866954749521684","potions_obtained":[{"floor":1.0,"key":"EssenceOfSteel"},{"floor":2.0,"key":"SkillPotion"},{"floor":13.0,"key":"Block Potion"},{"floor":18.0,"key":"FocusPotion"},{"floor":30,"key":"Explosive Potion"},{"floor":31,"key":"Block Potion"},{"floor":35,"key":"FocusPotion"},{"floor":42,"key":"FocusPotion"}],"is_trial":false,"path_per_floor":["M","M","M","M","M","R","$","R","T","?","T","R","M","?","R","B",null,"M","$","?","?","M","$","R","E","T","M","R","?","M","M","R","B",null,"M","?","$","M","?","R","?","M","T","?","M","R","E","M","R","B",null],"character_chosen":"DEFECT","items_purchased":["Self Repair+1"],"campfire_rested":5,"item_purchase_floors":[23],"current_hp_per_floor":[68,60,48,30,26,26,26,26,26,26,26,48,48,41,41,29,64,55,55,55,55,37,37,43,54,54,47,53,53,30,30,65,54,79,49,49,49,48,45,81,81,77,77,77,53,90,90,80,105,67],"gold":273,"neow_bonus":"REMOVE_TWO","is_prod":false,"is_daily":false,"chose_seed":false,"campfire_upgraded":5,"win_rate":0,"timestamp":1546418844,"path_taken":["M","M","M","M","M","R","$","R","T","?","?","R","M","?","R","BOSS","M","$","?","?","?","$","R","E","T","M","R","?","M","M","R","BOSS","M","?","$","M","?","R","?","M","T","?","M","R","E","M","R","BOSS"],"build_version":"2018-12-20","purchased_purges":2,"victory":true,"max_hp_per_floor":[75,75,75,75,75,75,75,75,75,75,75,75,75,75,75,75,75,75,75,75,75,75,75,75,85,85,85,85,85,85,87,87,87,87,89,89,89,91,93,93,88,90,90,90,94,94,103,105,105,105],"card_choices":[{"not_picked":["Go for the Eyes","Hello World"],"picked":"Consume","floor":1.0},{"not_picked":["Rip and Tear","Sweeping Beam","FTL"],"picked":"SKIP","floor":2.0},{"not_picked":["Conserve Battery","Compile Driver","Cold Snap"],"picked":"SKIP","floor":3.0},{"not_picked":["Barrage","Compile Driver"],"picked":"Buffer","floor":4.0},{"not_picked":["Gash","Skim","Rebound"],"picked":"SKIP","floor":5.0},{"not_picked":["Conserve Battery","Barrage"],"picked":"Leap","floor":13.0},{"not_picked":["Core Surge","Echo Form+1"],"picked":"Electrodynamics+1","floor":16.0},{"not_picked":["Coolheaded","Barrage","Force Field"],"picked":"SKIP","floor":18.0},{"not_picked":["Turbo","Go for the Eyes"],"picked":"Reinforced Body+1","floor":22.0},{"not_picked":["Sweeping Beam","Coolheaded"],"picked":"Creative AI+1","floor":25.0},{"not_picked":["Hello World+1","Go for the Eyes","Darkness"],"picked":"SKIP","floor":27.0},{"not_picked":["Ball Lightning","Hologram"],"picked":"Auto Shields+1","floor":30},{"not_picked":["Compile Driver","Rip and Tear","Storm+1"],"picked":"Singing Bowl","floor":31},{"not_picked":["All For One","Multi-Cast"],"picked":"Electrodynamics+1","floor":33},{"not_picked":["Cold Snap","Beam Cell","Steam"],"picked":"Singing Bowl","floor":35},{"not_picked":["Doom and Gloom+1","FTL","Glacier"],"picked":"Singing Bowl","floor":38},{"not_picked":["Cold Snap","Beam Cell+1","Seek"],"picked":"Singing Bowl","floor":39},{"not_picked":["Steam+1","Ball Lightning","Aggregate"],"picked":"Singing Bowl","floor":42},{"not_picked":["Consume","Turbo+1"],"picked":"Echo Form+1","floor":42},{"not_picked":["Blizzard","Sunder","Sweeping Beam"],"picked":"Singing Bowl","floor":45},{"not_picked":["Barrage","Steam","Reprogram+1"],"picked":"Singing Bowl","floor":45},{"not_picked":["Stack","Reboot","Compile Driver+1"],"picked":"Singing Bowl","floor":47},{"not_picked":["Conserve Battery","Stack+1","Hologram"],"picked":"Singing Bowl","floor":48},{"not_picked":["Doom and Gloom","Coolheaded+1"],"picked":"Creative AI+1","floor":48}],"player_experience":386423,"relics_obtained":[{"floor":9.0,"key":"Frozen Egg 2"},{"floor":11.0,"key":"Dream Catcher"},{"floor":25.0,"key":"Pear"},{"floor":26.0,"key":"Calipers"},{"floor":39,"key":"Prayer Wheel"},{"floor":43,"key":"Mummified Hand"},{"floor":47,"key":"Strawberry"}],"event_choices":[{"damage_healed":0.0,"max_hp_gain":0.0,"max_hp_loss":0.0,"gold_gain":0.0,"event_name":"Dead Adventurer","player_choice":"Searched \u00270\u0027 times","floor":10.0,"gold_loss":0.0,"damage_taken":0.0},{"cards_removed":["Strike_B"],"damage_healed":0.0,"max_hp_gain":0.0,"max_hp_loss":0.0,"gold_gain":0.0,"event_name":"Golden Wing","player_choice":"Card Removal","floor":14.0,"gold_loss":0.0,"damage_taken":7.0},{"damage_healed":0.0,"max_hp_gain":0.0,"max_hp_loss":0.0,"gold_gain":0.0,"event_name":"Vampires","player_choice":"Ignored","floor":20.0,"gold_loss":0.0,"damage_taken":0.0},{"damage_healed":0.0,"max_hp_gain":0.0,"max_hp_loss":0.0,"gold_gain":0.0,"event_name":"N\u0027loth","player_choice":"Traded Relic","floor":21.0,"relics_lost":["Dream Catcher"],"gold_loss":0.0,"damage_taken":0.0,"relics_obtained":["Nloth\u0027s Gift"]},{"damage_healed":0.0,"max_hp_gain":0.0,"max_hp_loss":0.0,"gold_gain":0.0,"event_name":"Addict","player_choice":"Obtained Relic","floor":29.0,"gold_loss":85.0,"damage_taken":0.0,"relics_obtained":["Singing Bowl"]},{"damage_healed":0,"gold_gain":0,"player_choice":"Ignored","damage_taken":0,"max_hp_gain":0,"max_hp_loss":0,"event_name":"Mysterious Sphere","floor":36,"gold_loss":0},{"damage_healed":0,"gold_gain":0,"player_choice":"Fight","damage_taken":0,"max_hp_gain":0,"max_hp_loss":0,"event_name":"MindBloom","floor":39,"gold_loss":0},{"damage_healed":0,"gold_gain":0,"player_choice":"Max HP","damage_taken":0,"max_hp_gain":0,"max_hp_loss":5,"event_name":"Winding Halls","floor":41,"gold_loss":0},{"damage_healed":0,"gold_gain":0,"player_choice":"Ignored","damage_taken":0,"max_hp_gain":0,"max_hp_loss":0,"event_name":"Tomb of Lord Red Mask","floor":44,"gold_loss":0}],"is_beta":false,"boss_relics":[{"not_picked":["Runic Dome","Cursed Key"],"picked":"Eternal Feather"},{"not_picked":["Orrery","Snecko Eye"],"picked":"Inserter"}],"items_purged_floors":[23,37],"is_endless":false,"potions_floor_spawned":[1,2,13,18,30,31,35,42,47],"ascension_level":12}