{"gold_per_floor":[114,114,132,147,17,17,167,167,167,179,196,214,14,25,25,102,102,121,121,121,121,131,131,181,196,196,251,271,0,0,11,11,11],"floor_reached":33,"playtime":1266,"items_purged":["Strike_B+1"],"score":418,"play_id":"c8050d85-d3ca-4af1-aa42-89039bc08bc9","local_time":"20190103142702","is_ascension_mode":true,"campfire_choices":[{"data":"Genetic Algorithm","floor":6.0,"key":"SMITH"},{"data":"Zap","floor":8.0,"key":"SMITH"},{"data":"Hologram","floor":15.0,"key":"SMITH"},{"floor":23.0,"key":"REST"},{"data":"Biased Cognition","floor":30,"key":"SMITH"},{"data":"Leap","floor":32,"key":"SMITH"}],"neow_cost":"NONE","seed_source_timestamp":1196857969321283,"circlet_count":0,"master_deck":["AscendersBane","Strike_B+1","Strike_B+1","Defend_B+1","Defend_B+1","Defend_B+1","Defend_B+1","Zap+1","Dualcast+1","FTL","Genetic Algorithm+1","Self Repair","Leap+1","Doubt","Hologram+1","Self Repair","Biased Cognition+1","Leap+1","Coolheaded","Hologram+1"],"special_seed":0,"relics":["Cracked Core","Turnip","Runic Capacitor","Inserter","Bottled Flame","Centennial Puzzle","Membership Card"],"potions_floor_usage":[33],"damage_taken":[{"damage":1.0,"enemies":"2 Louse","floor":1.0,"turns":2.0},{"damage":4.0,"enemies":"Small Slimes","floor":3.0,"turns":3.0},{"damage":1.0,"enemies":"Cultist","floor":4.0,"turns":3.0},{"damage":10.0,"enemies":"Exordium Thugs","floor":10.0,"turns":4.0},{"damage":0.0,"enemies":"Large Slime","floor":11.0,"turns":6.0},{"damage":7.0,"enemies":"2 Fungi Beasts","floor":12.0,"turns":4.0},{"damage":5.0,"enemies":"Exordium Thugs","floor":14.0,"turns":5.0},{"damage":27.0,"enemies":"The Guardian","floor":16.0,"turns":14.0},{"damage":28.0,"enemies":"Shell Parasite","floor":18.0,"turns":13.0},{"damage":14.0,"enemies":"Chosen","floor":22.0,"turns":6.0},{"damage":8.0,"enemies":"Snake Plant","floor":25.0,"turns":6.0},{"damage":14.0,"enemies":"Shelled Parasite and Fungi","floor":28.0,"turns":10.0},{"damage":7,"enemies":"Centurion and Healer","floor":31,"turns":11},{"damage":77,"enemies":"Collector","floor":33,"turns":11}],"seed_played":"-98249331821265192","potions_obtained":[{"floor":1.0,"key":"SneckoOil"},{"floor":11.0,"key":"GamblersBrew"},{"floor":12.0,"key":"FocusPotion"},{"floor":16.0,"key":"SneckoOil"},{"floor":18.0,"key":"Swift Potion"},{"floor":25.0,"key":"Swift Potion"},{"floor":28.0,"key":"Dexterity Potion"}],"is_trial":false,"path_per_floor":["M","?","M","M","$","R","?","R","T","M","M","M","$","M","R","B",null,"M","?","$","?","M","R","?","M","T","T","M","$","R","M","R","B"],"character_chosen":"DEFECT","items_purchased":["Self Repair","Leap","Runic Capacitor","Membership Card","Coolheaded"],"campfire_rested":1,"item_purchase_floors":[5,5,13,29,29],"current_hp_per_floor":[63,63,59,58,58,58,58,58,58,55,62,62,62,64,64,51,66,52,52,52,32,32,54,54,60,60,60,60,60,60,67,67,0],"gold":11,"neow_bonus":"UPGRADE_CARD","is_prod":false,"is_daily":false,"chose_seed":false,"campfire_upgraded":5,"win_rate":0,"timestamp":1546522022,"path_taken":["M","?","M","M","$","R","?","R","T","M","M","M","$","M","R","BOSS","M","?","$","?","M","R","?","M","T","?","M","$","R","M","R","BOSS"],"build_version":"2018-12-20","purchased_purges":1,"victory":false,"max_hp_per_floor":[71,71,71,71,71,71,71,71,71,71,71,71,71,71,71,71,71,71,71,71,76,76,76,76,76,76,76,76,76,76,76,76,76],"card_choices":[{"not_picked":["Gash","Steam"],"picked":"FTL","floor":1.0},{"not_picked":["Aggregate","Darkness"],"picked":"Genetic Algorithm","floor":3.0},{"not_picked":["Sweeping Beam","Recycle","Streamline"],"picked":"SKIP","floor":4.0},{"not_picked":["Coolheaded","FTL","Conserve Battery"],"picked":"SKIP","floor":10.0},{"not_picked":["Machine Learning","Stack"],"picked":"Hologram","floor":11.0},{"not_picked":["Conserve Battery","Rebound","Darkness"],"picked":"SKIP","floor":12.0},{"not_picked":["Gash","Sweeping Beam"],"picked":"Self Repair","floor":14.0},{"not_picked":["Multi-Cast","Amplify"],"picked":"Biased Cognition","floor":16.0},{"not_picked":["Capacitor","Aggregate","Sweeping Beam"],"picked":"SKIP","floor":18.0},{"not_picked":["Hologram","Aggregate","Leap"],"picked":"SKIP","floor":22.0},{"not_picked":["Barrage","Compile Driver"],"picked":"Leap+1","floor":25.0},{"not_picked":["Conserve Battery","Auto Shields","Gash"],"picked":"SKIP","floor":28.0},{"not_picked":["Compile Driver","Seek"],"picked":"Hologram+1","floor":31}],"player_experience":394285,"relics_obtained":[{"floor":9.0,"key":"Turnip"},{"floor":26.0,"key":"Bottled Flame"},{"floor":27.0,"key":"Centennial Puzzle"}],"event_choices":[{"cards_removed":["Strike_B"],"damage_healed":0.0,"max_hp_gain":0.0,"max_hp_loss":0.0,"gold_gain":0.0,"event_name":"Living Wall","player_choice":"Forget","floor":2.0,"gold_loss":0.0,"damage_taken":0.0},{"damage_healed":0.0,"max_hp_gain":0.0,"max_hp_loss":0.0,"gold_gain":150.0,"event_name":"Liars Game","player_choice":"AGREE","floor":7.0,"gold_loss":0.0,"damage_taken":0.0,"cards_obtained":["Doubt"]},{"damage_healed":0.0,"max_hp_gain":0.0,"max_hp_loss":0.0,"gold_gain":0.0,"event_name":"Back to Basics","player_choice":"Simplicity","floor":19.0,"gold_loss":0.0,"damage_taken":0.0,"cards_upgraded":["Strike_B","Strike_B","Strike_B","Defend_B","Defend_B","Defend_B","Defend_B"]},{"damage_healed":0.0,"max_hp_gain":5.0,"max_hp_loss":0.0,"gold_gain":0.0,"event_name":"Forgotten Altar","player_choice":"Shed Blood","floor":21.0,"gold_loss":0.0,"damage_taken":25.0},{"damage_healed":0.0,"max_hp_gain":0.0,"max_hp_loss":0.0,"gold_gain":50.0,"event_name":"Nest","player_choice":"Stole From Cult","floor":24.0,"gold_loss":0.0,"damage_taken":0.0}],"is_beta":false,"boss_relics":[{"not_picked":["Pandora\u0027s Box","Coffee Dripper"],"picked":"Inserter"}],"items_purged_floors":[29],"is_endless":false,"potions_floor_spawned":[1,11,12,14,16,18,25,28],"killed_by":"Collector","ascension_level":15}