{"gold_per_floor":[118,138,164,126,152,196,219,231,243,255,267,289,327,349,361,476,488,512,524,549,571,602,614],"floor_reached":23,"playtime":2095,"items_purged":[],"score":205,"play_id":"ee8facea-3d35-4953-94df-f8ae5e0558ed","local_time":"20190202212936","is_ascension_mode":false,"campfire_choices":[{"data":"Defragment","floor":8.0,"key":"SMITH"},{"data":"Hologram","floor":11.0,"key":"SMITH"},{"data":"Redo","floor":15.0,"key":"SMITH"}],"neow_cost":"NONE","seed_source_timestamp":89359697528922,"circlet_count":0,"master_deck":["Strike_B","Strike_B","Strike_B","Defend_B","Defend_B","Defend_B","Defend_B","Zap+1","Dualcast","FTL","Conserve Battery","Defragment+1","Ball Lightning","Redo+1","Rainbow","Capacitor","Seek","Leap","Iron Wave","Beam Cell+1","Auto Shields","Coolheaded+1"],"special_seed":0,"relics":["Cracked Core","MawBank","Omamori","Darkstone Periapt","Lantern","Nuclear Battery"],"potions_floor_usage":[23],"damage_taken":[{"damage":1.0,"enemies":"Cultist","floor":1.0,"turns":3.0},{"damage":1.0,"enemies":"2 Louse","floor":2.0,"turns":2.0},{"damage":1.0,"enemies":"Jaw Worm","floor":5.0,"turns":3.0},{"damage":24.0,"enemies":"Lagavulin","floor":6.0,"turns":7.0},{"damage":10.0,"enemies":"Exordium Thugs","floor":7.0,"turns":4.0},{"damage":0.0,"enemies":"Exordium Wildlife","floor":12.0,"turns":3.0},{"damage":6.0,"enemies":"3 Sentries","floor":13.0,"turns":4.0},{"damage":0.0,"enemies":"Large Slime","floor":14.0,"turns":4.0},{"damage":9.0,"enemies":"Hexaghost","floor":16.0,"turns":8.0},{"damage":8.0,"enemies":"2 Thieves","floor":18.0,"turns":4.0},{"damage":22.0,"enemies":"Chosen","floor":20.0,"turns":5.0},{"damage":24.0,"enemies":"Centurion and Healer","floor":21.0,"turns":6.0},{"damage":16.0,"enemies":"Snecko","floor":22.0,"turns":6.0},{"damage":17,"enemies":"Book of Stabbing","floor":23,"turns":5}],"seed_played":"-15458063218377286","potions_obtained":[{"floor":2.0,"key":"FearPotion"},{"floor":6.0,"key":"Dexterity Potion"},{"floor":7.0,"key":"SpeedPotion"},{"floor":13.0,"key":"Fire Potion"},{"floor":14.0,"key":"Weak Potion"},{"floor":22.0,"key":"Dexterity Potion"}],"is_trial":false,"path_per_floor":["M","M","T","?","M","E","M","R","T","?","R","M","E","M","R","B",null,"M","?","M","M","M","E"],"character_chosen":"DEFECT","items_purchased":[],"campfire_rested":0,"item_purchase_floors":[],"current_hp_per_floor":[81,80,80,80,79,55,45,45,45,45,45,45,39,39,39,30,82,74,74,52,28,12,0],"gold":614,"neow_bonus":"TEN_PERCENT_HP_BONUS","is_prod":false,"is_daily":false,"chose_seed":false,"campfire_upgraded":3,"win_rate":0.0,"timestamp":1549171776,"path_taken":["M","?","?","?","M","E","M","R","T","?","R","M","E","M","R","BOSS","M","?","M","?","M","E"],"build_version":"2019-01-23","purchased_purges":0,"victory":false,"max_hp_per_floor":[82,82,82,82,82,82,82,82,82,82,82,82,82,82,82,82,82,82,82,82,82,82,82],"card_choices":[{"not_picked":["Gash","Lockon"],"picked":"FTL","floor":1.0},{"not_picked":["Beam Cell","Redo"],"picked":"Conserve Battery","floor":2.0},{"not_picked":["Barrage","Leap"],"picked":"Defragment","floor":5.0},{"not_picked":["Skim","Leap"],"picked":"Ball Lightning","floor":6.0},{"not_picked":["Multi-Cast","Gash"],"picked":"Hologram","floor":7.0},{"not_picked":["Conserve Battery","Sweeping Beam"],"picked":"Redo","floor":12.0},{"not_picked":["Hologram","Blizzard"],"picked":"Rainbow","floor":13.0},{"not_picked":["Hologram","Consume"],"picked":"Capacitor","floor":14.0},{"not_picked":["Buffer","Creative AI"],"picked":"Seek","floor":16.0},{"not_picked":["Cold Snap","Reinforced Body"],"picked":"Leap","floor":18.0},{"not_picked":["Barrage","Blizzard"],"picked":"Beam Cell+1","floor":20.0},{"not_picked":["Barrage","Static Discharge+1"],"picked":"Auto Shields","floor":21.0},{"not_picked":["Cold Snap","Conserve Battery"],"picked":"Coolheaded+1","floor":22.0}],"player_experience":432824,"relics_obtained":[{"floor":3.0,"key":"MawBank"},{"floor":6.0,"key":"Omamori"},{"floor":9.0,"key":"Darkstone Periapt"},{"floor":13.0,"key":"Lantern"}],"event_choices":[{"cards_removed":["Strike_B"],"damage_healed":0.0,"max_hp_gain":0.0,"max_hp_loss":0.0,"gold_gain":0.0,"event_name":"The Cleric","player_choice":"Card Removal","floor":4.0,"gold_loss":50.0,"damage_taken":0.0},{"damage_healed":0.0,"max_hp_gain":0.0,"max_hp_loss":0.0,"gold_gain":0.0,"event_name":"Living Wall","player_choice":"Grow","floor":10.0,"gold_loss":0.0,"damage_taken":0.0,"cards_upgraded":["Zap"]},{"cards_removed":["Hologram"],"damage_healed":0.0,"max_hp_gain":0.0,"max_hp_loss":0.0,"gold_gain":0.0,"event_name":"NoteForYourself","player_choice":"Took Card","floor":19.0,"gold_loss":0.0,"damage_taken":0.0,"cards_obtained":["Iron Wave"]}],"is_beta":false,"boss_relics":[{"not_picked":["Snecko Eye","FrozenCore"],"picked":"Nuclear Battery"}],"items_purged_floors":[],"is_endless":false,"potions_floor_spawned":[2,6,7,13,14,22],"killed_by":"Book of Stabbing","ascension_level":0}