{"gold_per_floor":[112,112,128,143,157,157,33,33,33,67,81,81,98,173,173,272,272,287,287,306,21,21,21,32,32,32,32,32,32,50,67,67,165,165,182,200,216,234,234],"floor_reached":39,"playtime":1417,"items_purged":["Strike_R"],"score":385,"play_id":"06db90cb-8ffa-41d0-b21d-12f522339b6a","local_time":"20180818182439","is_ascension_mode":false,"campfire_choices":[{"data":"Rampage","floor":6,"key":"SMITH"},{"data":"Flex","floor":8,"key":"SMITH"},{"data":"Anger","floor":15,"key":"SMITH"},{"data":"Limit Break","floor":23,"key":"SMITH"},{"data":"Warcry","floor":25,"key":"SMITH"},{"data":"Bash","floor":27,"key":"SMITH"},{"floor":29,"key":"REST"},{"floor":32,"key":"REST"}],"neow_cost":"NONE","seed_source_timestamp":1133114451258651,"circlet_count":0,"master_deck":["Strike_R","Strike_R","Strike_R","Defend_R","Defend_R","Defend_R","Defend_R","Bash+1","Headbutt","Warcry+1","Rampage+1","Flex+1","Reckless Charge","Anger+1","Limit Break+1","Cleave+1","Heavy Blade+1"],"relics":["Runic Pyramid","Blood Vial","Darkstone Periapt","Lizard Tail","Mango","Bottled Flame","Mummified Hand","Philosopher\u0027s Stone"],"potions_floor_usage":[24,35,37,37,39],"damage_taken":[{"damage":1,"enemies":"Cultist","floor":1,"turns":3},{"damage":6,"enemies":"Jaw Worm","floor":3,"turns":3},{"damage":0,"enemies":"Small Slimes","floor":4,"turns":3},{"damage":8,"enemies":"Red Slaver","floor":5,"turns":3},{"damage":17,"enemies":"Gremlin Nob","floor":10,"turns":4},{"damage":13,"enemies":"Lots of Slimes","floor":11,"turns":4},{"damage":12,"enemies":"Large Slime","floor":13,"turns":4},{"damage":44,"enemies":"Hexaghost","floor":16,"turns":7},{"damage":32,"enemies":"2 Thieves","floor":18,"turns":4},{"damage":20,"enemies":"Spheric Guardian","floor":20,"turns":4},{"damage":23,"enemies":"Centurion and Healer","floor":24,"turns":6},{"damage":11,"enemies":"Cultist and Chosen","floor":30,"turns":5},{"damage":18,"enemies":"Snecko","floor":31,"turns":4},{"damage":29,"enemies":"Champ","floor":33,"turns":7},{"damage":27,"enemies":"Flame Bruiser 1 Orb","floor":35,"turns":5},{"damage":60,"enemies":"3 Darklings","floor":36,"turns":5},{"damage":47,"enemies":"Sphere and 2 Shapes","floor":37,"turns":5},{"damage":29,"enemies":"Spire Growth","floor":38,"turns":3},{"damage":27,"enemies":"Maw","floor":39,"turns":4}],"seed_played":"-7834856542328423339","potions_obtained":[{"floor":3,"key":"Fire Potion"},{"floor":4,"key":"Fire Potion"},{"floor":5,"key":"EssenceOfSteel"},{"floor":24,"key":"Regen Potion"},{"floor":37,"key":"PowerPotion"}],"is_trial":false,"path_per_floor":["M","?","M","M","M","R","$","R","T","E","M","?","M","?","R","B",null,"M","?","M","$","?","R","M","R","T","R","?","R","M","M","R","B",null,"M","M","M","M"],"character_chosen":"IRONCLAD","items_purchased":["Flex","Mango"],"campfire_rested":2,"item_purchase_floors":[7,21],"current_hp_per_floor":[79,79,73,73,65,65,65,65,65,50,39,80,68,57,57,15,80,48,48,30,44,44,44,23,23,23,23,23,51,42,26,54,27,94,67,9,28,1,0],"gold":234,"neow_bonus":"BOSS_RELIC","is_prod":false,"is_daily":false,"chose_seed":false,"campfire_upgraded":6,"win_rate":0,"timestamp":1534631079,"path_taken":["M","?","M","M","M","R","$","R","T","E","M","?","?","?","R","BOSS","M","?","M","?","?","R","?","R","T","R","?","R","M","M","R","BOSS","M","M","M","M","M"],"build_version":"2018-08-16","purchased_purges":1,"victory":false,"max_hp_per_floor":[80,80,80,80,80,80,80,80,80,80,80,80,80,80,80,80,80,80,80,80,94,94,94,94,94,94,94,94,94,94,94,94,94,94,94,94,94,94,94],"card_choices":[{"not_picked":["Twin Strike","Havoc"],"picked":"Headbutt","floor":1},{"not_picked":["Feel No Pain","Infernal Blade"],"picked":"Warcry","floor":3},{"not_picked":["Shrug It Off","Brutality"],"picked":"Rampage","floor":4},{"not_picked":["Clash","Havoc"],"picked":"Shockwave","floor":5},{"not_picked":["Intimidate","Pommel Strike"],"picked":"Reckless Charge","floor":10},{"not_picked":["Cleave","Spot Weakness"],"picked":"Anger","floor":11},{"not_picked":["Iron Wave","Rage","Havoc"],"picked":"SKIP","floor":13},{"not_picked":["Barricade","Offering"],"picked":"Limit Break","floor":16},{"not_picked":["Twin Strike","Fire Breathing","Sever Soul"],"picked":"SKIP","floor":18},{"not_picked":["Rampage+1","Perfected Strike","Headbutt"],"picked":"SKIP","floor":20},{"not_picked":["Clothesline","Headbutt","Blood for Blood"],"picked":"SKIP","floor":24},{"not_picked":["Anger+1","Clothesline","Infernal Blade"],"picked":"SKIP","floor":30},{"not_picked":["Pommel Strike+1","Second Wind","True Grit"],"picked":"SKIP","floor":31},{"not_picked":["Inflame","Metallicize+1"],"picked":"Cleave+1","floor":35},{"not_picked":["Sever Soul+1","Evolve"],"picked":"Heavy Blade+1","floor":36},{"not_picked":["Spot Weakness","Twin Strike+1","True Grit"],"picked":"SKIP","floor":37},{"not_picked":["Heavy Blade+1","Infernal Blade","Thunderclap+1"],"picked":"SKIP","floor":38}],"player_experience":874421,"relics_obtained":[{"floor":9,"key":"Blood Vial"},{"floor":10,"key":"Darkstone Periapt"},{"floor":26,"key":"Bottled Flame"}],"event_choices":[{"event_name":"Match and Keep!","player_choice":"0 cards matched","floor":2,"damage_taken":0},{"event_name":"Bonfire Elementals","player_choice":"UNCOMMON","floor":12,"damage_taken":0},{"event_name":"World of Goop","player_choice":"Gather Gold","floor":14,"damage_taken":0},{"event_name":"Back to Basics","player_choice":"Elegance","floor":19,"damage_taken":0},{"event_name":"NoteForYourself","player_choice":"Ignored","floor":22,"damage_taken":0},{"event_name":"The Mausoleum","player_choice":"Yes","floor":28,"damage_taken":0}],"is_beta":true,"boss_relics":[{"not_picked":["Orrery","Coffee Dripper"],"picked":"Lizard Tail"},{"not_picked":["Tiny House","Runic Cube"],"picked":"Philosopher\u0027s Stone"}],"items_purged_floors":[7],"is_endless":false,"potions_floor_spawned":[3,4,5,16,18,24,37],"killed_by":"Maw","ascension_level":0}