{"path_per_floor":["M","M","M","M","M","R","?","M","T","M","R","M","M","?","R"],"character_chosen":"DEFECT","items_purchased":[],"gold_per_floor":[118,128,146,162,175,175,175,194,221,238,238,256,272,272,272,272],"floor_reached":16,"campfire_rested":1,"playtime":590,"current_hp_per_floor":[74,73,71,53,41,41,41,41,41,17,39,39,41,41,41,0],"items_purged":[],"gold":272,"score":98,"play_id":"b487906d-7c7c-403f-8904-43dc47ea593c","local_time":"20180430014157","is_prod":false,"is_daily":false,"chose_seed":false,"is_ascension_mode":false,"campfire_upgraded":2,"timestamp":1525066917,"path_taken":["M","M","M","M","M","R","?","M","T","M","R","M","M","?","R","BOSS"],"build_version":"2018-04-27v3","seed_source_timestamp":2512494322939244,"purchased_purges":0,"victory":false,"master_deck":["Strike_B","Strike_B","Strike_B","Defend_B","Defend_B","Defend_B","Defend_B","Zap","Dualcast","Rebound","Streamline","Storm+1","White Noise+1","FTL","Reinforced Body","Static Discharge","Rebound"],"max_hp_per_floor":[75,75,75,75,75,75,75,75,75,75,75,75,75,75,75,75],"relics":["Nuclear Battery","Juzu Bracelet"],"card_choices":[{"not_picked":["Double Energy","Chaos"],"picked":"Rebound","floor":1},{"not_picked":["Double Energy","Barrage"],"picked":"Streamline","floor":2},{"not_picked":["Ball Lightning","Auto Shields"],"picked":"Storm","floor":3},{"not_picked":["Beam Cell","Hologram"],"picked":"White Noise","floor":4},{"not_picked":["Blizzard","Reprogram"],"picked":"FTL","floor":5},{"not_picked":["Ball Lightning","Rebound"],"picked":"Reinforced Body","floor":8},{"not_picked":["Barrage","Rebound"],"picked":"Static Discharge","floor":10},{"not_picked":["Ball Lightning","Turbo"],"picked":"Rebound","floor":12}],"player_experience":419464,"potions_floor_usage":[16,16],"damage_taken":[{"damage":1,"enemies":"Jaw Worm","floor":1,"turns":3},{"damage":1,"enemies":"Cultist","floor":2,"turns":3},{"damage":2,"enemies":"2 Louse","floor":3,"turns":2},{"damage":18,"enemies":"2 Fungi Beasts","floor":4,"turns":4},{"damage":12,"enemies":"3 Louse","floor":5,"turns":3},{"damage":0,"enemies":"Exordium Wildlife","floor":8,"turns":3},{"damage":24,"enemies":"Exordium Thugs","floor":10,"turns":5},{"damage":0,"enemies":"Large Slime","floor":12,"turns":4},{"damage":5,"enemies":"3 Louse","floor":13,"turns":3},{"damage":43,"enemies":"The Guardian","floor":16,"turns":11}],"event_choices":[{"event_name":"Wheel of Change","player_choice":"Card Removal","floor":7,"damage_taken":0},{"event_name":"Golden Idol","player_choice":"Ignored","floor":14,"damage_taken":0}],"boss_relics":[],"potions_floor_spawned":[2,4,5,10],"seed_played":"487044923702840906","killed_by":"The Guardian","ascension_level":0,"is_trial":false}