{"path_per_floor":["M","M","M","M","?","R","M","M","T","M","R","?","R","T","R","B",null,"M","?","?","$","M","R","?","R","T","M","M","R","E","$","R","B",null,"M","?","?","M","T","R","E","R","T","M","M","M","M","M","R","B"],"character_chosen":"DEFECT","items_purchased":["DataDisk"],"gold_per_floor":[113,125,138,156,156,156,173,193,193,213,213,213,213,213,213,308,308,319,319,234,9,20,20,20,20,44,63,75,75,100,0,0,102,102,114,114,0,12,38,38,63,63,86,99,110,126,137,154,154,154],"floor_reached":51,"campfire_rested":4,"playtime":6129,"current_hp_per_floor":[68,66,58,37,37,37,36,31,31,20,20,5,27,27,27,6,58,49,49,49,49,49,49,74,74,74,65,44,66,65,65,65,24,62,62,52,52,28,28,28,8,30,30,30,34,34,34,34,56,5],"items_purged":["Strike_B","Strike_B"],"gold":154,"score":899,"play_id":"51858ee4-d615-4f87-ba93-d3b64b168390","local_time":"20180502205153","is_prod":false,"is_daily":false,"chose_seed":false,"is_ascension_mode":true,"campfire_upgraded":7,"timestamp":1525319513,"path_taken":["M","?","M","M","?","R","?","M","T","?","R","?","R","?","R","BOSS","M","?","?","$","M","R","?","R","T","M","M","R","E","$","R","BOSS","M","?","?","M","?","R","E","R","T","M","M","?","?","M","R","BOSS"],"build_version":"2018-05-01v2","seed_source_timestamp":0,"purchased_purges":2,"victory":true,"master_deck":["Defend_B+1","Defend_B","Defend_B+1","Defend_B","Zap+1","Dualcast+1","Skim+1","Genetic Algorithm","Leap+1","Streamline+1","Auto Shields+1","Scrape+1","Thunder Strike+1","Turbo+1","Storm+1","Defragment+1","Amplify","Hologram+1","Magnetism","Master of Strategy","Thinking Ahead","Coolheaded+1","Coolheaded+1","Darkness+1","All For One+1","Chill","Conserve Battery+1"],"max_hp_per_floor":[75,75,75,75,75,75,75,75,75,75,75,75,75,75,75,75,75,75,75,75,75,75,75,75,75,75,75,75,75,75,75,75,75,75,75,75,75,75,75,75,75,75,75,75,75,75,75,75,75,75],"relics":["Cracked Core","Molten Egg 2","Bottled Lightning","Inserter","Turnip","DataDisk","Vajra","Ginger","Philosopher\u0027s Stone","Red Mask","Bag of Marbles","The Courier","Pen Nib"],"card_choices":[{"not_picked":["Sweeping Beam","Barrage"],"picked":"Skim","floor":1.0},{"not_picked":["Hello World","Rainbow"],"picked":"Genetic Algorithm","floor":2.0},{"not_picked":["Stack","Ball Lightning"],"picked":"Leap","floor":3.0},{"not_picked":["Ball Lightning","Axe Kick"],"picked":"Streamline","floor":4.0},{"not_picked":["Static Discharge","Skim"],"picked":"Auto Shields","floor":8.0},{"not_picked":["Blaster","Rebound"],"picked":"Scrape","floor":10.0},{"not_picked":["Fission","Amplify"],"picked":"Thunder Strike","floor":16.0},{"not_picked":["Impulse","Axe Kick"],"picked":"Turbo","floor":18.0},{"not_picked":["Axe Kick","Heatsinks"],"picked":"Storm","floor":27.0},{"not_picked":["Sunder","Reinforced Body"],"picked":"Defragment","floor":30.0},{"not_picked":["Nova","Multi-Cast"],"picked":"Amplify","floor":33.0},{"not_picked":["Axe Kick","Capacitor"],"picked":"Hologram","floor":35.0},{"not_picked":["Swift Strike","Panache"],"picked":"Magnetism","floor":36.0},{"not_picked":["Trip","Thinking Ahead"],"picked":"Master of Strategy","floor":36.0},{"not_picked":["Purity","Dark Shackles"],"picked":"Thinking Ahead","floor":36.0},{"not_picked":["Melter","Stack"],"picked":"Coolheaded","floor":38.0},{"not_picked":["Genetic Algorithm","Impulse"],"picked":"Coolheaded","floor":41.0},{"not_picked":["Sunder","Stack"],"picked":"Darkness","floor":44.0},{"not_picked":["Sweeping Beam","Force Field"],"picked":"All For One","floor":46.0},{"not_picked":["Genetic Algorithm","Leap"],"picked":"Chill","floor":47},{"not_picked":["Heatsinks","Turbo"],"picked":"Conserve Battery","floor":48}],"player_experience":527565,"potions_floor_usage":[50,50],"damage_taken":[{"damage":0.0,"enemies":"Cultist","floor":1.0,"turns":4.0},{"damage":2.0,"enemies":"Jaw Worm","floor":2.0,"turns":3.0},{"damage":8.0,"enemies":"2 Louse","floor":3.0,"turns":3.0},{"damage":21.0,"enemies":"Lots of Slimes","floor":4.0,"turns":5.0},{"damage":1.0,"enemies":"Looter","floor":7.0,"turns":3.0},{"damage":5.0,"enemies":"Exordium Thugs","floor":8.0,"turns":4.0},{"damage":11.0,"enemies":"Gremlin Gang","floor":10.0,"turns":6.0},{"damage":21.0,"enemies":"Hexaghost","floor":16.0,"turns":10.0},{"damage":9.0,"enemies":"2 Thieves","floor":18.0,"turns":5.0},{"damage":0.0,"enemies":"Spheric Guardian","floor":22.0,"turns":5.0},{"damage":9.0,"enemies":"Snake Plant","floor":27.0,"turns":4.0},{"damage":21.0,"enemies":"Slaver and Parasite","floor":28.0,"turns":8.0},{"damage":1.0,"enemies":"Book of Stabbing","floor":30.0,"turns":5.0},{"damage":41.0,"enemies":"Champ","floor":33.0,"turns":9.0},{"damage":0.0,"enemies":"3 Shapes","floor":35.0,"turns":4.0},{"damage":28.0,"enemies":"Orb Walker","floor":38.0,"turns":5.0},{"damage":20.0,"enemies":"2 Orb Walkers","floor":41.0,"turns":5.0},{"damage":0.0,"enemies":"Maw","floor":44.0,"turns":5.0},{"damage":0.0,"enemies":"Sphere and 2 Shapes","floor":45.0,"turns":6.0},{"damage":0.0,"enemies":"4 Shapes","floor":46.0,"turns":6.0},{"damage":0,"enemies":"Flame Bruiser 2 Orb","floor":47,"turns":6},{"damage":0,"enemies":"Maw","floor":48,"turns":6},{"damage":51,"enemies":"Awakened One","floor":50,"turns":13}],"event_choices":[{"event_name":"Bonfire Elementals","player_choice":"BASIC","floor":5.0,"damage_taken":0.0},{"event_name":"Shining Light","player_choice":"Entered Light","floor":12.0,"damage_taken":0.0},{"event_name":"Back to Basics","player_choice":"Elegance","floor":19.0,"damage_taken":0.0},{"event_name":"Addict","player_choice":"Obtained Relic","floor":20.0,"damage_taken":0.0},{"event_name":"The Library","player_choice":"Heal","floor":24.0,"damage_taken":0.0},{"event_name":"SensoryStone","player_choice":"Memory 3","floor":36.0,"damage_taken":0.0},{"event_name":"Tomb of Lord Red Mask","player_choice":"Paid","floor":37.0,"damage_taken":0.0}],"boss_relics":[],"potions_floor_spawned":[3,4,10,18,28,35,45,48],"seed_played":"1652060721371872111","ascension_level":7,"is_trial":false}