{"gold_per_floor":[111,111,286,296,323,353,353,0,0,14,40,5,5,19,19,121,121,132,132,132,142,158,187,187,36,59,59,94,113,126,154,154,249,249,269,280,280,60,60,60,87,87,112,123,137,59,59,84,84,84],"floor_reached":51,"playtime":5244,"items_purged":["Doubt"],"score":996,"play_id":"b4ab6ad7-8c23-4136-b6b0-23ec74232c3a","local_time":"20190909135920","is_ascension_mode":false,"campfire_choices":[{"floor":7.0,"key":"REST"},{"data":"True Grit","floor":13.0,"key":"SMITH"},{"data":"Searing Blow","floor":15.0,"key":"SMITH"},{"data":"Disarm","floor":24.0,"key":"SMITH"},{"data":"Searing Blow+1","floor":27.0,"key":"SMITH"},{"data":"Barricade","floor":32.0,"key":"SMITH"},{"data":"Searing Blow+2","floor":40,"key":"SMITH"},{"data":"Searing Blow+3","floor":42,"key":"SMITH"},{"data":"Searing Blow+4","floor":47,"key":"SMITH"},{"data":"Berserk","floor":49,"key":"SMITH"}],"neow_cost":"","seed_source_timestamp":0,"circlet_count":0,"master_deck":["Strike_R","Defend_R","Defend_R","Defend_R","Defend_R","Bash","Shockwave","Disarm+1","Searing Blow+5","True Grit+1","Barricade+1","Double Tap+1","Power Through+1","Power Through+1","Armaments+1","Intimidate+1","True Grit+1","Disarm+1","Body Slam","Warcry+1","Shrug It Off+1","Body Slam+1","Burning Pact+1","Feed","Fire Breathing+1","Shrug It Off+1","Offering+1","Deep Breath+1","Finesse+1","Secret Weapon+1","Pommel Strike+1","Body Slam+1","Feel No Pain+1","Power Through+1","Berserk+1"],"special_seed":0,"relics":["Burning Blood","Anchor","Bottled Lightning","Medical Kit","Blood Vial","Letter Opener","Toxic Egg 2","Black Star","Dream Catcher","Regal Pillow","InkBottle","Strawberry","Orichalcum","Question Card","Meat on the Bone","Ancient Tea Set","Busted Crown","Kunai","Bag of Marbles","Happy Flower","Boot","TungstenRod"],"potions_floor_usage":[50],"damage_taken":[{"damage":6.0,"enemies":"Jaw Worm","floor":1.0,"turns":5.0},{"damage":0.0,"enemies":"Small Slimes","floor":4.0,"turns":7.0},{"damage":76.0,"enemies":"Gremlin Nob","floor":6.0,"turns":8.0},{"damage":0.0,"enemies":"2 Louse","floor":10.0,"turns":2.0},{"damage":37.0,"enemies":"3 Sentries","floor":11.0,"turns":16.0},{"damage":12.0,"enemies":"Gremlin Gang","floor":14.0,"turns":9.0},{"damage":44.0,"enemies":"The Guardian","floor":16.0,"turns":19.0},{"damage":28.0,"enemies":"Shell Parasite","floor":18.0,"turns":9.0},{"damage":12.0,"enemies":"3 Byrds","floor":21.0,"turns":12.0},{"damage":5.0,"enemies":"Snecko","floor":22.0,"turns":11.0},{"damage":0.0,"enemies":"Book of Stabbing","floor":23.0,"turns":14.0},{"damage":6.0,"enemies":"Gremlin Leader","floor":28.0,"turns":10.0},{"damage":6.0,"enemies":"Snake Plant","floor":29.0,"turns":5.0},{"damage":0.0,"enemies":"Cultist and Chosen","floor":30.0,"turns":9.0},{"damage":0.0,"enemies":"Book of Stabbing","floor":31.0,"turns":8.0},{"damage":0.0,"enemies":"Champ","floor":33.0,"turns":11.0},{"damage":0,"enemies":"3 Darklings","floor":35,"turns":8},{"damage":0,"enemies":"3 Shapes","floor":36,"turns":6},{"damage":6,"enemies":"Giant Head","floor":41,"turns":8},{"damage":0,"enemies":"Jaw Worm Horde","floor":44,"turns":3},{"damage":6,"enemies":"Maw","floor":45,"turns":6},{"damage":6,"enemies":"Reptomancer","floor":48,"turns":4},{"damage":6,"enemies":"Awakened One","floor":50,"turns":7}],"seed_played":"8827848459580942631","potions_obtained":[{"floor":6.0,"key":"Poison Potion"},{"floor":11.0,"key":"Ancient Potion"},{"floor":14.0,"key":"Regen Potion"},{"floor":23.0,"key":"Energy Potion"},{"floor":29.0,"key":"Swift Potion"},{"floor":31.0,"key":"Poison Potion"},{"floor":33.0,"key":"Fire Potion"},{"floor":41,"key":"DuplicationPotion"}],"is_trial":false,"path_per_floor":["M","?","?","M","T","E","R","$","T","M","E","?","R","M","R","B",null,"M","?","?","M","M","E","R","$","T","R","E","M","M","E","R","B",null,"M","M","?","$","?","R","E","R","T","M","M","$","R","E","R","B",null],"character_chosen":"IRONCLAD","items_purchased":["Medical Kit","True Grit","Blood Vial","InkBottle","Offering+1","Power Through+1"],"campfire_rested":1,"item_purchase_floors":[8,8,8,25,38,46],"current_hp_per_floor":[80,73,73,79,79,9,33,33,33,41,12,32,32,28,28,7,80,58,58,58,54,57,65,65,65,72,72,74,76,84,87,87,87,87,91,94,94,94,84,84,89,89,89,97,101,101,101,101,101,101],"gold":84,"neow_bonus":"","is_prod":false,"is_daily":false,"chose_seed":false,"campfire_upgraded":9,"win_rate":0.0,"timestamp":1568062760,"path_taken":["M","?","?","M","?","E","R","?","T","M","E","?","R","M","R","BOSS","M","?","?","M","M","E","R","?","T","R","E","M","?","E","R","BOSS","M","M","?","$","?","R","E","R","T","M","M","$","R","E","R","BOSS"],"build_version":"2019-09-09","purchased_purges":1,"victory":true,"max_hp_per_floor":[80,80,80,80,80,80,80,80,80,80,80,80,80,80,80,80,80,80,80,80,80,80,80,80,80,87,87,87,87,87,87,87,87,87,91,94,94,94,94,94,97,97,97,97,101,101,101,101,101,101],"card_choices":[{"not_picked":["Body Slam","Headbutt"],"picked":"Shockwave","floor":1.0},{"not_picked":["Armaments","Seeing Red"],"picked":"Disarm","floor":4.0},{"not_picked":["Thunderclap","Rage"],"picked":"Searing Blow","floor":6.0},{"not_picked":["Hemokinesis","Clothesline","Sword Boomerang"],"picked":"SKIP","floor":10.0},{"not_picked":["Intimidate","Whirlwind"],"picked":"Barricade","floor":11.0},{"not_picked":["Headbutt","Pummel","Sword Boomerang"],"picked":"SKIP","floor":14.0},{"not_picked":["Reaper","Demon Form"],"picked":"Double Tap+1","floor":16.0},{"not_picked":["Armaments+1","Shockwave+1"],"picked":"Power Through+1","floor":18.0},{"not_picked":["Sword Boomerang","Anger"],"picked":"True Grit+1","floor":21.0},{"not_picked":["Rampage","Thunderclap"],"picked":"Disarm+1","floor":22.0},{"not_picked":["Headbutt","Inflame"],"picked":"Body Slam","floor":23.0},{"not_picked":["Bludgeon","Flex+1"],"picked":"Warcry+1","floor":28.0},{"not_picked":["True Grit+1","Rampage","Thunderclap"],"picked":"Shrug It Off+1","floor":29.0},{"not_picked":["Burning Pact+1","Blood for Blood","Anger+1"],"picked":"Body Slam+1","floor":30.0},{"not_picked":["Fire Breathing","Perfected Strike","Clash"],"picked":"Burning Pact+1","floor":31.0},{"not_picked":["Brutality","Bludgeon","Fiend Fire"],"picked":"Feed","floor":33.0},{"not_picked":["Clash"],"picked":"Fire Breathing+1","floor":35},{"not_picked":["Blood for Blood+1"],"picked":"Shrug It Off+1","floor":36},{"not_picked":["Sadistic Nature"],"picked":"Deep Breath+1","floor":39},{"not_picked":["Swift Strike"],"picked":"Finesse+1","floor":39},{"not_picked":["Transmutation+1"],"picked":"Secret Weapon+1","floor":39},{"not_picked":["Body Slam"],"picked":"Pommel Strike+1","floor":41},{"not_picked":["Infernal Blade+1"],"picked":"Body Slam+1","floor":44},{"not_picked":["Shrug It Off+1"],"picked":"Feel No Pain+1","floor":45},{"not_picked":["Clash+1"],"picked":"Berserk","floor":48}],"player_experience":0,"relics_obtained":[{"floor":5.0,"key":"Anchor"},{"floor":6.0,"key":"Bottled Lightning"},{"floor":9.0,"key":"Letter Opener"},{"floor":11.0,"key":"Toxic Egg 2"},{"floor":23.0,"key":"Dream Catcher"},{"floor":23.0,"key":"Regal Pillow"},{"floor":26.0,"key":"Strawberry"},{"floor":28.0,"key":"Orichalcum"},{"floor":28.0,"key":"Question Card"},{"floor":31.0,"key":"Meat on the Bone"},{"floor":31.0,"key":"Ancient Tea Set"},{"floor":41,"key":"Kunai"},{"floor":41,"key":"Bag of Marbles"},{"floor":43,"key":"Happy Flower"},{"floor":48,"key":"Boot"},{"floor":48,"key":"TungstenRod"}],"event_choices":[{"cards_removed":["Strike_R"],"damage_healed":0.0,"max_hp_gain":0.0,"max_hp_loss":0.0,"gold_gain":0.0,"event_name":"Golden Wing","player_choice":"Card Removal","floor":2.0,"gold_loss":0.0,"damage_taken":7.0},{"damage_healed":0.0,"max_hp_gain":0.0,"max_hp_loss":0.0,"gold_gain":175.0,"event_name":"Liars Game","player_choice":"AGREE","floor":3.0,"gold_loss":0.0,"damage_taken":0.0,"cards_obtained":["Doubt"]},{"damage_healed":20.0,"max_hp_gain":0.0,"max_hp_loss":0.0,"gold_gain":0.0,"event_name":"The Cleric","player_choice":"Healed","floor":12.0,"gold_loss":35.0,"damage_taken":0.0},{"damage_healed":0.0,"max_hp_gain":0.0,"max_hp_loss":0.0,"gold_gain":0.0,"event_name":"The Library","player_choice":"Read","floor":19.0,"gold_loss":0.0,"damage_taken":0.0,"cards_obtained":["Power Through"]},{"damage_healed":0.0,"max_hp_gain":0.0,"max_hp_loss":0.0,"gold_gain":0.0,"cards_transformed":["Strike_R","Strike_R"],"event_name":"Drug Dealer","player_choice":"Became Test Subject","floor":20.0,"gold_loss":0.0,"damage_taken":0.0,"cards_obtained":["Armaments","Intimidate"]},{"cards_removed":["Strike_R"],"damage_healed":0,"gold_gain":0,"player_choice":"Removed Attack","damage_taken":0,"max_hp_gain":0,"max_hp_loss":0,"event_name":"Falling","floor":37,"gold_loss":0},{"damage_healed":0,"gold_gain":0,"player_choice":"Memory 3","damage_taken":10,"max_hp_gain":0,"max_hp_loss":0,"event_name":"SensoryStone","floor":39,"gold_loss":0}],"is_beta":true,"boss_relics":[{"not_picked":["Tiny House","Runic Dome"],"picked":"Black Star"},{"not_picked":["Black Blood","Astrolabe"],"picked":"Busted Crown"}],"items_purged_floors":[38],"is_endless":false,"potions_floor_spawned":[6,11,14,23,29,31,33,41,44],"ascension_level":0}