{"gold_per_floor":[110,110,185,201,201,236,236,301,301,314,333,348,358,41,41,143,143,154,79,79,91,110,110,110],"floor_reached":24,"playtime":1403,"items_purged":["Regret"],"score":229,"play_id":"ef8cb6dc-f864-4bca-bfe1-07478decebff","local_time":"20190704190125","is_ascension_mode":true,"campfire_choices":[{"floor":7,"key":"REST"},{"floor":15,"key":"REST"},{"data":"Doubt","floor":23,"key":"PURGE"}],"neow_cost":"NONE","seed_source_timestamp":1893984482916211,"circlet_count":0,"master_deck":["Strike_R","Strike_R","Strike_R","Strike_R","Strike_R","Defend_R","Defend_R","Defend_R","Defend_R","Bash","Headbutt","Heavy Blade","Disarm","Rage","Searing Blow","Reckless Charge","Twin Strike","Perfected Strike","Power Through+1","Fiend Fire","Shame","Blood for Blood","Evolve","Clash"],"relics":["Burning Blood","Peace Pipe","Tiny Chest","Mercury Hourglass","Toxic Egg 2","Calling Bell","Anchor","Sundial","Champion Belt"],"potions_floor_usage":[8,16],"damage_taken":[{"damage":23,"enemies":"Cultist","floor":1,"turns":6},{"damage":12,"enemies":"Jaw Worm","floor":4,"turns":2},{"damage":28,"enemies":"Gremlin Nob","floor":6,"turns":4},{"damage":27,"enemies":"Lagavulin","floor":8,"turns":8},{"damage":13,"enemies":"Small Slimes","floor":10,"turns":3},{"damage":11,"enemies":"3 Louse","floor":11,"turns":2},{"damage":16,"enemies":"Red Slaver","floor":12,"turns":3},{"damage":13,"enemies":"Blue Slaver","floor":13,"turns":2},{"damage":30,"enemies":"Hexaghost","floor":16,"turns":12},{"damage":10,"enemies":"Chosen","floor":18,"turns":4},{"damage":18,"enemies":"2 Thieves","floor":21,"turns":5},{"damage":15,"enemies":"Snake Plant","floor":22,"turns":5},{"damage":63,"enemies":"Gremlin Leader","floor":24,"turns":6}],"seed_played":"271539648548424891","potions_obtained":[{"floor":1,"key":"SkillPotion"},{"floor":10,"key":"FearPotion"},{"floor":21,"key":"Regen Potion"},{"floor":22,"key":"Block Potion"}],"is_trial":false,"path_per_floor":["M","?","?","M","$","E","R","E","T","M","M","M","M","$","R","B",null,"M","$","?","M","M","R","E"],"character_chosen":"IRONCLAD","items_purchased":["Toxic Egg 2","Power Through+1"],"campfire_rested":2,"item_purchase_floors":[14,14],"current_hp_per_floor":[71,71,60,54,54,32,58,37,37,30,25,15,8,8,34,10,88,84,84,84,72,63,63,0],"gold":110,"neow_bonus":"TEN_PERCENT_HP_BONUS","is_prod":false,"is_daily":false,"chose_seed":false,"campfire_upgraded":0,"win_rate":0,"timestamp":1562281285,"path_taken":["M","?","?","M","?","E","R","E","T","M","M","M","?","$","R","BOSS","M","$","?","M","M","R","E"],"build_version":"2019-07-01","purchased_purges":1,"victory":false,"max_hp_per_floor":[88,88,88,88,88,88,88,88,88,88,88,88,88,88,88,88,88,88,88,88,88,88,88,88],"card_choices":[{"not_picked":["Dual Wield","Burning Pact"],"picked":"Headbutt","floor":1},{"not_picked":["Pommel Strike","Dual Wield"],"picked":"Heavy Blade","floor":4},{"not_picked":["Offering","Sword Boomerang"],"picked":"Disarm","floor":6},{"not_picked":["Searing Blow","Body Slam"],"picked":"Rage","floor":8},{"not_picked":["Thunderclap","Bloodletting"],"picked":"Searing Blow","floor":10},{"not_picked":["Whirlwind","Bloodletting"],"picked":"Reckless Charge","floor":11},{"not_picked":["Clothesline","Pommel Strike"],"picked":"Twin Strike","floor":12},{"not_picked":["Bloodletting","Armaments"],"picked":"Perfected Strike","floor":13},{"not_picked":["Barricade","Limit Break+1"],"picked":"Fiend Fire","floor":16},{"not_picked":["Heavy Blade","Thunderclap"],"picked":"Blood for Blood","floor":18},{"not_picked":["Flex+1","Shrug It Off+1"],"picked":"Evolve","floor":21},{"not_picked":["Sever Soul+1","Warcry+1"],"picked":"Clash","floor":22}],"player_experience":79751,"relics_obtained":[{"floor":6,"key":"Peace Pipe"},{"floor":8,"key":"Tiny Chest"},{"floor":9,"key":"Mercury Hourglass"},{"floor":17,"key":"Anchor"},{"floor":17,"key":"Sundial"},{"floor":17,"key":"Champion Belt"}],"event_choices":[{"damage_healed":0,"gold_gain":0,"player_choice":"Ignored","damage_taken":0,"max_hp_gain":0,"max_hp_loss":0,"event_name":"Golden Wing","floor":2,"gold_loss":0},{"damage_healed":0,"gold_gain":75,"player_choice":"Gather Gold","damage_taken":11,"max_hp_gain":0,"max_hp_loss":0,"event_name":"World of Goop","floor":3,"gold_loss":0},{"damage_healed":0,"gold_gain":0,"player_choice":"Ignored","damage_taken":0,"max_hp_gain":0,"max_hp_loss":0,"event_name":"Ghosts","floor":20,"gold_loss":0}],"is_beta":false,"boss_relics":[{"not_picked":["Lizard Tail","Fusion Hammer"],"picked":"Calling Bell"}],"items_purged_floors":[19],"is_endless":false,"potions_floor_spawned":[1,10,21,22],"killed_by":"Gremlin Leader","ascension_level":2}