{"path_per_floor":["M","M","M","?","M","R","$","M","T","E","R","M","M","?","R","B",null,"M","M","T","M","M","R"],"character_chosen":"IRONCLAD","items_purchased":["Metallicize"],"gold_per_floor":[112,130,142,142,162,162,11,23,23,50,50,61,75,75,75,174,204,224,243,296,310,323,323,323],"floor_reached":24,"campfire_rested":2,"playtime":1223,"current_hp_per_floor":[79,79,77,65,62,62,62,46,46,31,55,64,55,55,55,41,91,73,71,71,41,12,40,0],"items_purged":["Strike_R"],"gold":323,"score":202,"play_id":"f339c673-50af-4694-9197-a4280fcb711d","local_time":"20180408130743","is_prod":false,"is_daily":false,"is_ascension_mode":false,"campfire_upgraded":2,"timestamp":1523207263,"path_taken":["M","M","M","?","M","R","$","M","T","E","R","M","?","?","R","BOSS","M","M","?","?","M","R","E"],"build_version":"2018-04-05v2","purchased_purges":1,"victory":false,"master_deck":["Strike_R","Strike_R","Strike_R","Defend_R","Defend_R","Defend_R+1","Bash","Dropkick","Rampage+1","Barricade","Metallicize","Feed","Entrench+1","Offering","Shrug It Off","Battle Trance"],"max_hp_per_floor":[80,80,80,80,80,80,80,80,80,80,80,83,86,86,86,86,91,91,94,94,94,94,94,94],"relics":["Burning Blood","Matryoshka","Oddly Smooth Stone","Ancient Tea Set","Mercury Hourglass","Tiny House","Letter Opener","Omamori"],"card_choices":[{"not_picked":["Thunderclap","Feel No Pain"],"picked":"Rampage","floor":1},{"not_picked":["Armaments","Reckless Charge"],"picked":"Barricade","floor":3},{"not_picked":["Infernal Blade","Hemokinesis"],"picked":"Feed","floor":8},{"not_picked":["Pommel Strike","Intimidate"],"picked":"Entrench","floor":13},{"not_picked":["Exhume","Double Tap"],"picked":"Offering","floor":16},{"not_picked":["Pommel Strike","Twin Strike"],"picked":"Shrug It Off","floor":21},{"not_picked":["Havoc","Heavy Blade"],"picked":"Battle Trance","floor":22}],"player_experience":331262,"potions_floor_usage":[10,19,22,24],"damage_taken":[{"damage":7,"enemies":"2 Louse","floor":1,"turns":3},{"damage":6,"enemies":"Cultist","floor":2,"turns":3},{"damage":8,"enemies":"Jaw Worm","floor":3,"turns":4},{"damage":9,"enemies":"Exordium Thugs","floor":5,"turns":4},{"damage":22,"enemies":"Large Slime","floor":8,"turns":8},{"damage":21,"enemies":"3 Sentries","floor":10,"turns":10},{"damage":0,"enemies":"3 Louse","floor":12,"turns":2},{"damage":18,"enemies":"Exordium Wildlife","floor":13,"turns":3},{"damage":20,"enemies":"The Guardian","floor":16,"turns":13},{"damage":24,"enemies":"Shell Parasite","floor":18,"turns":10},{"damage":11,"enemies":"3 Byrds","floor":19,"turns":4},{"damage":36,"enemies":"Sentry and Sphere","floor":21,"turns":8},{"damage":35,"enemies":"Slaver and Parasite","floor":22,"turns":10},{"damage":43,"enemies":"Book of Stabbing","floor":24,"turns":8}],"event_choices":[{"event_name":"Scrap Ooze","player_choice":"success","floor":4,"damage_taken":12},{"event_name":"Bonfire Elementals","player_choice":"BASIC","floor":14,"damage_taken":0}],"boss_relics":[{"not_picked":["White Beast Statue","Ectoplasm"],"picked":"Tiny House"}],"potions_floor_spawned":[1,3,8,12,13,18,19,22],"seed_played":"1337733777989462495","killed_by":"Book of Stabbing","ascension_level":0,"is_trial":false}