{"gold_per_floor":[112,123,123,298,268,268,299,310,310,0,18,32,48,75,75,170,170,183,112,128,143,64,90,90,90,90,101,101,0,0,20,50,154,154,169,169,169,181,192,192,192],"floor_reached":41,"playtime":6781,"items_purged":[],"score":493,"play_id":"c4408010-ae58-4603-bc5b-b40ced79512f","local_time":"20190731224143","is_ascension_mode":true,"campfire_choices":[{"data":"Electrodynamics","floor":6,"key":"SMITH"},{"floor":15,"key":"REST"},{"floor":25,"key":"REST"},{"floor":28,"key":"REST"},{"floor":32,"key":"DIG"},{"floor":40,"key":"REST"}],"neow_cost":"NONE","seed_source_timestamp":593489850345029,"circlet_count":0,"master_deck":["Strike_B","Defend_B","Defend_B","Defend_B","Zap","Dualcast","Go for the Eyes","Ball Lightning","Electrodynamics+1","Doubt","Tempest","Defragment","Go for the Eyes","Glacier","Self Repair","Echo Form","Machine Learning","Chaos+1","Reprogram+1","Steam Power+1","Conserve Battery","Hello World","Double Energy+1","Self Repair","Coolheaded+1","Heatsinks","Shame","All For One","Self Repair+1","Discovery+1","Madness+1","Madness+1","Heatsinks+1","Defragment"],"relics":["Cracked Core","NeowsBlessing","Lantern","Kunai","Incense Burner","Bag of Marbles","Astrolabe","Shovel","Enchiridion","Toxic Egg 2","Pantograph","Tiny Chest","Nuclear Battery"],"potions_floor_usage":[12,12,18,20,23,23,38,38,39],"damage_taken":[{"damage":0,"enemies":"Cultist","floor":1,"turns":1},{"damage":0,"enemies":"2 Louse","floor":2,"turns":1},{"damage":0,"enemies":"Lagavulin","floor":7,"turns":1},{"damage":9,"enemies":"Jaw Worm","floor":8,"turns":2},{"damage":0,"enemies":"Lots of Slimes","floor":11,"turns":1},{"damage":14,"enemies":"Exordium Thugs","floor":12,"turns":2},{"damage":0,"enemies":"3 Louse","floor":13,"turns":1},{"damage":13,"enemies":"Gremlin Nob","floor":14,"turns":4},{"damage":49,"enemies":"The Guardian","floor":16,"turns":8},{"damage":11,"enemies":"2 Thieves","floor":18,"turns":2},{"damage":21,"enemies":"Shell Parasite","floor":20,"turns":6},{"damage":19,"enemies":"Centurion and Healer","floor":21,"turns":5},{"damage":21,"enemies":"Book of Stabbing","floor":23,"turns":5},{"damage":14,"enemies":"Shelled Parasite and Fungi","floor":27,"turns":4},{"damage":32,"enemies":"Snake Plant","floor":31,"turns":5},{"damage":63,"enemies":"Collector","floor":33,"turns":11},{"damage":25,"enemies":"Orb Walker","floor":35,"turns":4},{"damage":9,"enemies":"3 Shapes","floor":38,"turns":5},{"damage":60,"enemies":"Transient","floor":39,"turns":5},{"damage":66,"enemies":"Reptomancer","floor":41,"turns":2}],"seed_played":"-1154025178303204209","potions_obtained":[{"floor":2,"key":"Energy Potion"},{"floor":5,"key":"EntropicBrew"},{"floor":5,"key":"PowerPotion"},{"floor":12,"key":"Explosive Potion"},{"floor":23,"key":"Fruit Juice"},{"floor":33,"key":"SkillPotion"},{"floor":35,"key":"SkillPotion"},{"floor":38,"key":"PowerPotion"}],"is_trial":false,"path_per_floor":["M","M","?","?","?","R","E","M","T","$","M","M","M","E","R","B",null,"M","$","M","M","$","E","?","R","T","M","R","?","?","M","R","B",null,"M","?","?","M","M","R","E"],"character_chosen":"DEFECT","items_purchased":["Incense Burner","Hello World","Self Repair"],"campfire_rested":4,"item_purchase_floors":[10,19,22],"current_hp_per_floor":[75,75,75,75,75,75,75,66,66,66,66,52,52,46,68,26,75,64,64,50,38,38,34,18,42,42,35,59,59,59,48,48,17,80,69,64,54,69,33,57,0],"gold":192,"neow_bonus":"THREE_ENEMY_KILL","is_prod":false,"is_daily":false,"chose_seed":false,"campfire_upgraded":1,"win_rate":0,"timestamp":1564627303,"path_taken":["M","M","?","?","?","R","E","M","T","$","M","M","M","E","R","BOSS","M","$","M","?","$","E","?","R","T","M","R","?","?","M","R","BOSS","M","?","?","M","M","R","E"],"build_version":"2019-07-17","purchased_purges":0,"victory":false,"max_hp_per_floor":[75,75,75,75,75,75,75,75,75,75,75,75,75,75,75,75,75,75,75,75,75,75,80,80,80,80,80,80,80,80,80,80,80,80,80,80,80,80,80,80,80],"card_choices":[{"not_picked":["Barrage","Leap"],"picked":"Go for the Eyes","floor":1},{"not_picked":["Beam Cell","Auto Shields"],"picked":"Ball Lightning","floor":2},{"not_picked":["Go for the Eyes","Rebound"],"picked":"Tempest","floor":7},{"not_picked":["Compile Driver","Go for the Eyes"],"picked":"Defragment","floor":8},{"not_picked":["Streamline","Tempest"],"picked":"Go for the Eyes","floor":11},{"not_picked":["Double Energy","Recycle"],"picked":"Glacier","floor":12},{"not_picked":["Redo","Genetic Algorithm"],"picked":"Self Repair","floor":13},{"not_picked":["Compile Driver","Electrodynamics"],"picked":"Echo Form","floor":14},{"not_picked":["Amplify","Echo Form"],"picked":"Machine Learning","floor":16},{"not_picked":["Compile Driver","Hologram+1"],"picked":"Conserve Battery","floor":18},{"not_picked":["Steam","Hologram+1","Ball Lightning"],"picked":"SKIP","floor":20},{"not_picked":["Reinforced Body","Gash+1"],"picked":"Double Energy+1","floor":21},{"not_picked":["Reinforced Body","Barrage"],"picked":"Coolheaded+1","floor":23},{"not_picked":["Leap+1","Compile Driver+1"],"picked":"Heatsinks","floor":27},{"not_picked":["Coolheaded+1","Beam Cell","Compile Driver"],"picked":"SKIP","floor":31},{"not_picked":["Core Surge","Reboot+1"],"picked":"All For One","floor":33},{"not_picked":["Cold Snap","BootSequence+1"],"picked":"Self Repair+1","floor":35},{"not_picked":["Thinking Ahead+1","PanicButton+1"],"picked":"Discovery+1","floor":36},{"not_picked":["Go for the Eyes+1","Cold Snap+1"],"picked":"Heatsinks+1","floor":38},{"not_picked":["Rebound","Sunder+1"],"picked":"Defragment","floor":39}],"player_experience":345624,"relics_obtained":[{"floor":7,"key":"Lantern"},{"floor":9,"key":"Kunai"},{"floor":14,"key":"Bag of Marbles"},{"floor":23,"key":"Shovel"},{"floor":24,"key":"Enchiridion"},{"floor":26,"key":"Toxic Egg 2"},{"floor":32,"key":"Tiny Chest"}],"event_choices":[{"damage_healed":0,"gold_gain":0,"cards_transformed":["Strike_B"],"player_choice":"Change","damage_taken":0,"max_hp_gain":0,"max_hp_loss":0,"event_name":"Living Wall","floor":3,"gold_loss":0,"cards_obtained":["Electrodynamics"]},{"damage_healed":0,"gold_gain":175,"player_choice":"AGREE","damage_taken":0,"max_hp_gain":0,"max_hp_loss":0,"event_name":"Liars Game","floor":4,"gold_loss":0,"cards_obtained":["Doubt"]},{"damage_healed":0,"gold_gain":0,"player_choice":"Bought 2 Potions","damage_taken":0,"max_hp_gain":0,"max_hp_loss":0,"event_name":"The Woman in Blue","floor":5,"gold_loss":0},{"damage_healed":0,"gold_gain":0,"player_choice":"Obtained Book","damage_taken":16,"max_hp_gain":0,"max_hp_loss":0,"event_name":"Cursed Tome","floor":24,"gold_loss":0},{"damage_healed":0,"gold_gain":0,"player_choice":"Paid Fearfully","damage_taken":0,"max_hp_gain":0,"max_hp_loss":0,"event_name":"Masked Bandits","floor":29,"gold_loss":101},{"damage_healed":0,"gold_gain":0,"player_choice":"Stole Relic","damage_taken":0,"relics_obtained":["Pantograph"],"max_hp_gain":0,"max_hp_loss":0,"event_name":"Addict","floor":30,"gold_loss":0,"cards_obtained":["Shame"]},{"damage_healed":0,"gold_gain":0,"player_choice":"Memory 2","damage_taken":5,"max_hp_gain":0,"max_hp_loss":0,"event_name":"SensoryStone","floor":36,"gold_loss":0},{"damage_healed":0,"gold_gain":0,"player_choice":"Embrace Madness","damage_taken":10,"max_hp_gain":0,"max_hp_loss":0,"event_name":"Winding Halls","floor":37,"gold_loss":0,"cards_obtained":["Madness","Madness"]}],"is_beta":false,"boss_relics":[{"not_picked":["Empty Cage","Snecko Eye"],"picked":"Astrolabe"},{"not_picked":["Coffee Dripper","Velvet Choker"],"picked":"Nuclear Battery"}],"items_purged_floors":[],"is_endless":false,"potions_floor_spawned":[2,7,8,12,21,23,33,35,38],"killed_by":"Reptomancer","ascension_level":2}