{"gold_per_floor":[364,374,52,69,85,119,119,119,119,129,129,204,204,236,236,236],"floor_reached":16,"playtime":490,"items_purged":["Pain"],"score":149,"play_id":"8793caeb-50a2-408d-aecd-d5225c104e58","local_time":"20181230061427","is_ascension_mode":true,"campfire_choices":[{"floor":7.0,"key":"REST"},{"floor":11,"key":"REST"},{"data":"Dualcast","floor":13,"key":"SMITH"},{"floor":15,"key":"REST"}],"neow_cost":"CURSE","seed_source_timestamp":822461009966458,"circlet_count":0,"master_deck":["Strike_B","Strike_B","Strike_B","Strike_B","Defend_B","Defend_B","Defend_B","Defend_B","Zap","Dualcast+1","White Noise+1","Glacier","Static Discharge+1","Echo Form+1"],"special_seed":0,"relics":["Cracked Core","Cables","Frozen Egg 2","Molten Egg 2","Blue Candle"],"potions_floor_usage":[14,14],"damage_taken":[{"damage":10.0,"enemies":"Small Slimes","floor":1.0,"turns":3.0},{"damage":11.0,"enemies":"Jaw Worm","floor":2.0,"turns":4.0},{"damage":0.0,"enemies":"Cultist","floor":4.0,"turns":5.0},{"damage":1.0,"enemies":"Exordium Wildlife","floor":5.0,"turns":3.0},{"damage":38.0,"enemies":"Gremlin Nob","floor":6.0,"turns":5.0},{"damage":7,"enemies":"Large Slime","floor":10,"turns":6},{"damage":20,"enemies":"Lagavulin","floor":14,"turns":4},{"damage":43,"enemies":"Slime Boss","floor":16,"turns":8}],"seed_played":"-3329175971540413967","potions_obtained":[{"floor":4.0,"key":"Poison Potion"},{"floor":6.0,"key":"Energy Potion"},{"floor":10,"key":"Poison Potion"}],"is_trial":false,"path_per_floor":["M","M","$","M","M","E","R","?","T","M","R","?","R","E","R","B"],"character_chosen":"DEFECT","items_purchased":["Cables"],"campfire_rested":3,"item_purchase_floors":[3],"current_hp_per_floor":[58,47,47,47,46,8,30,30,30,23,45,34,34,14,36,0],"gold":236,"neow_bonus":"TWO_FIFTY_GOLD","is_prod":false,"is_daily":false,"chose_seed":false,"campfire_upgraded":1,"win_rate":0,"timestamp":1546146867,"path_taken":["M","M","$","M","M","E","R","?","T","M","R","?","R","E","R","BOSS"],"build_version":"2018-12-20","purchased_purges":1,"victory":false,"max_hp_per_floor":[75,75,75,75,75,75,75,75,75,75,75,75,75,75,75,75],"card_choices":[{"not_picked":["Streamline","Redo"],"picked":"White Noise","floor":1.0},{"not_picked":["Reinforced Body","Gash"],"picked":"Glacier","floor":2.0},{"not_picked":["Sweeping Beam","Barrage","Compile Driver"],"picked":"SKIP","floor":4.0},{"not_picked":["Compile Driver","Go for the Eyes","Steam"],"picked":"SKIP","floor":5.0},{"not_picked":["Steam","Compile Driver"],"picked":"Static Discharge","floor":6.0},{"not_picked":["Rebound+1","Streamline+1","Reprogram"],"picked":"SKIP","floor":10},{"not_picked":["Heatsinks+1","Darkness"],"picked":"Echo Form+1","floor":14}],"player_experience":351904,"relics_obtained":[{"floor":6.0,"key":"Frozen Egg 2"},{"floor":9,"key":"Molten Egg 2"},{"floor":14,"key":"Blue Candle"}],"event_choices":[{"damage_healed":0,"gold_gain":0,"player_choice":"Grow","damage_taken":0,"max_hp_gain":0,"max_hp_loss":0,"event_name":"Living Wall","floor":8,"gold_loss":0,"cards_upgraded":["White Noise"]},{"damage_healed":0,"gold_gain":75,"player_choice":"Gather Gold","damage_taken":11,"max_hp_gain":0,"max_hp_loss":0,"event_name":"World of Goop","floor":12,"gold_loss":0}],"is_beta":false,"boss_relics":[],"items_purged_floors":[3],"is_endless":false,"potions_floor_spawned":[4,6,10],"killed_by":"Slime Boss","ascension_level":7}