{"path_per_floor":["M","M","$","?","?","R","E","R","T","R","?","M","M","$","R","B",null,"M","$","M","$"],"character_chosen":"DEFECT","items_purchased":["FTL","Self Repair","Beam Cell"],"gold_per_floor":[215,228,75,75,75,75,110,110,110,110,185,205,220,42,42,145,145,161,14,25,25,25],"floor_reached":22,"campfire_rested":0,"playtime":1573,"current_hp_per_floor":[68,68,68,53,53,53,39,39,39,39,28,26,23,23,23,22,75,67,67,56,56,0],"items_purged":["Strike_B","Strike_B","Strike_B"],"gold":25,"score":191,"play_id":"3849fa19-5016-465e-ae93-c1592d3dc105","local_time":"20180427155231","is_prod":false,"is_daily":false,"chose_seed":false,"is_ascension_mode":true,"campfire_upgraded":4,"timestamp":1524869551,"path_taken":["M","M","$","?","?","R","E","R","T","R","?","M","?","?","R","BOSS","M","$","M","?","M"],"build_version":"2018-04-26v2","seed_source_timestamp":153981304806720,"purchased_purges":3,"victory":false,"master_deck":["Strike_B+1","Defend_B","Defend_B","Defend_B","Defend_B","Zap+1","Dualcast+1","Streamline","FTL","FTL+1","Reprogram+1","FTL","Genetic Algorithm+1","Genetic Algorithm","Self Repair","Fusion","Darkness","Beam Cell","Chill+1"],"max_hp_per_floor":[75,75,75,75,75,75,75,75,75,75,75,75,75,75,75,75,75,75,75,75,75,75],"relics":["Cracked Core","Dream Catcher","Ornamental Fan","Runic Dome"],"card_choices":[{"not_picked":["Impulse","Sweeping Beam"],"picked":"Streamline","floor":1},{"not_picked":["Capacitor","Rebound"],"picked":"FTL","floor":2},{"not_picked":["Buffer","Hologram"],"picked":"FTL","floor":7},{"not_picked":["Cold Snap","Melter"],"picked":"Genetic Algorithm","floor":12},{"not_picked":["Hologram","Heatsinks"],"picked":"Genetic Algorithm","floor":13},{"not_picked":["Creative AI","Multi-Cast"],"picked":"Fusion","floor":16},{"not_picked":["Tempest","Axe Kick"],"picked":"Darkness","floor":18},{"not_picked":["Skim","Rebound"],"picked":"Chill","floor":20}],"player_experience":426993,"potions_floor_usage":[16],"damage_taken":[{"damage":7,"enemies":"2 Louse","floor":1,"turns":2},{"damage":0,"enemies":"Cultist","floor":2,"turns":3},{"damage":14,"enemies":"Gremlin Nob","floor":7,"turns":3},{"damage":2,"enemies":"Jaw Worm","floor":12,"turns":2},{"damage":3,"enemies":"Red Slaver","floor":13,"turns":3},{"damage":8,"enemies":"Hexaghost","floor":16,"turns":8},{"damage":15,"enemies":"Chosen","floor":18,"turns":4},{"damage":18,"enemies":"Spheric Guardian","floor":20,"turns":4},{"damage":58,"enemies":"Chosen and Byrds","floor":22,"turns":7}],"event_choices":[{"event_name":"Shining Light","player_choice":"Entered Light","floor":4,"damage_taken":0},{"event_name":"Match and Keep!","player_choice":"1 cards matched","floor":5,"damage_taken":0},{"event_name":"World of Goop","player_choice":"Gather Gold","floor":11,"damage_taken":0}],"boss_relics":[{"not_picked":["Tiny House","Lizard Tail"],"picked":"Runic Dome"}],"potions_floor_spawned":[2,7],"seed_played":"-9169857385765452115","killed_by":"Chosen and Byrds","ascension_level":1,"is_trial":false}