{"path_per_floor":["M","?","M","$","M","R","M","R","T","M","$","$","M","$","R","B",null,"M","?","M","?","$","R","E","M","T","E","T","R","$","M","R","B",null,"M","$","?","M","$","E","R","E","T","M","M","R","$","M","R","B"],"character_chosen":"IRONCLAD","items_purchased":["Corruption","Shrug It Off","Burning Pact","Havoc","Dropkick","Pen Nib","Swift Potion","Weak Potion"],"gold_per_floor":[118,118,138,42,66,66,91,91,91,107,70,19,34,0,0,128,128,142,142,165,90,15,15,51,70,118,158,182,182,39,59,59,179,179,193,93,93,106,7,38,38,81,105,119,135,135,10,26,26,26],"floor_reached":51,"campfire_rested":0,"playtime":5994,"current_hp_per_floor":[78,58,52,52,57,57,26,26,26,24,24,24,30,30,30,10,63,73,73,38,38,38,38,73,68,68,72,72,72,72,74,74,28,67,83,83,83,83,83,47,47,65,65,86,80,80,80,89,89,89],"items_purged":["Strike_R","Strike_R","Strike_R"],"gold":26,"score":1030,"play_id":"be14cecc-b4a6-43f7-bdc2-45f44d9f1498","local_time":"20180420122417","is_prod":false,"is_daily":false,"chose_seed":false,"is_ascension_mode":true,"campfire_upgraded":9,"timestamp":1524252257,"path_taken":["M","?","M","?","?","R","M","R","T","M","?","$","M","$","R","BOSS","M","?","?","?","?","R","E","?","T","E","?","R","$","M","R","BOSS","M","$","?","M","$","E","R","E","T","M","M","R","?","?","R","BOSS"],"build_version":"2018-04-19","seed_source_timestamp":175586899727177,"purchased_purges":3,"victory":true,"master_deck":["Strike_R","Defend_R","Defend_R","Defend_R","Defend_R","Bash","Feel No Pain+1","Seeing Red","Corruption+1","Shrug It Off","Flame Barrier","Carnage+1","Burning Pact+1","Havoc","Double Tap+1","Dropkick+1","Reaper","Feel No Pain+1","Shockwave+1","Dropkick+1","Dual Wield","Body Slam+1","Feed","Demon Form+1","Pummel+1","Inflame"],"max_hp_per_floor":[80,80,80,80,80,80,80,80,80,80,80,80,80,80,80,80,80,80,80,80,80,80,80,80,80,80,80,80,80,80,80,80,80,80,83,83,83,83,83,83,83,83,83,86,86,86,86,89,89,89],"relics":["Black Blood","Oddly Smooth Stone","Golden Idol","Mummified Hand","Velvet Choker","Darkstone Periapt","Vajra","Blood Vial","Orichalcum","Pen Nib","Bag of Marbles","Art of War"],"card_choices":[{"not_picked":["Headbutt","Blood for Blood"],"picked":"Feel No Pain","floor":1},{"not_picked":["Cleave","Sentinel"],"picked":"Seeing Red","floor":3},{"not_picked":["Headbutt","Cleave"],"picked":"Flame Barrier","floor":7},{"not_picked":["True Grit","Bloodletting"],"picked":"Carnage","floor":10},{"not_picked":["Headbutt","Cleave"],"picked":"Double Tap","floor":13},{"not_picked":["Exhume","Immolate"],"picked":"Reaper","floor":16},{"not_picked":["Clothesline","Corruption"],"picked":"Feel No Pain","floor":18},{"not_picked":["Wild Strike","Power Through"],"picked":"Shockwave","floor":24},{"not_picked":["Warcry","Iron Wave"],"picked":"Dropkick","floor":25},{"not_picked":["Heavy Blade","Power Through"],"picked":"Dual Wield","floor":27},{"not_picked":["Infernal Blade","Clothesline"],"picked":"Body Slam","floor":31},{"not_picked":["Impervious","Brutality"],"picked":"Feed","floor":33},{"not_picked":["Iron Wave","Flame Barrier"],"picked":"Demon Form","floor":42},{"not_picked":["Headbutt","Rage"],"picked":"Pummel","floor":44},{"not_picked":["Armaments","Cleave"],"picked":"Inflame","floor":45}],"player_experience":393791,"potions_floor_usage":[16,16,24,24,33,38,40,40,48,50,50],"damage_taken":[{"damage":0,"enemies":"Jaw Worm","floor":1,"turns":3},{"damage":12,"enemies":"Small Slimes","floor":3,"turns":6},{"damage":1,"enemies":"Cultist","floor":5,"turns":4},{"damage":37,"enemies":"Lots of Slimes","floor":7,"turns":8},{"damage":8,"enemies":"Exordium Thugs","floor":10,"turns":6},{"damage":0,"enemies":"Gremlin Gang","floor":13,"turns":6},{"damage":26,"enemies":"Hexaghost","floor":16,"turns":10},{"damage":0,"enemies":"3 Byrds","floor":18,"turns":5},{"damage":45,"enemies":"Chosen","floor":20,"turns":7},{"damage":4,"enemies":"Gremlin Leader","floor":24,"turns":7},{"damage":15,"enemies":"Snake Plant","floor":25,"turns":4},{"damage":9,"enemies":"Book of Stabbing","floor":27,"turns":6},{"damage":11,"enemies":"Slaver and Parasite","floor":31,"turns":8},{"damage":54,"enemies":"Automaton","floor":33,"turns":7},{"damage":24,"enemies":"3 Darklings","floor":35,"turns":6},{"damage":2,"enemies":"3 Shapes","floor":38,"turns":3},{"damage":53,"enemies":"Nemesis","floor":40,"turns":9},{"damage":1,"enemies":"Giant Head","floor":42,"turns":7},{"damage":0,"enemies":"Maw","floor":44,"turns":6},{"damage":16,"enemies":"Sphere and 2 Shapes","floor":45,"turns":7},{"damage":0,"enemies":"3 Darklings","floor":48,"turns":5},{"damage":25,"enemies":"Time Eater","floor":50,"turns":5}],"event_choices":[{"event_name":"Golden Idol","player_choice":"Take Damage","floor":2,"damage_taken":0},{"event_name":"Accursed Blacksmith","player_choice":"Forge","floor":19,"damage_taken":0},{"event_name":"Beggar","player_choice":"Gave Gold","floor":21,"damage_taken":0},{"event_name":"Wheel of Change","player_choice":"Full Heal","floor":37,"damage_taken":0}],"boss_relics":[{"not_picked":["Runic Cube","White Beast Statue"],"picked":"Velvet Choker"},{"not_picked":["Cursed Key","Philosopher\u0027s Stone"],"picked":"Black Blood"}],"potions_floor_spawned":[3,5,13,16,20,24,31,33,35,42,44],"seed_played":"-2856958270975993646","ascension_level":9,"is_trial":false}