{"gold_per_floor":[116,116,129,89,108,108,108,108,133,98,98,126,145,67,67,143,143,156,77,77,77,77,77],"floor_reached":23,"playtime":1643,"items_purged":[],"score":342,"play_id":"f9c2eccd-d3e7-4fc0-988c-4e731b7db7e6","local_time":"20190326174652","is_ascension_mode":true,"campfire_choices":[{"data":"Bash","floor":6,"key":"SMITH"},{"data":"Disarm","floor":8,"key":"SMITH"},{"data":"Battle Trance","floor":11,"key":"SMITH"},{"data":"Inflame","floor":15,"key":"SMITH"}],"neow_cost":"TEN_PERCENT_HP_LOSS","seed_source_timestamp":27790525403398,"circlet_count":0,"master_deck":["AscendersBane","Bash+1","Disarm+1","Battle Trance+1","Combust","Flame Barrier","Pommel Strike","Inflame+1","Barricade","Infernal Blade","Heavy Blade","Limit Break","Pummel","Demon Form","Havoc","Power Through","True Grit","Havoc","Metallicize"],"relics":["Burning Blood","Pocketwatch","Happy Flower","Art of War","Question Card","Pandora\u0027s Box"],"potions_floor_usage":[],"damage_taken":[{"damage":12,"enemies":"Jaw Worm","floor":1,"turns":2},{"damage":2,"enemies":"2 Louse","floor":3,"turns":3},{"damage":9,"enemies":"Cultist","floor":5,"turns":5},{"damage":31,"enemies":"Gremlin Nob","floor":12,"turns":5},{"damage":6,"enemies":"2 Fungi Beasts","floor":13,"turns":3},{"damage":12,"enemies":"The Guardian","floor":16,"turns":11},{"damage":4,"enemies":"Spheric Guardian","floor":18,"turns":3},{"damage":62,"enemies":"Gremlin Leader","floor":23,"turns":4}],"seed_played":"-9002817967352579560","potions_obtained":[{"floor":1,"key":"EssenceOfSteel"},{"floor":13,"key":"Block Potion"}],"is_trial":false,"path_per_floor":["M","?","M","$","M","R","?","R","T","?","R","E","M","$","R","B",null,"M","$","?","$","?","E"],"character_chosen":"IRONCLAD","items_purchased":["Combust","Inflame","Metallicize"],"campfire_rested":0,"item_purchase_floors":[4,14,19],"current_hp_per_floor":[62,51,55,55,52,52,52,52,52,68,68,43,43,43,43,37,60,62,62,62,62,62,0],"gold":77,"neow_bonus":"ONE_RARE_RELIC","is_prod":false,"is_daily":false,"chose_seed":false,"campfire_upgraded":4,"win_rate":0,"timestamp":1553618812,"path_taken":["M","?","M","$","M","R","?","R","T","?","R","E","M","$","R","BOSS","M","$","?","$","?","E"],"build_version":"2019-01-23","purchased_purges":0,"victory":false,"max_hp_per_floor":[68,68,68,68,68,68,68,68,68,68,68,68,68,68,68,68,68,68,68,68,68,68,68],"card_choices":[{"not_picked":["Dropkick","Flame Barrier"],"picked":"Disarm","floor":1},{"not_picked":["Heavy Blade","Flex"],"picked":"Battle Trance","floor":3},{"not_picked":["Cleave","Intimidate","Power Through"],"picked":"SKIP","floor":5},{"not_picked":["Dropkick","Bloodletting"],"picked":"Flame Barrier","floor":12},{"not_picked":["Uppercut","Havoc","Perfected Strike"],"picked":"Pommel Strike","floor":13},{"not_picked":["Immolate","Dark Embrace","Limit Break"],"picked":"Barricade","floor":16},{"not_picked":["Blood for Blood","Second Wind","Flex"],"picked":"Havoc","floor":18}],"player_experience":480661,"relics_obtained":[{"floor":9,"key":"Art of War"},{"floor":12,"key":"Question Card"}],"event_choices":[{"damage_healed":0,"gold_gain":0,"player_choice":"Success","damage_taken":11,"relics_obtained":["Happy Flower"],"max_hp_gain":0,"max_hp_loss":0,"event_name":"Scrap Ooze","floor":2,"gold_loss":0},{"damage_healed":0,"gold_gain":0,"player_choice":"Ignored","damage_taken":0,"max_hp_gain":0,"max_hp_loss":0,"event_name":"Shining Light","floor":7,"gold_loss":0},{"damage_healed":17,"gold_gain":0,"player_choice":"Healed","damage_taken":0,"max_hp_gain":0,"max_hp_loss":0,"event_name":"The Cleric","floor":10,"gold_loss":35},{"damage_healed":0,"gold_gain":0,"player_choice":"Ignored","damage_taken":0,"max_hp_gain":0,"max_hp_loss":0,"event_name":"Vampires","floor":20,"gold_loss":0},{"cards_removed":["Berserk"],"damage_healed":0,"gold_gain":0,"player_choice":"Elegance","damage_taken":0,"max_hp_gain":0,"max_hp_loss":0,"event_name":"Back to Basics","floor":22,"gold_loss":0}],"is_beta":false,"boss_relics":[{"not_picked":["Velvet Choker","Coffee Dripper"],"picked":"Pandora\u0027s Box"}],"items_purged_floors":[],"is_endless":false,"potions_floor_spawned":[1,13,16],"killed_by":"Gremlin Leader","ascension_level":17}