{"gold_per_floor":[112,124,49,49,68,68,100,116,143,177,177,187,221,239,239,339,339,352,277,130,230,241,268,268,279,279,298,298,298,298,162,162,162],"floor_reached":33,"playtime":834,"items_purged":["Strike_R","Strike_R"],"score":486,"play_id":"92c7d232-35b6-4aa3-b4ae-858633588a18","local_time":"20181025224418","is_ascension_mode":true,"campfire_choices":[{"data":"Body Slam","floor":6,"key":"SMITH"},{"data":"Whirlwind","floor":11,"key":"SMITH"},{"data":"Inflame","floor":15,"key":"SMITH"},{"data":"Limit Break","floor":24,"key":"SMITH"},{"floor":28,"key":"REST"},{"data":"Pummel","floor":32,"key":"SMITH"}],"neow_cost":"NONE","seed_source_timestamp":513119230424269,"circlet_count":0,"master_deck":["Strike_R","Strike_R","Defend_R","Defend_R","Defend_R","Defend_R","Bash","Fiend Fire","Body Slam+1","Whirlwind+1","Inflame+1","Limit Break+1","Feed","Cleave","Entrench+1","Sentinel+1","Pummel+1"],"relics":["Burning Blood","Oddly Smooth Stone","Bag of Preparation","Centennial Puzzle","Gremlin Horn","Cursed Key","PreservedInsect","Turnip","Kunai","Toxic Egg 2"],"potions_floor_usage":[7,10,16,27,33],"damage_taken":[{"damage":7,"enemies":"2 Louse","floor":1,"turns":2},{"damage":6,"enemies":"Cultist","floor":2,"turns":3},{"damage":7,"enemies":"Jaw Worm","floor":5,"turns":2},{"damage":8,"enemies":"Gremlin Nob","floor":7,"turns":3},{"damage":18,"enemies":"Large Slime","floor":8,"turns":6},{"damage":14,"enemies":"3 Sentries","floor":10,"turns":3},{"damage":8,"enemies":"Blue Slaver","floor":12,"turns":2},{"damage":34,"enemies":"Lagavulin","floor":13,"turns":4},{"damage":1,"enemies":"Exordium Wildlife","floor":14,"turns":2},{"damage":0,"enemies":"Slime Boss","floor":16,"turns":6},{"damage":0,"enemies":"Spheric Guardian","floor":18,"turns":2},{"damage":28,"enemies":"Colosseum Slavers","floor":21,"turns":3},{"damage":16,"enemies":"Colosseum Nobs","floor":21,"turns":3},{"damage":0,"enemies":"Chosen","floor":22,"turns":3},{"damage":22,"enemies":"Slavers","floor":23,"turns":2},{"damage":24,"enemies":"Snake Plant","floor":25,"turns":3},{"damage":4,"enemies":"Snecko","floor":27,"turns":3},{"damage":96,"enemies":"Collector","floor":33,"turns":7}],"seed_played":"8765630042343106660","potions_obtained":[{"floor":4,"key":"Poison Potion"},{"floor":4,"key":"AttackPotion"},{"floor":4,"key":"EssenceOfSteel"},{"floor":8,"key":"SteroidPotion"},{"floor":13,"key":"Ancient Potion"},{"floor":21,"key":"PowerPotion"},{"floor":27,"key":"Ancient Potion"}],"is_trial":false,"path_per_floor":["M","M","$","?","M","R","E","M","T","E","R","M","E","M","R","B",null,"M","?","$","?","M","E","R","M","T","M","R","?","T","$","R"],"character_chosen":"IRONCLAD","items_purchased":["PreservedInsect","Pummel"],"campfire_rested":1,"item_purchase_floors":[20,31],"current_hp_per_floor":[71,71,71,71,70,70,68,56,56,48,48,46,18,23,23,29,67,73,73,73,44,50,34,34,19,19,21,46,74,74,74,74,0],"gold":162,"neow_bonus":"ONE_RANDOM_RARE_CARD","is_prod":false,"is_daily":false,"chose_seed":false,"campfire_upgraded":5,"win_rate":0,"timestamp":1540521858,"path_taken":["M","M","$","?","M","R","E","M","T","E","R","M","E","M","R","BOSS","M","?","$","?","M","E","R","M","T","M","R","?","?","?","R","BOSS"],"build_version":"2018-10-25v2","purchased_purges":2,"victory":false,"max_hp_per_floor":[80,80,80,80,80,80,80,80,80,80,80,80,80,80,80,80,80,80,80,80,83,83,83,83,86,86,86,86,86,86,86,86,86],"card_choices":[{"not_picked":["Perfected Strike","Intimidate"],"picked":"Body Slam","floor":1},{"not_picked":["Bloodletting","Clothesline","Havoc"],"picked":"SKIP","floor":2},{"not_picked":["Clothesline","Body Slam","Thunderclap"],"picked":"SKIP","floor":5},{"not_picked":["Fire Breathing","Battle Trance"],"picked":"Whirlwind","floor":7},{"not_picked":["Flex","Thunderclap","Wild Strike"],"picked":"SKIP","floor":8},{"not_picked":["Blood for Blood","Shockwave"],"picked":"Inflame","floor":10},{"not_picked":["Pummel","Flex","Reckless Charge"],"picked":"SKIP","floor":12},{"not_picked":["True Grit","Shockwave"],"picked":"Limit Break","floor":13},{"not_picked":["Rampage","True Grit","Pommel Strike"],"picked":"SKIP","floor":14},{"not_picked":["Demon Form","Bludgeon"],"picked":"Feed","floor":16},{"not_picked":["Clothesline+1","Sentinel+1"],"picked":"Cleave","floor":18},{"not_picked":["Clothesline","Heavy Blade","Hemokinesis"],"picked":"SKIP","floor":22},{"not_picked":["Demon Form","Shockwave"],"picked":"Entrench","floor":23},{"not_picked":["Warcry+1","Flame Barrier+1"],"picked":"Sentinel+1","floor":25},{"not_picked":["Clash","Reckless Charge","Pommel Strike"],"picked":"SKIP","floor":27}],"player_experience":944574,"relics_obtained":[{"floor":7,"key":"Oddly Smooth Stone"},{"floor":9,"key":"Bag of Preparation"},{"floor":10,"key":"Centennial Puzzle"},{"floor":13,"key":"Gremlin Horn"},{"floor":21,"key":"Turnip"},{"floor":21,"key":"Kunai"},{"floor":23,"key":"Toxic Egg 2"}],"event_choices":[{"damage_healed":0,"gold_gain":0,"player_choice":"Got Potions","damage_taken":0,"max_hp_gain":0,"max_hp_loss":0,"event_name":"The Lab","floor":4,"gold_loss":0},{"cards_removed":["Strike_R"],"damage_healed":0,"gold_gain":0,"player_choice":"Gave Gold","damage_taken":0,"max_hp_gain":0,"max_hp_loss":0,"event_name":"Beggar","floor":19,"gold_loss":75},{"damage_healed":0,"gold_gain":0,"player_choice":"Fight","damage_taken":0,"max_hp_gain":0,"max_hp_loss":0,"event_name":"Colosseum","floor":21,"gold_loss":0},{"damage_healed":0,"gold_gain":0,"player_choice":"Fought Nobs","damage_taken":0,"max_hp_gain":0,"max_hp_loss":0,"event_name":"Colosseum","floor":21,"gold_loss":0},{"damage_healed":28,"gold_gain":0,"player_choice":"Heal","damage_taken":0,"max_hp_gain":0,"max_hp_loss":0,"event_name":"The Library","floor":29,"gold_loss":0}],"is_beta":true,"boss_relics":[{"not_picked":["Coffee Dripper","Black Star"],"picked":"Cursed Key"}],"items_purged_floors":[3,31],"is_endless":false,"potions_floor_spawned":[5,8,13,14,21,21,22,25,27],"killed_by":"Collector","ascension_level":9}