{"gold_per_floor":[113,229,129,129,129,174,174,201,251,277,277,78,104,125,125,261,261,283,155,155,177,203,252,323,355,355,398,398,419,458,470],"floor_reached":31,"playtime":1336,"items_purged":["Defend_G"],"score":329,"play_id":"5f2c905f-0302-4bd2-bfbb-1da8a8cdb365","local_time":"20190307004020","is_ascension_mode":false,"campfire_choices":[{"data":"Ghostly","floor":11,"key":"SMITH"},{"data":"Malaise","floor":15,"key":"SMITH"},{"data":"Noxious Fumes","floor":24,"key":"SMITH"}],"neow_cost":"NONE","seed_source_timestamp":1331605983911779,"circlet_count":0,"master_deck":["Defend_G","Defend_G","Defend_G","Defend_G","Strike_G","Strike_G","Strike_G","Strike_G","Survivor","Neutralize","Noxious Fumes+1","Dodge and Roll","Ghostly+1","Malaise+1","Bane","Well Laid Plans+1","A Thousand Cuts+1","strawberrySpire:Insectonator","Bane","Slice","Deadly Poison","Glass Knife","Dagger Spray"],"relics":["Ring of the Snake","NeowsBlessing","Bandana","Golden Idol","ShockBauble","Replay:Wax Seal","Lee\u0027s Waffle","strawberrySpire:CharschorBlot","Black Star","Blue Doll","conspire:Dentures","hubris:BottledRain","SpikesRelics:DaevaFist","hubris:MedicalManual"],"potions_floor_usage":[29,29,29,30,31],"damage_taken":[{"damage":0,"enemies":"Cultist","floor":1,"turns":1},{"damage":0,"enemies":"Small Slimes","floor":2,"turns":1},{"damage":0,"enemies":"Lagavulin","floor":6,"turns":1},{"damage":0,"enemies":"2 Louse","floor":8,"turns":5},{"damage":2,"enemies":"2 Fungi Beasts","floor":10,"turns":5},{"damage":2,"enemies":"3 Louse","floor":13,"turns":5},{"damage":0,"enemies":"Red Slaver","floor":14,"turns":6},{"damage":50,"enemies":"Slime Boss","floor":16,"turns":17},{"damage":5,"enemies":"Chosen","floor":18,"turns":8},{"damage":4,"enemies":"Shell Parasite","floor":21,"turns":7},{"damage":22,"enemies":"Shelled Parasite and Fungi","floor":22,"turns":6},{"damage":0,"enemies":"Replay:Snechameleon","floor":23,"turns":9},{"damage":6,"enemies":"Snake Plant","floor":25,"turns":6},{"damage":11,"enemies":"conspire:Head Lice","floor":27,"turns":6},{"damage":22,"enemies":"Snecko","floor":29,"turns":8},{"damage":4,"enemies":"Centurion and Healer","floor":30,"turns":7},{"damage":9,"enemies":"Sentry and Sphere","floor":31,"turns":2}],"seed_played":"1011983571843827114","potions_obtained":[{"floor":1,"key":"Weak Potion"},{"floor":6,"key":"SmokeBomb"},{"floor":8,"key":"Reflective Coating"},{"floor":27,"key":"EntropicBrew"}],"is_trial":false,"path_per_floor":["M","M","?","?","?","E","?","M","T","M","R","$","M","M","R","B",null,"M","$","?","M","M","E","R","M","T","E","?","M","M","M"],"character_chosen":"THE_SILENT","items_purchased":["Lee\u0027s Waffle","strawberrySpire:Insectonator"],"campfire_rested":0,"item_purchase_floors":[12,19],"current_hp_per_floor":[70,70,70,52,35,35,35,35,35,33,33,77,75,75,75,25,77,72,72,72,68,46,46,46,40,40,29,29,7,3,0],"gold":470,"neow_bonus":"THREE_ENEMY_KILL","is_prod":false,"is_daily":false,"chose_seed":false,"campfire_upgraded":3,"win_rate":0,"timestamp":1551937220,"path_taken":["M","?","?","?","?","E","?","M","T","?","R","$","M","M","R","BOSS","M","$","?","M","M","E","R","M","T","E","?","?","M","M"],"build_version":"2019-01-23","purchased_purges":1,"victory":false,"max_hp_per_floor":[70,70,70,70,70,70,70,70,70,70,70,77,77,77,77,77,77,77,77,77,77,77,77,77,77,77,77,77,77,77,77],"card_choices":[{"not_picked":["Footwork","hubris:SlightOfHand"],"picked":"Noxious Fumes","floor":1},{"not_picked":["Escape Plan","strawberrySpire:Slide"],"picked":"Dodge and Roll","floor":2},{"not_picked":["Bane","Reflex"],"picked":"Malaise","floor":6},{"not_picked":["Underhanded Strike","strawberrySpire:SideSwipe"],"picked":"Bane","floor":8},{"not_picked":["Hidden Blade","strawberrySpire:DeltaFlow","strawberrySpire:Pant"],"picked":"SKIP","floor":10},{"not_picked":["Slice","Hidden Blade","Reflex"],"picked":"SKIP","floor":13},{"not_picked":["Heel Hook","Dagger Spray","Flying Knee"],"picked":"SKIP","floor":14},{"not_picked":["Malaise","strawberrySpire:KnifeParty"],"picked":"A Thousand Cuts","floor":16},{"not_picked":["Infinite Blades","Draining Mist","Underhanded Strike"],"picked":"SKIP","floor":18},{"not_picked":["Quick Slash","Endless Agony","Predator+1"],"picked":"SKIP","floor":21},{"not_picked":["Fluid Movement+1","Draining Mist"],"picked":"Bane","floor":22},{"not_picked":["strawberrySpire:SpinKick","Deflect"],"picked":"Slice","floor":23},{"not_picked":["strawberrySpire:Lockstep","PiercingWail","Flying Knee"],"picked":"SKIP","floor":25},{"not_picked":["Sucker Punch+1","Deflect"],"picked":"Deadly Poison","floor":27},{"not_picked":["Deflect","ShadowRift"],"picked":"Glass Knife","floor":29},{"not_picked":["strawberrySpire:SpinKick","strawberrySpire:Momentum+1"],"picked":"Dagger Spray","floor":30}],"player_experience":723152,"relics_obtained":[{"floor":6,"key":"ShockBauble"},{"floor":9,"key":"Replay:Wax Seal"},{"floor":23,"key":"Blue Doll"},{"floor":23,"key":"conspire:Dentures"},{"floor":26,"key":"hubris:BottledRain"},{"floor":27,"key":"SpikesRelics:DaevaFist"},{"floor":27,"key":"hubris:MedicalManual"}],"event_choices":[{"damage_healed":0,"gold_gain":0,"player_choice":"Argue","damage_taken":0,"max_hp_gain":0,"max_hp_loss":0,"event_name":"conspire:LoneGhost","floor":3,"gold_loss":0},{"damage_healed":0,"gold_gain":0,"player_choice":"Success","damage_taken":18,"relics_obtained":["Bandana"],"max_hp_gain":0,"max_hp_loss":0,"event_name":"Scrap Ooze","floor":4,"gold_loss":0},{"damage_healed":0,"gold_gain":0,"player_choice":"Take Damage","damage_taken":17,"relics_obtained":["Golden Idol"],"max_hp_gain":0,"max_hp_loss":0,"event_name":"Golden Idol","floor":5,"gold_loss":0},{"damage_healed":0,"gold_gain":0,"player_choice":"Ignored","damage_taken":0,"max_hp_gain":0,"max_hp_loss":0,"event_name":"NoteForYourself","floor":7,"gold_loss":0},{"damage_healed":0,"gold_gain":0,"player_choice":"Forge","damage_taken":0,"max_hp_gain":0,"max_hp_loss":0,"event_name":"Accursed Blacksmith","floor":28,"gold_loss":0,"cards_upgraded":["A Thousand Cuts"]}],"is_beta":false,"boss_relics":[{"not_picked":["Lizard Tail","CosmicIsotope"],"picked":"Black Star"}],"items_purged_floors":[19],"is_endless":false,"potions_floor_spawned":[1,6,8,18,21,27],"killed_by":"Sentry and Sphere","ascension_level":0}