{"gold_per_floor":[115,115,5,20,20,20,39,56,56,56,112,143,171,195,207,324,336,364,394,258,288,301,301,301,301],"floor_reached":25,"playtime":596,"items_purged":[],"score":324,"play_id":"59154cec-7b76-4796-b318-7bc5ed9cbe71","local_time":"20190331224656","is_ascension_mode":true,"campfire_choices":[{"data":"Bash","floor":6,"key":"SMITH"},{"data":"Inflame","floor":15,"key":"SMITH"},{"data":"Body Slam","floor":23,"key":"SMITH"}],"neow_cost":"NONE","seed_source_timestamp":3481886312432833,"circlet_count":0,"master_deck":["Strike_R+1","Strike_R+1","Strike_R+1","Strike_R+1","Strike_R+1","Defend_R+1","Defend_R+1","Defend_R+1","Defend_R+1","Bash+1","Body Slam+1","Inflame+1","Shrug It Off+1","Cleave","Inflame","Feed","Invigoration","Inflame","ReplayTheSpireMod:Stacked","Cleave"],"special_seed":0,"relics":["Burning Blood","aspiration:AnachronicSnailShell","FaceOfCleric","Mercury Hourglass","Incense Burner","MawBank","conspire:SpecialSausage","Bronze Scales","Red Mask"],"potions_floor_usage":[8,18,21,21],"damage_taken":[{"damage":6,"enemies":"Cultist","floor":1,"turns":4},{"damage":7,"enemies":"Jaw Worm","floor":4,"turns":4},{"damage":2,"enemies":"Small Slimes","floor":7,"turns":4},{"damage":14,"enemies":"3 Louse","floor":8,"turns":2},{"damage":30,"enemies":"Lagavulin Event","floor":11,"turns":4},{"damage":13,"enemies":"Gremlin Nob","floor":12,"turns":4},{"damage":0,"enemies":"Red Slaver","floor":13,"turns":5},{"damage":4,"enemies":"Looter","floor":14,"turns":4},{"damage":31,"enemies":"The Guardian","floor":16,"turns":14},{"damage":17,"enemies":"2 Thieves","floor":18,"turns":4},{"damage":22,"enemies":"Shell Parasite","floor":19,"turns":6},{"damage":60,"enemies":"Masked Bandits","floor":21,"turns":5},{"damage":26,"enemies":"Sentry and Sphere","floor":22,"turns":5},{"damage":13,"enemies":"Gremlin Leader","floor":25,"turns":4}],"seed_played":"-366046534052993371","potions_obtained":[{"floor":4,"key":"Poison Potion"},{"floor":11,"key":"conspire:TimeTravelPotion"},{"floor":13,"key":"Explosive Potion"},{"floor":14,"key":"Fire Potion"},{"floor":21,"key":"Dexterity Potion"},{"floor":22,"key":"Strength Potion"}],"is_trial":false,"path_per_floor":["M","?","$","M","?","R","M","M","T","?","?","E","M","M","R","B",null,"M","M","$","?","M","R","?","E"],"character_chosen":"IRONCLAD","items_purchased":["Inflame","Shrug It Off+1","Bronze Scales"],"campfire_rested":0,"item_purchase_floors":[3,3,20],"current_hp_per_floor":[80,68,68,67,67,67,72,65,65,70,47,41,48,54,54,30,85,75,63,63,31,12,12,12,0],"gold":301,"neow_bonus":"TEN_PERCENT_HP_BONUS","is_prod":false,"is_daily":false,"chose_seed":false,"campfire_upgraded":3,"win_rate":0,"timestamp":1554086816,"path_taken":["M","?","?","M","?","R","?","M","T","?","?","E","M","M","R","BOSS","M","M","$","?","M","R","?","E"],"build_version":"2019-01-23","purchased_purges":0,"victory":false,"max_hp_per_floor":[88,88,88,88,88,88,89,90,90,95,96,97,98,102,102,103,103,104,108,108,112,113,113,113,113],"card_choices":[{"not_picked":["Perfected Strike","Defy Death"],"picked":"Body Slam","floor":1},{"not_picked":["strawberrySpire:Endurance","strawberrySpire:Aggression","Warcry"],"picked":"SKIP","floor":4},{"not_picked":["Life Link","strawberrySpire:Aggression"],"picked":"Cleave","floor":7},{"not_picked":["Replay:Undeath\u0027s Touch","strawberrySpire:FireDrill"],"picked":"Inflame","floor":8},{"not_picked":["Sever Soul","strawberrySpire:Harvest"],"picked":"Feed","floor":12},{"not_picked":["Run Through","True Grit","Hemokinesis"],"picked":"SKIP","floor":13},{"not_picked":["Battle Trance","strawberrySpire:FireDrill","Flex"],"picked":"SKIP","floor":14},{"not_picked":["Flex","Massacre"],"picked":"Invigoration","floor":18},{"not_picked":["Shrug It Off+1","Intimidate"],"picked":"Inflame","floor":19},{"not_picked":["Spot Weakness","Heavy Blade"],"picked":"ReplayTheSpireMod:Stacked","floor":21},{"not_picked":["Shockwave","Havoc"],"picked":"Cleave","floor":22}],"player_experience":741846,"relics_obtained":[{"floor":9,"key":"Mercury Hourglass"},{"floor":11,"key":"Incense Burner"},{"floor":12,"key":"MawBank"},{"floor":21,"key":"Red Mask"}],"event_choices":[{"damage_healed":0,"gold_gain":0,"player_choice":"Success","damage_taken":12,"relics_obtained":["aspiration:AnachronicSnailShell"],"max_hp_gain":0,"max_hp_loss":0,"event_name":"Scrap Ooze","floor":2,"gold_loss":0},{"damage_healed":0,"gold_gain":0,"player_choice":"Trade","damage_taken":0,"relics_obtained":["FaceOfCleric"],"max_hp_gain":0,"max_hp_loss":0,"event_name":"FaceTrader","floor":5,"gold_loss":0},{"damage_healed":0,"gold_gain":0,"player_choice":"Donut","damage_taken":0,"max_hp_gain":5,"max_hp_loss":0,"event_name":"Big Fish","floor":10,"gold_loss":0},{"damage_healed":0,"gold_gain":0,"player_choice":"Searched \u00272\u0027 times","damage_taken":0,"max_hp_gain":0,"max_hp_loss":0,"event_name":"Dead Adventurer","floor":11,"gold_loss":0},{"damage_healed":0,"gold_gain":0,"player_choice":"Fought Bandits","damage_taken":0,"max_hp_gain":0,"max_hp_loss":0,"event_name":"Masked Bandits","floor":21,"gold_loss":0},{"damage_healed":0,"gold_gain":0,"player_choice":"Simplicity","damage_taken":0,"max_hp_gain":0,"max_hp_loss":0,"event_name":"Back to Basics","floor":24,"gold_loss":0,"cards_upgraded":["Strike_R","Strike_R","Strike_R","Strike_R","Strike_R","Defend_R","Defend_R","Defend_R","Defend_R"]}],"is_beta":false,"boss_relics":[{"not_picked":["hubris:ScarierMask","infinitespire:Cupcake"],"picked":"conspire:SpecialSausage"}],"items_purged_floors":[],"is_endless":false,"potions_floor_spawned":[4,11,13,14,21,22],"killed_by":"Gremlin Leader","ascension_level":7}