{"path_per_floor":["M","M","?","M","M","R","?","R","T","$","M","M","R","M","R","B",null,"M","M","M","$","M","R","$","M","T","?","$","M","M","?","R"],"character_chosen":"IRONCLAD","items_purchased":[],"gold_per_floor":[11,22,22,36,46,46,46,46,46,46,69,93,93,114,114,243,243,268,288,311,236,260,260,160,179,206,206,81,96,119,119,119,119],"floor_reached":33,"campfire_rested":3,"playtime":563,"current_hp_per_floor":[80,80,80,75,75,75,55,55,55,55,60,59,80,75,75,21,80,48,34,34,34,19,43,43,23,23,49,49,17,11,11,35,0],"items_purged":["Strike_R","Strike_R","Strike_R"],"gold":119,"score":243,"play_id":"1e0cdf51-0fa9-42cd-b825-f721843a0906","local_time":"20180330163127","is_prod":false,"is_daily":false,"is_ascension_mode":false,"campfire_upgraded":3,"timestamp":1522441887,"path_taken":["M","M","?","M","M","R","?","R","T","?","M","M","R","?","R","BOSS","M","M","M","$","M","R","$","M","T","?","$","M","M","?","R","BOSS"],"build_version":"2018-03-29v2","purchased_purges":3,"victory":false,"master_deck":["Strike_R","Strike_R","Defend_R","Defend_R","Defend_R","Defend_R","Bash+1","Bludgeon+1","Whirlwind+1","Writhe","Flex"],"max_hp_per_floor":[80,80,80,80,80,80,80,80,80,80,80,80,80,80,80,80,80,80,80,80,80,80,80,80,80,80,80,80,80,80,80,80,80],"relics":["Black Blood","Golden Idol","Art of War","Dream Catcher","Sundial"],"card_choices":[{"not_picked":["Reaper","Feed"],"picked":"Bludgeon","floor":0},{"not_picked":["Twin Strike","Sword Boomerang"],"picked":"Whirlwind","floor":2},{"not_picked":["Searing Blow","Body Slam"],"picked":"Flex","floor":32}],"player_experience":286100,"potions_floor_usage":[30,30],"damage_taken":[{"damage":0,"enemies":"Cultist","floor":1,"turns":2},{"damage":0,"enemies":"Small Slimes","floor":2,"turns":2},{"damage":11,"enemies":"Jaw Worm","floor":4,"turns":2},{"damage":6,"enemies":"Exordium Wildlife","floor":5,"turns":3},{"damage":1,"enemies":"2 Fungi Beasts","floor":11,"turns":2},{"damage":7,"enemies":"Blue Slaver","floor":12,"turns":2},{"damage":11,"enemies":"Gremlin Gang","floor":14,"turns":3},{"damage":60,"enemies":"The Guardian","floor":16,"turns":7},{"damage":42,"enemies":"2 Thieves","floor":18,"turns":4},{"damage":24,"enemies":"Spheric Guardian","floor":19,"turns":4},{"damage":10,"enemies":"Snecko","floor":20,"turns":3},{"damage":25,"enemies":"Centurion and Healer","floor":22,"turns":6},{"damage":30,"enemies":"Sentry and Sphere","floor":25,"turns":4},{"damage":42,"enemies":"Snake Plant","floor":29,"turns":4},{"damage":16,"enemies":"3 Cultists","floor":30,"turns":4},{"damage":39,"enemies":"Collector","floor":33,"turns":3}],"event_choices":[{"event_name":"Liars Game","player_choice":"disagreed","floor":3,"damage_taken":0},{"event_name":"Golden Idol","player_choice":"Take Damage","floor":7,"damage_taken":0},{"event_name":"The Library","player_choice":"Heal","floor":27,"damage_taken":0},{"event_name":"The Mausoleum","player_choice":"Yes","floor":31,"damage_taken":0}],"boss_relics":[{"not_picked":["Tiny House","Eternal Feather"],"picked":"Black Blood"}],"potions_floor_spawned":[1,2,12,14,19,29],"seed_played":"5418093819334274271","killed_by":"Collector","ascension_level":0,"is_trial":false}