{"path_per_floor":["M","M","?","M","?","E","R","E","T","E","R","M","R","M","R","B",null,"M","M","?","M","$","R","M","M","T","M","R","E","?","M","R","B",null,"M","M","M","M","$","R","E","R","T","?","R","M","$","M","R","B"],"character_chosen":"THE_SILENT","items_purchased":["Toxic Egg 2","Distraction","Kunai","Setup","Setup"],"gold_per_floor":[112,125,75,88,88,121,121,151,221,248,248,266,266,277,277,377,377,394,414,414,424,49,49,60,80,80,90,90,118,118,130,130,233,233,249,269,285,296,10,10,37,37,114,114,114,126,9,26,26,26],"floor_reached":51,"campfire_rested":2,"playtime":6337,"current_hp_per_floor":[70,70,70,70,70,53,53,31,31,11,11,7,28,28,28,28,70,71,72,72,66,66,72,72,53,53,39,49,22,6,6,38,24,76,76,78,74,74,74,80,80,80,80,80,80,80,80,80,80,36],"items_purged":["Writhe","Noxious Fumes"],"gold":26,"score":874,"play_id":"2bc7daf7-0dea-4c94-b6f4-bb269c9b03fe","local_time":"20180412122512","is_prod":false,"is_daily":false,"is_ascension_mode":true,"campfire_upgraded":6,"timestamp":1523561112,"path_taken":["M","M","?","M","?","E","R","E","T","E","R","M","R","?","R","BOSS","M","M","?","M","$","R","?","M","T","M","R","E","?","M","R","BOSS","M","M","M","M","$","R","E","R","T","?","R","M","$","M","R","BOSS"],"build_version":"2018-04-05v2","purchased_purges":2,"victory":true,"master_deck":["Defend_G","Defend_G","Defend_G","Strike_G","Strike_G","Strike_G","Strike_G","Strike_G","Survivor","Neutralize+1","Deflect","Terror+1","Slice+1","Jack Of All Trades+1","Cloak And Dagger+1","Flying Knee","Finisher+1","Cloak And Dagger+1","Masterful Stab","Bouncing Flask","Night Terror+1","Endless Agony+1","Expertise+1","Distraction+1","Slice+1","Escape Plan+1","Adrenaline+1","Masterful Stab","Slice+1","Outmaneuver+1","Deflect+1","Setup+1","Setup+1","Slice+1"],"max_hp_per_floor":[70,70,70,70,70,70,70,70,70,70,70,70,70,70,70,70,70,72,72,72,72,72,72,72,72,72,72,72,74,74,76,76,76,76,76,78,80,80,80,80,80,80,80,80,80,80,80,80,80,80],"relics":["Ring of the Snake","Singing Bowl","Dodecahedron","Centennial Puzzle","Whetstone","Eternal Feather","Girya","Toxic Egg 2","Unceasing Top","The Courier","Enchiridion","Runic Dome","Kunai","Omamori","Molten Egg 2"],"card_choices":[{"not_picked":["Sucker Punch","Quick Slash"],"picked":"Deflect","floor":1},{"not_picked":["Sucker Punch","Riddle With Holes"],"picked":"Terror","floor":2},{"not_picked":["Cloak And Dagger","Underhanded Strike"],"picked":"Slice","floor":4},{"not_picked":["All Out Attack","Accuracy"],"picked":"Flying Knee","floor":6},{"not_picked":["Catalyst","Distraction"],"picked":"Finisher","floor":8},{"not_picked":["Skewer","Predator"],"picked":"Cloak And Dagger","floor":10},{"not_picked":["Predator","Finisher"],"picked":"Masterful Stab","floor":12},{"not_picked":["Dagger Spray","Dash"],"picked":"Bouncing Flask","floor":14},{"not_picked":["Envenom","Wraith Form"],"picked":"Night Terror","floor":16},{"not_picked":["Backflip","Setup"],"picked":"Endless Agony","floor":19},{"not_picked":["Dodge and Roll","Backstab"],"picked":"Expertise","floor":21},{"not_picked":["Riddle With Holes","Dagger Throw"],"picked":"Noxious Fumes","floor":24},{"not_picked":["Endless Agony","Deadly Poison"],"picked":"Slice","floor":25},{"not_picked":["Quick Slash","Dodge and Roll"],"picked":"Escape Plan","floor":27},{"not_picked":["Unload","Tools of the Trade"],"picked":"Adrenaline","floor":33},{"not_picked":["Quick Slash","Noxious Fumes"],"picked":"Masterful Stab","floor":35},{"not_picked":["Skewer","Quick Slash"],"picked":"Slice","floor":38},{"not_picked":["All Out Attack","Accuracy"],"picked":"Outmaneuver","floor":41},{"not_picked":["Dagger Spray","Acrobatics"],"picked":"Deflect","floor":46},{"not_picked":["Infinite Blades","Flying Knee"],"picked":"Slice","floor":48}],"player_experience":235905,"potions_floor_usage":[6,12,16,18,33,38,41,50,50,50],"damage_taken":[{"damage":0,"enemies":"Small Slimes","floor":1,"turns":4},{"damage":0,"enemies":"2 Louse","floor":2,"turns":2},{"damage":0,"enemies":"Cultist","floor":4,"turns":4},{"damage":17,"enemies":"3 Sentries","floor":6,"turns":12},{"damage":22,"enemies":"Lagavulin","floor":8,"turns":9},{"damage":20,"enemies":"3 Sentries","floor":10,"turns":7},{"damage":4,"enemies":"Large Slime","floor":12,"turns":3},{"damage":0,"enemies":"Gremlin Gang","floor":14,"turns":4},{"damage":0,"enemies":"Slime Boss","floor":16,"turns":6},{"damage":1,"enemies":"Spheric Guardian","floor":18,"turns":3},{"damage":1,"enemies":"Shell Parasite","floor":19,"turns":2},{"damage":6,"enemies":"Snake Plant","floor":21,"turns":4},{"damage":0,"enemies":"3 Cultists","floor":24,"turns":3},{"damage":19,"enemies":"Slaver and Parasite","floor":25,"turns":7},{"damage":14,"enemies":"Snecko","floor":27,"turns":4},{"damage":29,"enemies":"Gremlin Leader","floor":29,"turns":4},{"damage":2,"enemies":"Snake Plant","floor":31,"turns":2},{"damage":14,"enemies":"Collector","floor":33,"turns":7},{"damage":0,"enemies":"3 Shapes","floor":35,"turns":2},{"damage":0,"enemies":"Orb Walker","floor":36,"turns":2},{"damage":6,"enemies":"4 Shapes","floor":37,"turns":5},{"damage":0,"enemies":"Maw","floor":38,"turns":5},{"damage":0,"enemies":"Giant Head","floor":41,"turns":3},{"damage":0,"enemies":"3 Darklings","floor":46,"turns":2},{"damage":0,"enemies":"Sphere and 2 Shapes","floor":48,"turns":2},{"damage":44,"enemies":"Awakened One","floor":50,"turns":7}],"event_choices":[{"event_name":"The Cleric","player_choice":"Card Removal","floor":3,"damage_taken":0},{"event_name":"Match and Keep!","player_choice":"2 cards matched","floor":5,"damage_taken":0},{"event_name":"Match and Keep!","player_choice":"2 cards matched","floor":5,"damage_taken":0},{"event_name":"The Mausoleum","player_choice":"Yes","floor":20,"damage_taken":0},{"event_name":"Cursed Tome","player_choice":"Obtained Book","floor":30,"damage_taken":0},{"event_name":"Wheel of Change","player_choice":"Card Removal","floor":44,"damage_taken":0}],"boss_relics":[{"not_picked":["Tiny House","Black Star"],"picked":"Eternal Feather"},{"not_picked":["Snecko Eye","Calling Bell"],"picked":"Runic Dome"}],"potions_floor_spawned":[2,8,10,14,18,19,21,31,35,36,41],"seed_played":"-7008374920993184099","ascension_level":2,"is_trial":false}