{"gold_per_floor":[119,44,44,44,58,90,103,103,103,129,144,163,176,189,189,294,294,304,304,304,229,26,26,43,60,110,125,125,142,142,161,161,261,261,275,286,286,1285,1298,1298,1317,1327,1327,1327],"floor_reached":44,"playtime":1121,"items_purged":["Defend_R"],"score":651,"play_id":"ad58c5fe-8d61-4925-a27e-53b7feb18c44","local_time":"20190912164633","is_ascension_mode":false,"campfire_choices":[{"data":"Whirlwind","floor":15,"key":"SMITH"},{"data":"Double Tap","floor":23,"key":"SMITH"},{"floor":30,"key":"REST"},{"data":"Feed","floor":32,"key":"SMITH"},{"floor":40,"key":"REST"}],"neow_cost":"NONE","seed_source_timestamp":2290822224861400,"circlet_count":0,"master_deck":["Bash","Immolate","Whirlwind+1","Flex","Battle Trance","Double Tap+1","Spot Weakness","Anger","Impervious","Intimidate","Demon Form","Clumsy","Writhe","Regret","Seeing Red","Clash+1","Feed+1","Feed","Intimidate","Bloodletting","Warcry","Shockwave","Searing Blow","Dark Embrace","Anger+1","Normality","Normality","Flex"],"relics":["Burning Blood","Du-Vu Doll","Kunai","Darkstone Periapt","Happy Flower","Calling Bell","Lantern","Sundial","Gambling Chip","Chemical X","Bronze Scales","Pandora\u0027s Box","Bottled Tornado"],"potions_floor_usage":[10,16,16,16,18,27,33,33,36,39,41],"damage_taken":[{"damage":11,"enemies":"Small Slimes","floor":1,"turns":2},{"damage":6,"enemies":"Cultist","floor":5,"turns":3},{"damage":18,"enemies":"3 Sentries","floor":6,"turns":4},{"damage":7,"enemies":"2 Louse","floor":7,"turns":2},{"damage":42,"enemies":"Gremlin Nob","floor":10,"turns":4},{"damage":5,"enemies":"Looter","floor":11,"turns":2},{"damage":0,"enemies":"2 Fungi Beasts","floor":12,"turns":1},{"damage":0,"enemies":"Exordium Wildlife","floor":13,"turns":1},{"damage":0,"enemies":"3 Louse","floor":14,"turns":2},{"damage":0,"enemies":"Slime Boss","floor":16,"turns":4},{"damage":0,"enemies":"Spheric Guardian","floor":18,"turns":3},{"damage":5,"enemies":"Chosen","floor":24,"turns":2},{"damage":22,"enemies":"3 Cultists","floor":25,"turns":3},{"damage":26,"enemies":"Centurion and Healer","floor":27,"turns":4},{"damage":5,"enemies":"Snecko","floor":29,"turns":3},{"damage":0,"enemies":"Sentry and Sphere","floor":31,"turns":1},{"damage":36,"enemies":"Collector","floor":33,"turns":7},{"damage":43,"enemies":"3 Shapes","floor":35,"turns":3},{"damage":0,"enemies":"Orb Walker","floor":36,"turns":2},{"damage":60,"enemies":"Writhing Mass","floor":39,"turns":4},{"damage":41,"enemies":"Spire Growth","floor":41,"turns":3},{"damage":0,"enemies":"3 Darklings","floor":42,"turns":1},{"damage":71,"enemies":"4 Shapes","floor":44,"turns":3}],"seed_played":"-8371534219948110618","potions_obtained":[{"floor":5,"key":"Regen Potion"},{"floor":11,"key":"Regen Potion"},{"floor":12,"key":"Swift Potion"},{"floor":13,"key":"SteroidPotion"},{"floor":16,"key":"Explosive Potion"},{"floor":18,"key":"SteroidPotion"},{"floor":27,"key":"BloodPotion"},{"floor":29,"key":"FearPotion"},{"floor":31,"key":"SteroidPotion"},{"floor":36,"key":"LiquidBronze"},{"floor":39,"key":"SkillPotion"}],"is_trial":false,"path_per_floor":["M","$","?","$","M","E","M","T","T","E","M","M","M","M","R","B",null,"M","?","?","?","$","R","M","M","T","M","?","M","R","M","R","B",null,"M","M","?","?","M","R","M","M","T","M"],"character_chosen":"IRONCLAD","items_purchased":["Chemical X"],"campfire_rested":2,"item_purchase_floors":[22],"current_hp_per_floor":[75,75,75,75,75,63,62,62,62,38,39,45,51,57,57,75,98,98,98,98,98,98,98,98,82,82,62,62,63,92,98,98,68,98,65,96,96,108,54,88,56,62,62,0],"gold":1327,"neow_bonus":"ONE_RANDOM_RARE_CARD","is_prod":false,"is_daily":false,"chose_seed":false,"campfire_upgraded":3,"win_rate":0,"timestamp":1568321193,"path_taken":["M","$","?","$","?","E","M","?","T","E","?","M","?","M","R","BOSS","M","?","?","?","?","R","M","?","T","M","?","M","R","M","R","BOSS","M","M","?","?","M","R","M","M","T","M"],"build_version":"2019-07-17","purchased_purges":1,"victory":false,"max_hp_per_floor":[80,80,80,80,80,80,80,80,80,80,80,80,80,80,80,80,98,98,98,98,98,98,98,98,98,98,98,98,98,98,98,98,98,98,102,102,102,114,114,114,117,117,117,120],"card_choices":[{"not_picked":["Clothesline","Inflame"],"picked":"Whirlwind","floor":1},{"not_picked":["Ghostly Armor","Sentinel"],"picked":"Flex","floor":5},{"not_picked":["Pommel Strike","Perfected Strike"],"picked":"Battle Trance","floor":6},{"not_picked":["Perfected Strike","Heavy Blade","Cleave"],"picked":"SKIP","floor":7},{"not_picked":["Flame Barrier","Dark Embrace"],"picked":"Double Tap","floor":10},{"not_picked":["Wild Strike","Twin Strike"],"picked":"Spot Weakness","floor":11},{"not_picked":["Dropkick","Havoc"],"picked":"Anger","floor":12},{"not_picked":["Pommel Strike","Thunderclap"],"picked":"Impervious","floor":13},{"not_picked":["Headbutt","Feel No Pain"],"picked":"Intimidate","floor":14},{"not_picked":["Fiend Fire","Reaper"],"picked":"Demon Form","floor":16},{"not_picked":["Thunderclap","Sword Boomerang","Carnage+1"],"picked":"SKIP","floor":18},{"not_picked":["Anger","Spot Weakness"],"picked":"Clash+1","floor":24},{"not_picked":["Body Slam+1","Twin Strike+1","Sword Boomerang"],"picked":"SKIP","floor":25},{"not_picked":["Headbutt","Sword Boomerang","Armaments+1"],"picked":"SKIP","floor":27},{"not_picked":["Headbutt+1","Cleave+1","Rampage"],"picked":"SKIP","floor":29},{"not_picked":["Heavy Blade","Hemokinesis"],"picked":"Feed","floor":31},{"not_picked":["Bludgeon","Dark Embrace"],"picked":"Feed","floor":33},{"not_picked":["Cleave+1","Hemokinesis"],"picked":"Anger+1","floor":35},{"not_picked":["Pummel","Twin Strike+1","Flame Barrier+1"],"picked":"SKIP","floor":36},{"not_picked":["Sword Boomerang+1","Second Wind","Flame Barrier"],"picked":"SKIP","floor":39},{"not_picked":["Fire Breathing+1","Hemokinesis+1","Battle Trance+1"],"picked":"SKIP","floor":41},{"not_picked":["Entrench","Twin Strike+1"],"picked":"Flex","floor":42}],"player_experience":393317,"relics_obtained":[{"floor":6,"key":"Du-Vu Doll"},{"floor":8,"key":"Kunai"},{"floor":9,"key":"Darkstone Periapt"},{"floor":10,"key":"Happy Flower"},{"floor":17,"key":"Lantern"},{"floor":17,"key":"Sundial"},{"floor":17,"key":"Gambling Chip"},{"floor":26,"key":"Bronze Scales"},{"floor":43,"key":"Bottled Tornado"}],"event_choices":[{"damage_healed":0,"gold_gain":0,"player_choice":"Ignored","damage_taken":0,"max_hp_gain":0,"max_hp_loss":0,"event_name":"WeMeetAgain","floor":3,"gold_loss":0},{"damage_healed":0,"gold_gain":0,"player_choice":"Read","damage_taken":0,"max_hp_gain":0,"max_hp_loss":0,"event_name":"The Library","floor":19,"gold_loss":0,"cards_obtained":["Seeing Red"]},{"cards_removed":["Strike_R"],"damage_healed":0,"gold_gain":0,"player_choice":"Elegance","damage_taken":0,"max_hp_gain":0,"max_hp_loss":0,"event_name":"Back to Basics","floor":20,"gold_loss":0},{"cards_removed":["Defend_R"],"damage_healed":0,"gold_gain":0,"player_choice":"Gave Gold","damage_taken":0,"max_hp_gain":0,"max_hp_loss":0,"event_name":"Beggar","floor":21,"gold_loss":75},{"damage_healed":0,"gold_gain":0,"player_choice":"Ignored","damage_taken":0,"max_hp_gain":0,"max_hp_loss":0,"event_name":"Vampires","floor":28,"gold_loss":0},{"damage_healed":0,"gold_gain":0,"player_choice":"Ignored","damage_taken":0,"max_hp_gain":0,"max_hp_loss":0,"event_name":"Mysterious Sphere","floor":37,"gold_loss":0},{"damage_healed":0,"gold_gain":999,"player_choice":"Gold","damage_taken":0,"max_hp_gain":0,"max_hp_loss":0,"event_name":"MindBloom","floor":38,"gold_loss":0,"cards_obtained":["Normality","Normality"]}],"is_beta":false,"boss_relics":[{"not_picked":["Fusion Hammer","Astrolabe"],"picked":"Calling Bell"},{"not_picked":["Runic Dome","Tiny House"],"picked":"Pandora\u0027s Box"}],"items_purged_floors":[2],"is_endless":false,"potions_floor_spawned":[5,11,12,13,16,18,27,29,31,36,39],"killed_by":"4 Shapes","ascension_level":0}