{"path_per_floor":["M","?","$","M","?","R","E","R","T","E","M","M","R","M","R","B",null,"M","?","?","M","?","E","$","M","T"],"character_chosen":"THE_SILENT","items_purchased":["Matryoshka","Cloak And Dagger"],"gold_per_floor":[11,11,11,30,30,30,55,55,55,87,104,120,120,134,134,237,237,248,248,248,265,265,300,0,17,47,47],"floor_reached":27,"campfire_rested":0,"playtime":2348,"current_hp_per_floor":[66,66,66,66,71,71,57,57,57,48,48,44,44,44,44,38,66,70,56,90,75,75,48,48,30,30,0],"items_purged":["Defend_G"],"gold":47,"score":326,"play_id":"1aedfeee-10a8-46a4-a17d-fbe6e85204b6","local_time":"20180414134522","is_prod":false,"is_daily":false,"chose_seed":false,"is_ascension_mode":true,"campfire_upgraded":4,"timestamp":1523738722,"path_taken":["M","?","?","M","?","R","E","R","T","E","M","M","R","M","R","BOSS","M","?","?","?","?","E","$","M","T","M"],"build_version":"2018-04-12","seed_source_timestamp":936909853469159,"purchased_purges":1,"victory":false,"master_deck":["Defend_G","Defend_G","Defend_G","Strike_G","Strike_G","Strike_G","Strike_G","Survivor","Neutralize+1","Dagger Spray+1","Endless Agony+1","Infinite Blades","Dash","Slice+1","Burst+1","Backstab","Accuracy+1","Eviscerate","Setup","Cloak And Dagger","Endless Agony"],"max_hp_per_floor":[70,70,70,70,75,75,75,75,75,75,75,75,75,75,75,75,75,75,80,90,90,90,90,90,90,90,90],"relics":["Ring of the Snake","Blue Candle","Ornamental Fan","Du-Vu Doll","Black Star","Regal Pillow","The Courier","Darkstone Periapt","Matryoshka","Tiny Chest","Snake Skull"],"card_choices":[{"not_picked":["Finisher","Expertise"],"picked":"Dagger Spray","floor":1},{"not_picked":["Slice","Bane"],"picked":"Endless Agony","floor":4},{"not_picked":["Distraction","Leg Sweep"],"picked":"Infinite Blades","floor":7},{"not_picked":["Dodge and Roll","Outmaneuver"],"picked":"Dash","floor":10},{"not_picked":["Eviscerate","Backflip"],"picked":"Slice","floor":11},{"not_picked":["Deflect","Slice"],"picked":"Burst","floor":12},{"not_picked":["Deadly Poison","Reflex"],"picked":"Backstab","floor":14},{"not_picked":["Corpse Explosion","Unload"],"picked":"Doppelganger","floor":16},{"not_picked":["Backflip","Finisher"],"picked":"Accuracy","floor":18},{"not_picked":["Dagger Throw","Sucker Punch"],"picked":"Eviscerate","floor":21},{"not_picked":["Backflip","Footwork"],"picked":"Setup","floor":23},{"not_picked":["Catalyst","Acrobatics"],"picked":"Endless Agony","floor":25}],"player_experience":280101,"potions_floor_usage":[16,18,23,25],"damage_taken":[{"damage":4,"enemies":"Small Slimes","floor":1,"turns":5},{"damage":0,"enemies":"Cultist","floor":4,"turns":4},{"damage":14,"enemies":"3 Sentries","floor":7,"turns":8},{"damage":9,"enemies":"Lagavulin","floor":10,"turns":8},{"damage":0,"enemies":"Jaw Worm","floor":11,"turns":2},{"damage":4,"enemies":"Exordium Thugs","floor":12,"turns":4},{"damage":0,"enemies":"Looter","floor":14,"turns":2},{"damage":6,"enemies":"Hexaghost","floor":16,"turns":9},{"damage":8,"enemies":"3 Byrds","floor":18,"turns":5},{"damage":15,"enemies":"Spheric Guardian","floor":21,"turns":4},{"damage":27,"enemies":"Slavers","floor":23,"turns":6},{"damage":18,"enemies":"Snake Plant","floor":25,"turns":7},{"damage":33,"enemies":"Chosen and Byrds","floor":27,"turns":5}],"event_choices":[{"event_name":"Upgrade Shrine","player_choice":"Upgraded","floor":2,"damage_taken":0},{"event_name":"Big Fish","player_choice":"Donut","floor":5,"damage_taken":0},{"event_name":"Forgotten Altar","player_choice":"Shed Blood","floor":19,"damage_taken":0},{"event_name":"Bonfire Elementals","player_choice":"RARE","floor":20,"damage_taken":0},{"event_name":"Wheel of Change","player_choice":"Relic","floor":22,"damage_taken":0}],"boss_relics":[{"not_picked":["Runic Dome","White Beast Statue"],"picked":"Black Star"}],"potions_floor_spawned":[4,10,11,12,14,18,23],"seed_played":"3349477776371015925","killed_by":"Chosen and Byrds","ascension_level":5,"is_trial":false}