{"path_per_floor":["M","M","M","?","M","R","M","M","T","R","?","?","R","M","R","B",null,"M","M","M","M","$","R","E","R","T"],"character_chosen":"DEFECT","items_purchased":["Bottled Tornado","Aggregate"],"gold_per_floor":[18,36,56,6,22,22,34,54,100,100,100,100,100,114,114,244,244,258,271,290,314,17,17,58,58,58,58],"floor_reached":27,"campfire_rested":1,"playtime":2170,"current_hp_per_floor":[73,73,73,73,68,68,53,48,48,48,30,30,30,22,44,10,75,66,74,50,20,20,20,8,8,8,0],"items_purged":[],"gold":58,"score":261,"play_id":"36bb42cb-9b43-47b9-a8b5-1934b5b30115","local_time":"20180428171222","is_prod":false,"is_daily":false,"chose_seed":false,"is_ascension_mode":true,"campfire_upgraded":5,"timestamp":1524960742,"path_taken":["M","M","M","?","M","R","M","M","T","R","?","?","R","M","R","BOSS","M","?","M","M","$","R","E","R","T","M"],"build_version":"2018-04-26v2","seed_source_timestamp":2358525577442,"purchased_purges":0,"victory":false,"master_deck":["Strike_B+1","Strike_B","Defend_B","Defend_B","Defend_B","Defend_B","Zap+1","Dualcast","Impulse","Sunder+1","Skim","Defragment+1","Echo Form+1","Chaos+1","Self Repair","Reboot","Double Energy+1","Beam Cell+1","Capacitor","Darkness+1","Aggregate","Force Field+1"],"max_hp_per_floor":[75,75,75,75,75,75,75,75,75,75,75,75,75,75,75,75,75,75,75,75,75,75,75,75,75,75,75],"relics":["Cracked Core","Sundial","Whetstone","Golden Idol","Lizard Tail","Bottled Tornado","Blood Vial","Smiling Mask"],"card_choices":[{"not_picked":["Hello World","Axe Kick"],"picked":"Impulse","floor":1},{"not_picked":["Go for the Eyes","Capacitor"],"picked":"Sunder","floor":2},{"not_picked":["Barrage","Ball Lightning"],"picked":"Skim","floor":3},{"not_picked":["Coolheaded","Skim"],"picked":"Defragment","floor":5},{"not_picked":["Hello World","Barrage"],"picked":"Echo Form","floor":7},{"not_picked":["Cold Snap","Barrage"],"picked":"Chaos","floor":8},{"not_picked":["Barrage","Stack"],"picked":"Self Repair","floor":14},{"not_picked":["Prime","Meteor Strike"],"picked":"Reboot","floor":16},{"not_picked":["Barrage","Hello World"],"picked":"Double Energy","floor":18},{"not_picked":["Flux Capacitor","Loop"],"picked":"Beam Cell","floor":19},{"not_picked":["Go for the Eyes","Rebound"],"picked":"Capacitor","floor":20},{"not_picked":["Hologram","Barrage"],"picked":"Darkness","floor":21},{"not_picked":["Capacitor","Fusion"],"picked":"Force Field","floor":24}],"player_experience":452768,"potions_floor_usage":[5,14,16,19,19],"damage_taken":[{"damage":2,"enemies":"Jaw Worm","floor":1,"turns":4},{"damage":0,"enemies":"2 Louse","floor":2,"turns":3},{"damage":0,"enemies":"Small Slimes","floor":3,"turns":3},{"damage":5,"enemies":"Red Slaver","floor":5,"turns":3},{"damage":15,"enemies":"Lots of Slimes","floor":7,"turns":4},{"damage":5,"enemies":"Gremlin Gang","floor":8,"turns":3},{"damage":8,"enemies":"Large Slime","floor":14,"turns":4},{"damage":34,"enemies":"Hexaghost","floor":16,"turns":8},{"damage":23,"enemies":"Spheric Guardian","floor":18,"turns":4},{"damage":6,"enemies":"3 Byrds","floor":19,"turns":4},{"damage":38,"enemies":"Centurion and Healer","floor":20,"turns":8},{"damage":37,"enemies":"Cultist and Chosen","floor":21,"turns":6},{"damage":53,"enemies":"Book of Stabbing","floor":24,"turns":4},{"damage":13,"enemies":"3 Cultists","floor":27,"turns":3}],"event_choices":[{"event_name":"The Cleric","player_choice":"Card Removal","floor":4,"damage_taken":0},{"event_name":"Golden Idol","player_choice":"Take Damage","floor":11,"damage_taken":0},{"event_name":"Purifier","player_choice":"One Purge","floor":12,"damage_taken":0}],"boss_relics":[{"not_picked":["Calling Bell","Snecko Eye"],"picked":"Lizard Tail"}],"potions_floor_spawned":[2,7,8,14,18,19],"seed_played":"-4781277399728621665","killed_by":"3 Cultists","ascension_level":3,"is_trial":false}