{"gold_per_floor":[110,126,146,157,122,157,157,191,191,191,202,219,219,253,253,351,351,366,366,366,352,27,27,62,62],"floor_reached":25,"playtime":2943,"items_purged":["Pain"],"score":332,"play_id":"71d48e0c-2c50-4fe2-9cd0-b3b9d3117dd5","local_time":"20190910010147","is_ascension_mode":true,"campfire_choices":[{"data":"Perseverance","floor":7,"key":"SMITH"},{"data":"WindmillStrike","floor":10,"key":"SMITH"},{"data":"DeceiveReality","floor":13,"key":"SMITH"},{"data":"Nirvana","floor":15,"key":"SMITH"},{"data":"Devotion","floor":23,"key":"SMITH"}],"neow_cost":"NONE","seed_source_timestamp":141109452328149,"circlet_count":0,"master_deck":["Strike_P","Strike_P","Strike_P","Strike_P","Defend_P","Defend_P","Defend_P","Defend_P","Eruption","Vigilance","Perseverance+1","WaveOfTheHand","Brilliance","ClearTheMind","WindmillStrike+1","FlyingSleeves","SandsOfTime","DeceiveReality+1","Nirvana+1","MasterReality","Halt","Devotion+1","Conclude+1","Establishment","PathToVictory","EmptyMind"],"special_seed":0,"relics":["Runic Dome","Melange","Mummified Hand","Letter Opener","TungstenRod","SlaversCollar","WarpedTongs","Frozen Eye","Kunai"],"potions_floor_usage":[6,6,16,21,24],"damage_taken":[{"damage":0.0,"enemies":"Cultist","floor":1.0,"turns":3.0},{"damage":2.0,"enemies":"2 Louse","floor":2.0,"turns":2.0},{"damage":1.0,"enemies":"Jaw Worm","floor":3.0,"turns":2.0},{"damage":26.0,"enemies":"Exordium Wildlife","floor":4.0,"turns":7.0},{"damage":14,"enemies":"Lagavulin","floor":6,"turns":9},{"damage":19,"enemies":"3 Sentries","floor":8,"turns":9},{"damage":9,"enemies":"Lots of Slimes","floor":11,"turns":3},{"damage":0,"enemies":"Looter","floor":12,"turns":2},{"damage":0,"enemies":"Lagavulin","floor":14,"turns":5},{"damage":0,"enemies":"Slime Boss","floor":16,"turns":3},{"damage":11,"enemies":"Shell Parasite","floor":18,"turns":8},{"damage":12,"enemies":"2 Thieves","floor":21,"turns":4},{"damage":33,"enemies":"Slavers","floor":24,"turns":5},{"damage":14,"enemies":"Sentry and Sphere","floor":25,"turns":5}],"seed_played":"7040886097078007507","potions_obtained":[{"floor":3.0,"key":"Weak Potion"},{"floor":4.0,"key":"Regen Potion"},{"floor":6,"key":"Energy Potion"},{"floor":11,"key":"Explosive Potion"},{"floor":18,"key":"AttackPotion"}],"is_trial":false,"path_per_floor":["M","M","M","M","?","E","R","E","T","R","M","M","R","E","R","B",null,"M","?","?","M","$","R","E","M"],"character_chosen":"WATCHER","items_purchased":["Establishment","Frozen Eye","PathToVictory"],"campfire_rested":0,"item_purchase_floors":[22,22,22],"current_hp_per_floor":[65,63,62,36,52,52,52,33,33,33,24,24,24,24,24,24,65,54,54,54,42,42,42,9,0],"gold":62,"neow_bonus":"BOSS_RELIC","is_prod":false,"is_daily":false,"chose_seed":false,"campfire_upgraded":5,"win_rate":0,"timestamp":1568102507,"path_taken":["M","?","M","M","?","E","R","E","T","R","M","M","R","E","R","BOSS","M","?","?","M","$","R","E","M"],"build_version":"2019-09-09v2","purchased_purges":1,"victory":false,"max_hp_per_floor":[65,65,65,65,65,65,65,65,65,65,65,65,65,65,65,65,65,65,65,65,65,65,65,65,65],"card_choices":[{"not_picked":["Crescendo","Protect"],"picked":"Perseverance","floor":1.0},{"not_picked":["EmptyFist","Sanctity"],"picked":"WaveOfTheHand","floor":2.0},{"not_picked":["InnerPeace","Crescendo"],"picked":"Brilliance","floor":3.0},{"not_picked":["BowlingBash","FlyingSleeves"],"picked":"ClearTheMind","floor":4.0},{"not_picked":["JustLucky","PathToVictory"],"picked":"WindmillStrike","floor":6},{"not_picked":["FollowUp","EmptyFist"],"picked":"FlyingSleeves","floor":8},{"not_picked":["FollowUp","InnerPeace"],"picked":"SandsOfTime","floor":11},{"not_picked":["Swivel","Sanctity"],"picked":"DeceiveReality","floor":12},{"not_picked":["Meditate","ThirdEye"],"picked":"Nirvana","floor":14},{"not_picked":["Unraveling","FlowState"],"picked":"MasterReality","floor":16},{"not_picked":["Tantrum","EmptyFist"],"picked":"Halt","floor":18},{"not_picked":["Weave","ClearTheMind+1"],"picked":"Conclude+1","floor":21},{"not_picked":["FearNoEvil","ClearTheMind"],"picked":"EmptyMind","floor":24}],"player_experience":37592,"relics_obtained":[{"floor":6,"key":"Melange"},{"floor":8,"key":"Mummified Hand"},{"floor":9,"key":"Letter Opener"},{"floor":14,"key":"TungstenRod"},{"floor":24,"key":"Kunai"}],"event_choices":[{"damage_healed":16.0,"max_hp_gain":0.0,"max_hp_loss":0.0,"gold_gain":0.0,"event_name":"The Cleric","player_choice":"Healed","floor":5.0,"gold_loss":35.0,"damage_taken":0.0},{"damage_healed":0,"gold_gain":0,"player_choice":"Read","damage_taken":0,"max_hp_gain":0,"max_hp_loss":0,"event_name":"The Library","floor":19,"gold_loss":0,"cards_obtained":["Devotion"]},{"damage_healed":0,"gold_gain":0,"player_choice":"Rummage","damage_taken":0,"relics_obtained":["WarpedTongs"],"max_hp_gain":0,"max_hp_loss":0,"event_name":"Accursed Blacksmith","floor":20,"gold_loss":0,"cards_obtained":["Pain"]}],"is_beta":true,"boss_relics":[{"not_picked":["Astrolabe","Philosopher\u0027s Stone"],"picked":"SlaversCollar"}],"items_purged_floors":[22],"is_endless":false,"potions_floor_spawned":[3,4,6,11,18],"killed_by":"Sentry and Sphere","ascension_level":1}