{"path_per_floor":["M","?","M","?","M","R","$","M","T","M","M","M","M","$","R","B",null,"M","M","?","?","M","R","M","$","T","R","M","R","?","M","R"],"character_chosen":"IRONCLAD","items_purchased":["Bag of Marbles"],"gold_per_floor":[116,116,131,131,145,145,70,89,113,130,146,163,176,28,28,130,130,146,162,162,162,180,180,190,90,114,114,130,130,229,244,244,244],"floor_reached":33,"campfire_rested":0,"playtime":954,"item_purchase_floors":[14],"current_hp_per_floor":[80,80,80,64,70,70,70,73,73,78,79,63,57,57,57,20,80,73,48,86,86,59,59,67,67,67,67,57,57,57,51,51,0],"items_purged":["Strike_R","Strike_R"],"gold":244,"score":268,"play_id":"dd7f6ac8-9af1-4c0a-835b-523318c7ea88","local_time":"20180621213808","is_prod":false,"is_daily":false,"chose_seed":false,"is_ascension_mode":false,"campfire_upgraded":6,"win_rate":0,"timestamp":1529631488,"campfire_choices":[{"data":"Shockwave","floor":6,"key":"SMITH"},{"data":"Uppercut","floor":15,"key":"SMITH"},{"data":"Feed","floor":23,"key":"SMITH"},{"data":"Dropkick","floor":27,"key":"SMITH"},{"data":"Hemokinesis","floor":29,"key":"SMITH"},{"data":"Flex","floor":32,"key":"SMITH"}],"path_taken":["M","?","M","?","M","R","?","M","T","M","M","M","M","$","R","BOSS","M","M","?","?","?","R","M","?","T","R","M","R","?","?","R","BOSS"],"build_version":"2018-06-21","seed_source_timestamp":1904767658697091,"purchased_purges":2,"circlet_count":0,"victory":false,"master_deck":["Defend_R+1","Defend_R+1","Defend_R","Defend_R","Bash+1","Twin Strike","Shockwave+1","Uppercut+1","Sword Boomerang","Flex+1","Feed+1","Anger","Dropkick+1","Hemokinesis+1"],"max_hp_per_floor":[80,80,80,80,80,80,80,80,80,80,80,80,80,80,80,80,80,83,86,86,86,86,86,90,90,90,90,94,94,94,98,98,98],"relics":["Burning Blood","Dream Catcher","Ancient Tea Set","Bag of Marbles","Empty Cage","Lantern"],"card_choices":[{"not_picked":["True Grit","Warcry"],"picked":"Twin Strike","floor":1},{"not_picked":["Second Wind","True Grit"],"picked":"Shockwave","floor":3},{"not_picked":["Perfected Strike","Iron Wave","Pommel Strike"],"picked":"SKIP","floor":5},{"not_picked":["Clothesline","Havoc"],"picked":"Uppercut","floor":8},{"not_picked":["Entrench","True Grit"],"picked":"Sword Boomerang","floor":10},{"not_picked":["Infernal Blade","Heavy Blade","Warcry"],"picked":"SKIP","floor":11},{"not_picked":["Carnage","Clash"],"picked":"Flex","floor":12},{"not_picked":["Heavy Blade","Hemokinesis"],"picked":"Ghostly Armor","floor":13},{"not_picked":["Demon Form","Juggernaut"],"picked":"Feed","floor":16},{"not_picked":["Twin Strike","Sword Boomerang"],"picked":"Anger","floor":18},{"not_picked":["Shrug It Off","Body Slam+1"],"picked":"Dropkick","floor":19},{"not_picked":["Combust","Warcry+1","Clash"],"picked":"SKIP","floor":22},{"not_picked":["Clash","Flame Barrier","Perfected Strike"],"picked":"SKIP","floor":24},{"not_picked":["Twin Strike","Pommel Strike+1"],"picked":"Hemokinesis","floor":28},{"not_picked":["Clothesline","Dark Embrace","Flex+1"],"picked":"SKIP","floor":31}],"player_experience":561653,"potions_floor_usage":[33],"damage_taken":[{"damage":1,"enemies":"2 Louse","floor":1,"turns":4},{"damage":6,"enemies":"Cultist","floor":3,"turns":3},{"damage":0,"enemies":"Small Slimes","floor":5,"turns":3},{"damage":3,"enemies":"Exordium Wildlife","floor":8,"turns":4},{"damage":1,"enemies":"Red Slaver","floor":10,"turns":4},{"damage":5,"enemies":"3 Louse","floor":11,"turns":4},{"damage":22,"enemies":"Gremlin Gang","floor":12,"turns":5},{"damage":12,"enemies":"Blue Slaver","floor":13,"turns":2},{"damage":43,"enemies":"Hexaghost","floor":16,"turns":10},{"damage":16,"enemies":"3 Byrds","floor":18,"turns":9},{"damage":34,"enemies":"Spheric Guardian","floor":19,"turns":8},{"damage":33,"enemies":"Cultist and Chosen","floor":22,"turns":8},{"damage":2,"enemies":"Centurion and Healer","floor":24,"turns":5},{"damage":20,"enemies":"Snake Plant","floor":28,"turns":4},{"damage":16,"enemies":"3 Cultists","floor":31,"turns":5},{"damage":51,"enemies":"Automaton","floor":33,"turns":6}],"relics_obtained":[{"floor":9,"key":"Ancient Tea Set"},{"floor":26,"key":"Lantern"}],"event_choices":[{"event_name":"Upgrade Shrine","player_choice":"Upgraded","floor":2,"damage_taken":0},{"event_name":"Shining Light","player_choice":"Entered Light","floor":4,"damage_taken":0},{"event_name":"Bonfire Elementals","player_choice":"UNCOMMON","floor":20,"damage_taken":0},{"event_name":"Back to Basics","player_choice":"Elegance","floor":21,"damage_taken":0},{"event_name":"Nest","player_choice":"Stole From Cult","floor":30,"damage_taken":0}],"boss_relics":[{"not_picked":["Runic Pyramid","Eternal Feather"],"picked":"Empty Cage"}],"items_purged_floors":[7,25],"is_endless":true,"potions_floor_spawned":[3,5,13,16,19,24,31],"seed_played":"4918599332488579631","killed_by":"Automaton","ascension_level":0,"potions_obtained":[{"floor":3,"key":"Ancient Potion"},{"floor":5,"key":"EssenceOfSteel"},{"floor":13,"key":"GamblersBrew"}],"is_trial":false}