{"gold_per_floor":[361,377,389,266,277,277,290,323,323,333,333,283,133,206,206,303,303,313,213,223,223,223,223,241,251,276,276],"floor_reached":27,"playtime":691,"items_purged":["Doubt","Strike_R"],"score":215,"play_id":"8642c8eb-ea0d-4d39-acd9-9d7e05c9763b","local_time":"20180912151829","is_ascension_mode":false,"campfire_choices":[{"data":"Searing Blow","floor":6,"key":"SMITH"},{"data":"Searing Blow+1","floor":11,"key":"SMITH"},{"data":"Searing Blow+2","floor":15,"key":"SMITH"},{"data":"Searing Blow+3","floor":23,"key":"SMITH"}],"neow_cost":"CURSE","seed_source_timestamp":1170970994633673,"circlet_count":0,"master_deck":["Strike_R","Strike_R","Defend_R","Defend_R","Defend_R","Defend_R","Bash","Searing Blow+4","Anger","Headbutt","Warcry","Clothesline+1","Thunderclap+1","Double Tap","Brutality","Uppercut+1","Dual Wield"],"relics":["Burning Blood","Molten Egg 2","Sundial","Velvet Choker","Vajra"],"potions_floor_usage":[10,16,16,16],"damage_taken":[{"damage":10,"enemies":"Cultist","floor":1,"turns":4},{"damage":13,"enemies":"Jaw Worm","floor":2,"turns":7},{"damage":6,"enemies":"2 Louse","floor":3,"turns":3},{"damage":6,"enemies":"Exordium Wildlife","floor":5,"turns":4},{"damage":9,"enemies":"Blue Slaver","floor":7,"turns":3},{"damage":41,"enemies":"Lagavulin","floor":8,"turns":7},{"damage":11,"enemies":"Lots of Slimes","floor":10,"turns":3},{"damage":24,"enemies":"Hexaghost","floor":16,"turns":8},{"damage":10,"enemies":"Chosen","floor":18,"turns":3},{"damage":22,"enemies":"Shell Parasite","floor":20,"turns":3},{"damage":17,"enemies":"Centurion and Healer","floor":24,"turns":4},{"damage":38,"enemies":"3 Cultists","floor":25,"turns":5},{"damage":21,"enemies":"Snake Plant","floor":27,"turns":2}],"seed_played":"-8917314323010736523","potions_obtained":[{"floor":2,"key":"Explosive Potion"},{"floor":5,"key":"Poison Potion"},{"floor":7,"key":"SkillPotion"},{"floor":10,"key":"Dexterity Potion"},{"floor":20,"key":"Explosive Potion"}],"is_trial":false,"path_per_floor":["M","M","M","$","M","R","M","E","T","M","R","?","$","?","R","B",null,"M","$","M","?","?","R","M","M","T"],"character_chosen":"IRONCLAD","items_purchased":["Headbutt","Double Tap"],"campfire_rested":0,"item_purchase_floors":[4,13],"current_hp_per_floor":[76,69,69,69,69,69,66,31,31,26,26,26,26,26,26,8,80,76,76,60,60,60,60,49,17,17,0],"gold":276,"neow_bonus":"TWO_FIFTY_GOLD","is_prod":false,"is_daily":false,"chose_seed":false,"campfire_upgraded":4,"win_rate":0,"timestamp":1536779909,"path_taken":["M","M","M","$","?","R","M","E","T","M","R","?","?","?","R","BOSS","M","$","M","?","?","R","M","M","T","M"],"build_version":"2018-09-10","purchased_purges":2,"victory":false,"max_hp_per_floor":[80,80,80,80,80,80,80,80,80,80,80,80,80,80,80,80,80,80,80,80,80,80,80,80,80,80,80],"card_choices":[{"not_picked":["Dropkick","Armaments"],"picked":"Searing Blow","floor":1},{"not_picked":["Havoc","Evolve","Wild Strike"],"picked":"SKIP","floor":2},{"not_picked":["Sword Boomerang","Exhume"],"picked":"Anger","floor":3},{"not_picked":["Iron Wave","Metallicize","Cleave"],"picked":"SKIP","floor":5},{"not_picked":["Bloodletting","True Grit"],"picked":"Warcry","floor":7},{"not_picked":["Wild Strike","Sever Soul"],"picked":"Clothesline","floor":8},{"not_picked":["Spot Weakness","Intimidate"],"picked":"Thunderclap+1","floor":10},{"not_picked":["Juggernaut","Demon Form"],"picked":"Brutality","floor":16},{"not_picked":["Clash+1","Warcry"],"picked":"Uppercut+1","floor":18},{"not_picked":["Pommel Strike+1","Power Through"],"picked":"Dual Wield","floor":20},{"not_picked":["Dual Wield","Havoc","Shrug It Off"],"picked":"SKIP","floor":24},{"not_picked":["Ghostly Armor","Warcry","Corruption+1"],"picked":"SKIP","floor":25}],"player_experience":894772,"relics_obtained":[{"floor":8,"key":"Molten Egg 2"},{"floor":9,"key":"Sundial"},{"floor":26,"key":"Vajra"}],"event_choices":[{"event_name":"The Cleric","player_choice":"Card Removal","floor":12,"damage_taken":0},{"event_name":"Golden Wing","player_choice":"Gained Gold","floor":14,"damage_taken":0},{"event_name":"Back to Basics","player_choice":"Elegance","floor":21,"damage_taken":0},{"event_name":"Vampires","player_choice":"Ignored","floor":22,"damage_taken":0}],"is_beta":true,"boss_relics":[{"not_picked":["Astrolabe","Black Star"],"picked":"Velvet Choker"}],"items_purged_floors":[4,19],"is_endless":false,"potions_floor_spawned":[2,5,7,10,20],"killed_by":"Snake Plant","ascension_level":0}