{"path_per_floor":["M","?","M","?","M","R","T","M","T","?","M","R","$","M","R","B",null,"M","?","$","M","M","R","M","R","T","R","M","?","M","T","R","B",null,"M","M","M","?","?","R","?","R","T","M","T","?","$","M","R"],"character_chosen":"DEFECT","items_purchased":["Capacitor","Panacea","Chaos","Impulse","Sadistic Nature"],"gold_per_floor":[119,119,135,135,152,152,152,172,225,225,244,244,40,59,59,161,161,176,176,1,20,40,40,54,54,54,54,69,69,79,129,129,227,227,247,258,271,317,317,317,417,417,444,461,488,488,148,162,162,162],"floor_reached":50,"campfire_rested":2,"playtime":4686,"current_hp_per_floor":[60,60,59,59,55,55,55,53,53,41,41,41,41,34,34,22,62,38,63,63,63,51,51,44,44,44,44,22,22,13,13,35,19,61,58,55,21,13,13,13,13,35,35,23,23,23,23,23,23,0],"items_purged":["Strike_B","Strike_B","Defend_B"],"gold":162,"score":589,"play_id":"0befe156-d039-4f8e-8ad3-36fb5babad98","local_time":"20180430164448","is_prod":false,"is_daily":false,"chose_seed":false,"is_ascension_mode":true,"campfire_upgraded":8,"timestamp":1525131888,"path_taken":["M","?","M","?","M","R","?","M","T","?","M","R","$","M","R","BOSS","M","?","?","M","M","R","M","R","T","R","M","?","M","?","R","BOSS","M","?","?","?","?","R","?","R","T","M","?","?","$","M","R","BOSS"],"build_version":"2018-04-27v3","seed_source_timestamp":170090208331669,"purchased_purges":3,"victory":false,"master_deck":["Defend_B","Defend_B","Defend_B","Zap+1","Dualcast+1","Conserve Battery","Storm","Amplify","FTL","Defragment+1","Capacitor+1","Panacea","Darkness+1","Echo Form","Chaos+1","Double Energy","Glacier","Coolheaded+1","Skim+1","Capacitor","Seek+1","Static Discharge+1","Coolheaded+1","Aggregate","Coolheaded+1","Buffer+1","Impulse","Sadistic Nature","Force Field"],"max_hp_per_floor":[75,75,75,75,75,75,75,75,75,75,75,75,75,75,75,75,75,75,75,75,75,75,75,75,75,75,75,75,75,75,75,75,75,75,75,75,75,75,75,75,75,75,75,75,75,75,75,75,75,75],"relics":["Cracked Core","DataDisk","Blue Candle","Oddly Smooth Stone","Bag of Preparation","Sozu","Centennial Puzzle","Happy Flower","Nuclear Battery","Shovel","Dream Catcher","Pen Nib"],"card_choices":[{"not_picked":["Rebound","Ball Lightning"],"picked":"Conserve Battery","floor":1.0},{"not_picked":["Rebound","Capacitor"],"picked":"Amplify","floor":5.0},{"not_picked":["Chaos","Sweeping Beam"],"picked":"FTL","floor":8.0},{"not_picked":["Leap","Steam Power"],"picked":"Defragment","floor":11.0},{"not_picked":["Axe Kick","Streamline"],"picked":"Darkness","floor":14.0},{"not_picked":["Multi-Cast","Biased Cognition"],"picked":"Echo Form","floor":16.0},{"not_picked":["Beam Cell","Skim"],"picked":"Double Energy","floor":21.0},{"not_picked":["Turbo","Sweeping Beam"],"picked":"Glacier","floor":22.0},{"not_picked":["Streamline","Ball Lightning"],"picked":"Coolheaded","floor":24.0},{"not_picked":["Stack","Beam Cell"],"picked":"Skim","floor":28.0},{"not_picked":["Skim","Ball Lightning"],"picked":"Capacitor","floor":30.0},{"not_picked":["Rainbow","Biased Cognition"],"picked":"Seek","floor":33.0},{"not_picked":["Heatsinks","Rebound"],"picked":"Static Discharge","floor":35.0},{"not_picked":["Axe Kick","Auto Shields"],"picked":"Coolheaded","floor":36.0},{"not_picked":["All For One","Auto Shields"],"picked":"Aggregate","floor":37.0},{"not_picked":["Reinforced Body","Beam Cell"],"picked":"Coolheaded","floor":38.0},{"not_picked":["Hologram","Ball Lightning"],"picked":"Buffer","floor":44.0},{"not_picked":["Fission","Sweeping Beam"],"picked":"Force Field","floor":48}],"player_experience":504747,"potions_floor_usage":[50],"damage_taken":[{"damage":8.0,"enemies":"2 Louse","floor":1.0,"turns":3.0},{"damage":1.0,"enemies":"Cultist","floor":3.0,"turns":3.0},{"damage":4.0,"enemies":"Small Slimes","floor":5.0,"turns":3.0},{"damage":2.0,"enemies":"Blue Slaver","floor":8.0,"turns":3.0},{"damage":0.0,"enemies":"2 Fungi Beasts","floor":11.0,"turns":4.0},{"damage":7.0,"enemies":"3 Louse","floor":14.0,"turns":2.0},{"damage":12.0,"enemies":"Slime Boss","floor":16.0,"turns":6.0},{"damage":24.0,"enemies":"2 Thieves","floor":18.0,"turns":3.0},{"damage":0.0,"enemies":"Chosen","floor":21.0,"turns":3.0},{"damage":12.0,"enemies":"Snecko","floor":22.0,"turns":5.0},{"damage":7.0,"enemies":"3 Cultists","floor":24.0,"turns":5.0},{"damage":22.0,"enemies":"Slaver and Parasite","floor":28.0,"turns":6.0},{"damage":9.0,"enemies":"Snake Plant","floor":30.0,"turns":4.0},{"damage":16.0,"enemies":"Automaton","floor":33.0,"turns":8.0},{"damage":3.0,"enemies":"3 Shapes","floor":35.0,"turns":4.0},{"damage":3.0,"enemies":"Flame Bruiser 1 Orb","floor":36.0,"turns":5.0},{"damage":34.0,"enemies":"4 Shapes","floor":37.0,"turns":4.0},{"damage":8.0,"enemies":"Mysterious Sphere","floor":38.0,"turns":4.0},{"damage":12.0,"enemies":"Maw","floor":44.0,"turns":4.0},{"damage":0,"enemies":"3 Darklings","floor":48,"turns":7},{"damage":24,"enemies":"Donu and Deca","floor":50,"turns":1}],"event_choices":[{"event_name":"Transmorgrifier","player_choice":"Transform","floor":2.0,"damage_taken":0.0},{"event_name":"The Lab","player_choice":"Got Potions","floor":4.0,"damage_taken":0.0},{"event_name":"Scrap Ooze","player_choice":"success","floor":10.0,"damage_taken":12.0},{"event_name":"The Library","player_choice":"Heal","floor":19.0,"damage_taken":0.0},{"event_name":"The Mausoleum","player_choice":"No","floor":29.0,"damage_taken":0.0},{"event_name":"Mysterious Sphere","player_choice":"Fight","floor":38.0,"damage_taken":0.0},{"event_name":"Tomb of Lord Red Mask","player_choice":"Ignored","floor":39.0,"damage_taken":0.0},{"event_name":"Golden Shrine","player_choice":"Pray","floor":41.0,"damage_taken":0.0}],"boss_relics":[],"potions_floor_spawned":[1,8,11,14,18,24,36],"seed_played":"-3450962294953195017","killed_by":"Donu and Deca","ascension_level":6,"is_trial":false}