{"gold_per_floor":[114,40,40,51,51,51,126,126,126,126,144,164,188,243,243,347,347,361,374,374,205,220,220,252,265,318,335,335,355,367,367,367,472,472,490,490,336,349,349,362,362,362,362,362,381,400,400,56,56,56],"floor_reached":50,"playtime":2091,"items_purged":[],"score":492,"play_id":"761aa68d-5d55-4fd6-b701-a12731b3fca1","local_time":"20181030162257","is_ascension_mode":false,"campfire_choices":[{"data":"Dash","floor":8,"key":"SMITH"},{"data":"Dagger Spray","floor":10,"key":"SMITH"},{"data":"All Out Attack","floor":15,"key":"SMITH"},{"data":"Apotheosis","floor":23,"key":"SMITH"},{"data":"Glass Knife","floor":32,"key":"SMITH"},{"floor":42,"key":"REST"},{"data":"After Image","floor":44,"key":"SMITH"},{"data":"Well Laid Plans","floor":47,"key":"SMITH"},{"data":"Backstab","floor":49,"key":"SMITH"}],"neow_cost":"NONE","seed_source_timestamp":1823739299919,"circlet_count":0,"master_deck":["Defend_G","Defend_G","Defend_G","Defend_G","Survivor","Neutralize+1","Dagger Spray+1","Dash+1","All Out Attack+1","Well Laid Plans+1","Malaise","Bite","Bite","Bite","Bite","Bite","Apotheosis+1","Dodge and Roll+1","Glass Knife+1","After Image+1","Backstab+1","Predator+1","Expertise+1"],"relics":["Ring of the Snake","NeowsBlessing","Mercury Hourglass","Odd Mushroom","Tiny Chest","Eternal Feather","Red Mask","Vajra","Enchiridion","HoveringKite","Omamori","Boot","Orichalcum","StoneCalendar","Chemical X","Ancient Tea Set"],"potions_floor_usage":[18,19,25,33,33,33,40,50,50],"damage_taken":[{"damage":0,"enemies":"Jaw Worm","floor":1,"turns":1},{"damage":0,"enemies":"2 Louse","floor":4,"turns":1},{"damage":0,"enemies":"Cultist","floor":11,"turns":1},{"damage":0,"enemies":"3 Louse","floor":12,"turns":1},{"damage":2,"enemies":"The Mushroom Lair","floor":13,"turns":2},{"damage":5,"enemies":"Lagavulin","floor":14,"turns":6},{"damage":39,"enemies":"Hexaghost","floor":16,"turns":12},{"damage":5,"enemies":"Spheric Guardian","floor":18,"turns":3},{"damage":9,"enemies":"Chosen","floor":19,"turns":5},{"damage":8,"enemies":"Shelled Parasite and Fungi","floor":22,"turns":9},{"damage":0,"enemies":"Masked Bandits","floor":24,"turns":2},{"damage":5,"enemies":"Cultist and Chosen","floor":25,"turns":6},{"damage":0,"enemies":"Chosen and Byrds","floor":27,"turns":6},{"damage":15,"enemies":"Snake Plant","floor":29,"turns":6},{"damage":12,"enemies":"Shelled Parasite and Fungi","floor":30,"turns":5},{"damage":54,"enemies":"Collector","floor":33,"turns":11},{"damage":11,"enemies":"3 Shapes","floor":35,"turns":2},{"damage":17,"enemies":"3 Darklings","floor":38,"turns":5},{"damage":31,"enemies":"Maw","floor":40,"turns":9},{"damage":17,"enemies":"Jaw Worm Horde","floor":45,"turns":4},{"damage":10,"enemies":"Transient","floor":46,"turns":5},{"damage":125,"enemies":"Awakened One","floor":50,"turns":28}],"seed_played":"-5530854461110635667","potions_obtained":[{"floor":4,"key":"Block Potion"},{"floor":12,"key":"Explosive Potion"},{"floor":13,"key":"SkillPotion"},{"floor":19,"key":"PowerPotion"},{"floor":22,"key":"AttackPotion"},{"floor":24,"key":"EntropicBrew"},{"floor":46,"key":"Regen Potion"}],"is_trial":false,"path_per_floor":["M","$","?","M","$","?","?","R","T","R","M","M","?","E","R","B",null,"M","M","?","$","M","R","?","M","T","M","?","M","M","?","R","B",null,"M","?","$","M","T","M","T","R","T","R","M","M","R","$","R"],"character_chosen":"THE_SILENT","items_purchased":["Dash","Apotheosis","Omamori","Chemical X","Ancient Tea Set"],"campfire_rested":1,"item_purchase_floors":[2,21,37,48,48],"current_hp_per_floor":[70,70,75,75,75,75,64,64,64,64,64,64,62,57,57,18,75,70,61,52,52,52,52,52,52,52,52,52,52,47,31,43,18,52,41,41,41,29,29,12,12,39,39,51,41,42,52,52,52,0],"gold":56,"neow_bonus":"THREE_ENEMY_KILL","is_prod":false,"is_daily":false,"chose_seed":false,"campfire_upgraded":8,"win_rate":0,"timestamp":1540930977,"path_taken":["M","$","?","M","$","?","?","R","T","R","M","M","?","E","R","BOSS","M","M","?","$","M","R","?","?","T","M","?","M","M","?","R","BOSS","M","?","?","?","?","?","?","R","T","R","M","M","R","$","R","BOSS"],"build_version":"2018-10-29v2","purchased_purges":0,"victory":false,"max_hp_per_floor":[70,70,75,75,75,75,75,75,75,75,75,75,75,75,75,75,75,75,75,52,52,52,52,52,52,52,52,52,52,52,52,52,52,52,52,52,52,52,52,52,52,52,52,52,52,52,52,52,52,52],"card_choices":[{"not_picked":["PiercingWail","Eviscerate"],"picked":"Dagger Spray","floor":1},{"not_picked":["Sucker Punch","Dagger Throw"],"picked":"All Out Attack","floor":4},{"not_picked":["Bane","Distraction","Endless Agony"],"picked":"SKIP","floor":11},{"not_picked":["Catalyst","Sucker Punch","Quick Slash"],"picked":"SKIP","floor":12},{"not_picked":["Calculated Gamble","Blur"],"picked":"Well Laid Plans","floor":13},{"not_picked":["Well Laid Plans","Sucker Punch","Expertise"],"picked":"SKIP","floor":14},{"not_picked":["Venomology","Corpse Explosion"],"picked":"Malaise","floor":16},{"not_picked":["Sucker Punch","Deflect+1","Concentrate"],"picked":"SKIP","floor":18},{"not_picked":["Escape Plan","Acrobatics+1","Dagger Spray"],"picked":"SKIP","floor":19},{"not_picked":["Deflect","Skewer","Blade Dance"],"picked":"SKIP","floor":22},{"not_picked":["Riddle With Holes","Underhanded Strike","Dagger Spray"],"picked":"SKIP","floor":25},{"not_picked":["Deadly Poison+1","Sucker Punch+1"],"picked":"Dodge and Roll+1","floor":27},{"not_picked":["Skewer+1","Poisoned Stab","Tactician"],"picked":"SKIP","floor":29},{"not_picked":["Dagger Spray","Quick Slash","Bouncing Flask+1"],"picked":"SKIP","floor":30},{"not_picked":["Night Terror","Malaise"],"picked":"After Image","floor":33},{"not_picked":["Dagger Throw","Escape Plan+1"],"picked":"Backstab","floor":35},{"not_picked":["Masterful Stab+1","Dagger Spray+1"],"picked":"Predator+1","floor":38},{"not_picked":["Finisher","Bane","Underhanded Strike"],"picked":"SKIP","floor":40},{"not_picked":["Backstab","Escape Plan"],"picked":"Expertise+1","floor":45},{"not_picked":["Prepared","Flying Knee+1","Backflip"],"picked":"SKIP","floor":46}],"player_experience":947111,"relics_obtained":[{"floor":9,"key":"Mercury Hourglass"},{"floor":13,"key":"Odd Mushroom"},{"floor":14,"key":"Tiny Chest"},{"floor":24,"key":"Red Mask"},{"floor":26,"key":"Vajra"},{"floor":31,"key":"Enchiridion"},{"floor":39,"key":"Boot"},{"floor":41,"key":"Orichalcum"},{"floor":43,"key":"StoneCalendar"}],"event_choices":[{"damage_healed":0,"gold_gain":0,"player_choice":"Donut","damage_taken":0,"max_hp_gain":5,"max_hp_loss":0,"event_name":"Big Fish","floor":3,"gold_loss":0},{"damage_healed":0,"gold_gain":0,"player_choice":"Grow","damage_taken":0,"max_hp_gain":0,"max_hp_loss":0,"event_name":"Living Wall","floor":6,"gold_loss":0,"cards_upgraded":["Neutralize"]},{"damage_healed":0,"gold_gain":75,"player_choice":"Gather Gold","damage_taken":11,"max_hp_gain":0,"max_hp_loss":0,"event_name":"World of Goop","floor":7,"gold_loss":0},{"damage_healed":0,"gold_gain":0,"player_choice":"Fought Mushrooms","damage_taken":0,"max_hp_gain":0,"max_hp_loss":0,"event_name":"Mushrooms","floor":13,"gold_loss":0},{"damage_healed":0,"gold_gain":0,"player_choice":"Became a vampire","damage_taken":0,"max_hp_gain":0,"max_hp_loss":23,"event_name":"Vampires","floor":20,"gold_loss":0,"cards_obtained":["Bite","Bite","Bite","Bite","Bite"]},{"damage_healed":0,"gold_gain":0,"player_choice":"Fought Bandits","damage_taken":0,"max_hp_gain":0,"max_hp_loss":0,"event_name":"Masked Bandits","floor":24,"gold_loss":0},{"damage_healed":0,"gold_gain":0,"player_choice":"Read","damage_taken":0,"max_hp_gain":0,"max_hp_loss":0,"event_name":"The Library","floor":28,"gold_loss":0,"cards_obtained":["Glass Knife"]},{"damage_healed":0,"gold_gain":0,"player_choice":"Obtained Book","damage_taken":16,"max_hp_gain":0,"max_hp_loss":0,"event_name":"Cursed Tome","floor":31,"gold_loss":0},{"cards_removed":["Defend_G"],"damage_healed":0,"gold_gain":0,"player_choice":"Removed Skill","damage_taken":0,"max_hp_gain":0,"max_hp_loss":0,"event_name":"Falling","floor":36,"gold_loss":0}],"is_beta":true,"boss_relics":[{"not_picked":["Fusion Hammer","Tiny House"],"picked":"Eternal Feather"},{"not_picked":["Coffee Dripper","Velvet Choker"],"picked":"HoveringKite"}],"items_purged_floors":[],"is_endless":false,"potions_floor_spawned":[4,12,13,19,22,24,46],"killed_by":"Awakened One","ascension_level":0}