{"gold_per_floor":[114,114,125,140,153,153,165,195,195,195,195,195,205,219,219,322,322],"floor_reached":17,"playtime":407,"items_purged":[],"score":159,"play_id":"3e4bb977-2caf-4f07-b2bc-d20b6ce50563","local_time":"20190913181916","is_ascension_mode":false,"campfire_choices":[{"data":"Zap","floor":6.0,"key":"SMITH"},{"data":"Defragment","floor":10.0,"key":"SMITH"},{"floor":12.0,"key":"REST"},{"data":"Tempest","floor":15.0,"key":"SMITH"}],"neow_cost":"NONE","seed_source_timestamp":99723729874600,"circlet_count":0,"master_deck":["Strike_B","Strike_B","Strike_B","Strike_B","Defend_B","Defend_B","Defend_B","Defend_B","Zap+1","Dualcast","Defragment+1","Tempest+1","Core Surge","Conserve Battery","BootSequence","Leap","Electrodynamics"],"special_seed":0,"relics":["Cracked Core","NeowsBlessing","Pantograph","Oddly Smooth Stone","PreservedInsect"],"potions_floor_usage":[],"damage_taken":[{"damage":0.0,"enemies":"Jaw Worm","floor":1.0,"turns":1.0},{"damage":0.0,"enemies":"Small Slimes","floor":3.0,"turns":1.0},{"damage":0.0,"enemies":"2 Louse","floor":4.0,"turns":1.0},{"damage":9.0,"enemies":"Blue Slaver","floor":5.0,"turns":3.0},{"damage":8.0,"enemies":"3 Louse","floor":7.0,"turns":3.0},{"damage":22.0,"enemies":"Lagavulin","floor":8.0,"turns":6.0},{"damage":0.0,"enemies":"Exordium Thugs","floor":13.0,"turns":4.0},{"damage":0.0,"enemies":"Looter","floor":14.0,"turns":2.0},{"damage":43.0,"enemies":"Slime Boss","floor":16.0,"turns":9.0}],"seed_played":"7372098664169743414","potions_obtained":[{"floor":1.0,"key":"FocusPotion"},{"floor":3.0,"key":"Energy Potion"},{"floor":8.0,"key":"FearPotion"},{"floor":13.0,"key":"Ancient Potion"}],"is_trial":false,"path_per_floor":["M","?","M","M","M","R","M","E","T","R","?","R","M","M","R","B",null],"character_chosen":"DEFECT","items_purchased":[],"campfire_rested":1,"item_purchase_floors":[],"current_hp_per_floor":[75,75,75,75,66,66,58,36,36,36,36,58,58,58,58,32,32],"gold":322,"neow_bonus":"THREE_ENEMY_KILL","is_prod":false,"is_daily":false,"chose_seed":false,"campfire_upgraded":3,"win_rate":0,"timestamp":1568416756,"path_taken":["M","?","M","M","M","R","M","E","T","R","?","R","M","M","R","BOSS"],"build_version":"2019-09-12","purchased_purges":0,"victory":false,"max_hp_per_floor":[75,75,75,75,75,75,75,75,75,75,75,75,75,75,75,75,75],"card_choices":[{"not_picked":["Consume","Cold Snap","Conserve Battery"],"picked":"SKIP","floor":1.0},{"not_picked":["Lockon","Hello World"],"picked":"Defragment","floor":3.0},{"not_picked":["Auto Shields","Redo"],"picked":"Tempest","floor":4.0},{"not_picked":["Stack","Go for the Eyes"],"picked":"Core Surge","floor":5.0},{"not_picked":["Redo","Force Field","Stack"],"picked":"SKIP","floor":7.0},{"not_picked":["Redo","Heatsinks"],"picked":"Conserve Battery","floor":8.0},{"not_picked":["Consume","Reinforced Body"],"picked":"BootSequence","floor":13.0},{"not_picked":["Gash","Compile Driver"],"picked":"Leap","floor":14.0},{"not_picked":["Core Surge","All For One"],"picked":"Electrodynamics","floor":16.0}],"player_experience":1293322,"relics_obtained":[{"floor":8.0,"key":"Oddly Smooth Stone"},{"floor":9.0,"key":"PreservedInsect"}],"event_choices":[{"damage_healed":0.0,"max_hp_gain":0.0,"max_hp_loss":0.0,"gold_gain":0.0,"event_name":"Big Fish","player_choice":"Box","floor":2.0,"gold_loss":0.0,"damage_taken":0.0,"relics_obtained":["Pantograph"],"cards_obtained":["Regret"]},{"cards_removed":["Regret"],"damage_healed":0.0,"max_hp_gain":0.0,"max_hp_loss":0.0,"gold_gain":0.0,"event_name":"Living Wall","player_choice":"Forget","floor":11.0,"gold_loss":0.0,"damage_taken":0.0}],"is_beta":true,"boss_relics":[],"items_purged_floors":[],"is_endless":false,"potions_floor_spawned":[1,3,8,13,14],"ascension_level":0}