{"gold_per_floor":[114,134,134,146,166,166,198,198,198,226,240,240,200],"floor_reached":13,"playtime":969,"items_purged":[],"score":190,"play_id":"e0eeb883-6cad-4da8-9df1-b101b8425fb2","local_time":"20190821232800","is_ascension_mode":true,"campfire_choices":[{"data":"Static Discharge","floor":6.0,"key":"SMITH"},{"floor":8.0,"key":"REST"}],"neow_cost":"NONE","seed_source_timestamp":650849671938544,"circlet_count":0,"master_deck":["AscendersBane","Strike_B","Strike_B","Strike_B","Defend_B","Defend_B","Defend_B","Defend_B","Zap","Dualcast","Rip and Tear","Compile Driver","Static Discharge+1","Steam","All For One","Hyperbeam","Self Repair"],"special_seed":0,"relics":["Cracked Core","Question Card","Du-Vu Doll","Incense Burner"],"potions_floor_usage":[13],"damage_taken":[{"damage":1.0,"enemies":"2 Louse","floor":1.0,"turns":3.0},{"damage":0.0,"enemies":"Cultist","floor":2.0,"turns":3.0},{"damage":0.0,"enemies":"Small Slimes","floor":4.0,"turns":3.0},{"damage":27.0,"enemies":"Exordium Wildlife","floor":5.0,"turns":4.0},{"damage":40.0,"enemies":"Gremlin Nob","floor":7.0,"turns":4.0},{"damage":25.0,"enemies":"Lagavulin","floor":10.0,"turns":6.0},{"damage":3.0,"enemies":"2 Fungi Beasts","floor":11.0,"turns":3.0},{"damage":11,"enemies":"Exordium Thugs","floor":13,"turns":2}],"seed_played":"7399244278964252528","potions_obtained":[{"floor":4.0,"key":"Regen Potion"},{"floor":10.0,"key":"Block Potion"}],"is_trial":false,"path_per_floor":["M","M","?","M","M","R","E","R","T","E","M","?","M"],"character_chosen":"DEFECT","items_purchased":[],"campfire_rested":1,"item_purchase_floors":[],"current_hp_per_floor":[70,70,70,70,55,55,15,38,38,13,10,10,0],"gold":200,"neow_bonus":"TEN_PERCENT_HP_BONUS","is_prod":false,"is_daily":false,"chose_seed":false,"campfire_upgraded":1,"win_rate":0,"timestamp":1566455280,"path_taken":["M","M","?","M","?","R","E","R","T","E","M","?","?"],"build_version":"2019-07-17","purchased_purges":0,"victory":false,"max_hp_per_floor":[78,78,78,78,78,78,78,78,78,78,78,78,78],"card_choices":[{"not_picked":["Redo","Stack"],"picked":"Rip and Tear","floor":1.0},{"not_picked":["Hologram","Stack"],"picked":"Compile Driver","floor":2.0},{"not_picked":["Barrage","Steam Power"],"picked":"Static Discharge","floor":4.0},{"not_picked":["Beam Cell","Redo"],"picked":"Steam","floor":5.0},{"not_picked":["Heatsinks","Rip and Tear"],"picked":"All For One","floor":7.0},{"not_picked":["Redo","Go for the Eyes","Auto Shields"],"picked":"Hyperbeam","floor":10.0},{"not_picked":["Storm","Streamline","Coolheaded"],"picked":"Self Repair","floor":11.0}],"player_experience":735491,"relics_obtained":[{"floor":7.0,"key":"Question Card"},{"floor":9.0,"key":"Du-Vu Doll"},{"floor":10.0,"key":"Incense Burner"}],"event_choices":[{"cards_removed":["Strike_B"],"damage_healed":0.0,"max_hp_gain":0.0,"max_hp_loss":0.0,"gold_gain":0.0,"event_name":"Wheel of Change","player_choice":"Card Removal","floor":3.0,"gold_loss":0.0,"damage_taken":0.0},{"damage_healed":0,"gold_gain":0,"player_choice":"0 cards matched","damage_taken":0,"max_hp_gain":0,"max_hp_loss":0,"event_name":"Match and Keep!","floor":12,"gold_loss":0,"cards_obtained":[]}],"is_beta":false,"boss_relics":[],"items_purged_floors":[],"is_endless":false,"potions_floor_spawned":[4,10],"killed_by":"Exordium Thugs","ascension_level":20}