{"gold_per_floor":[118,118,118,142,161,161,186,186,212,212,235,268,268,268,268,397,397,412,433,532,532,553,553,227,227,227,227,247,282,295,320,320,444,444,469,483,501,526,25,25,40,40,40,40,40,64,64,89,89,89],"floor_reached":51,"playtime":1665,"items_purged":["Strike_R","Strike_R"],"score":721,"play_id":"1c7076dd-f789-46e4-bb8e-df0f8cbbe052","local_time":"20180704030410","is_ascension_mode":false,"campfire_choices":[{"data":"Whirlwind","floor":6,"key":"SMITH"},{"data":"Armaments","floor":8,"key":"SMITH"},{"data":"Reckless Charge","floor":13,"key":"SMITH"},{"data":"Bash","floor":15,"key":"SMITH"},{"data":"Strike_R","floor":23,"key":"SMITH"},{"data":"Defend_R","floor":25,"key":"SMITH"},{"floor":27,"key":"REST"},{"floor":32,"key":"REST"},{"data":"Limit Break","floor":40,"key":"SMITH"},{"floor":44,"key":"REST"},{"floor":47,"key":"REST"},{"floor":49,"key":"REST"}],"neow_cost":"NONE","seed_source_timestamp":262857975448404,"circlet_count":0,"master_deck":["Strike_R+1","Strike_R+1","Strike_R+1","Defend_R+1","Defend_R","Defend_R","Defend_R","Bash+1","True Grit+1","Anger+1","Whirlwind+1","Armaments+1","Reckless Charge+1","Demon Form+1","Infernal Blade+1","Pommel Strike+1","Rampage+1","Sword Boomerang+1","Fire Breathing+1","Demon Form+1","Heavy Blade+1","Sword Boomerang+1","Limit Break+1","Thunderclap+1","Flame Barrier+1"],"relics":["Burning Blood","Golden Idol","Art of War","Happy Flower","Frozen Egg 2","Lizard Tail","Matryoshka","Molten Egg 2","Blue Candle","Anchor","Snecko Eye","Pear","Dream Catcher","Letter Opener"],"potions_floor_usage":[29,29,29,31,31,31,37,50],"damage_taken":[{"damage":1,"enemies":"Jaw Worm","floor":1,"turns":6},{"damage":0,"enemies":"2 Louse","floor":4,"turns":3},{"damage":8,"enemies":"Small Slimes","floor":5,"turns":3},{"damage":5,"enemies":"2 Fungi Beasts","floor":7,"turns":3},{"damage":0,"enemies":"Lots of Slimes","floor":11,"turns":2},{"damage":28,"enemies":"Gremlin Nob","floor":12,"turns":4},{"damage":34,"enemies":"Slime Boss","floor":16,"turns":10},{"damage":23,"enemies":"Chosen","floor":18,"turns":5},{"damage":3,"enemies":"3 Byrds","floor":19,"turns":4},{"damage":34,"enemies":"Centurion and Healer","floor":22,"turns":4},{"damage":20,"enemies":"Snecko","floor":28,"turns":4},{"damage":41,"enemies":"Book of Stabbing","floor":29,"turns":6},{"damage":22,"enemies":"Sentry and Sphere","floor":30,"turns":5},{"damage":3,"enemies":"Snake Plant","floor":31,"turns":4},{"damage":30,"enemies":"Champ","floor":33,"turns":7},{"damage":4,"enemies":"3 Shapes","floor":35,"turns":2},{"damage":36,"enemies":"3 Darklings","floor":36,"turns":4},{"damage":10,"enemies":"Maw","floor":37,"turns":5},{"damage":27,"enemies":"4 Shapes","floor":38,"turns":2},{"damage":16,"enemies":"Spire Growth","floor":41,"turns":4},{"damage":13,"enemies":"3 Darklings","floor":46,"turns":3},{"damage":24,"enemies":"Sphere and 2 Shapes","floor":48,"turns":5},{"damage":83,"enemies":"Awakened One","floor":50,"turns":7}],"seed_played":"-2407730206102640233","potions_obtained":[{"floor":5,"key":"Ancient Potion"},{"floor":12,"key":"Regen Potion"},{"floor":19,"key":"EntropicBrew"},{"floor":31,"key":"EssenceOfSteel"},{"floor":35,"key":"SmokeBomb"},{"floor":36,"key":"LiquidBronze"}],"is_trial":false,"path_per_floor":["M","?","?","M","M","R","M","R","T","?","M","E","R","T","R","B",null,"M","M","?","?","M","R","$","R","T","R","M","E","M","M","R","B",null,"M","M","M","M","$","R","M","?","T","R","?","M","R","M","R","B"],"character_chosen":"IRONCLAD","items_purchased":["Matryoshka","Limit Break","Pear"],"campfire_rested":5,"item_purchase_floors":[24,39,39],"current_hp_per_floor":[88,70,48,54,52,52,53,53,53,53,59,37,37,37,37,9,88,71,74,74,74,46,46,46,46,46,72,58,37,21,24,50,26,88,88,58,54,33,43,43,33,33,33,62,62,55,84,66,95,18],"gold":89,"neow_bonus":"TEN_PERCENT_HP_BONUS","is_prod":false,"is_daily":false,"chose_seed":false,"campfire_upgraded":7,"win_rate":0,"timestamp":1530687850,"path_taken":["M","?","?","M","M","R","M","R","T","?","M","E","R","?","R","BOSS","M","M","?","?","M","R","?","R","T","R","M","E","M","M","R","BOSS","M","M","M","M","$","R","M","?","T","R","?","M","R","M","R","BOSS"],"build_version":"2018-07-02","purchased_purges":2,"victory":true,"max_hp_per_floor":[88,88,88,88,88,88,88,88,88,88,88,88,88,88,88,88,88,88,88,88,88,88,88,88,88,88,88,88,88,88,88,88,88,88,88,88,88,88,98,98,98,98,98,98,98,98,98,98,98,98],"card_choices":[{"not_picked":["Heavy Blade","Rage"],"picked":"True Grit","floor":1},{"not_picked":["Perfected Strike","Thunderclap"],"picked":"Anger","floor":4},{"not_picked":["Perfected Strike","Dual Wield"],"picked":"Whirlwind","floor":5},{"not_picked":["Twin Strike","True Grit"],"picked":"Armaments","floor":7},{"not_picked":["Second Wind","Flex","Wild Strike"],"picked":"SKIP","floor":11},{"not_picked":["Flame Barrier","Blood for Blood"],"picked":"Reckless Charge","floor":12},{"not_picked":["Barricade+1","Exhume"],"picked":"Demon Form+1","floor":16},{"not_picked":["Flame Barrier","Feel No Pain+1","Pummel"],"picked":"SKIP","floor":18},{"not_picked":["Wild Strike","Feel No Pain+1","Flame Barrier"],"picked":"SKIP","floor":19},{"not_picked":["Anger","Blood for Blood"],"picked":"Infernal Blade+1","floor":22},{"not_picked":["Searing Blow+1","Metallicize+1"],"picked":"Pommel Strike+1","floor":28},{"not_picked":["Power Through","Perfected Strike+1"],"picked":"Rampage+1","floor":29},{"not_picked":["Seeing Red","Flex"],"picked":"Sword Boomerang+1","floor":30},{"not_picked":["Armaments","Perfected Strike+1"],"picked":"Fire Breathing+1","floor":31},{"not_picked":["Barricade+1","Dark Embrace+1"],"picked":"Demon Form+1","floor":33},{"not_picked":["Metallicize+1","Intimidate","Combust+1"],"picked":"SKIP","floor":35},{"not_picked":["Feel No Pain+1","Dual Wield+1","Flex+1"],"picked":"SKIP","floor":36},{"not_picked":["Thunderclap+1","Spot Weakness"],"picked":"Heavy Blade+1","floor":37},{"not_picked":["Armaments+1","Bloodletting"],"picked":"Sword Boomerang+1","floor":38},{"not_picked":["Cleave+1","Shrug It Off","Dropkick+1"],"picked":"SKIP","floor":41},{"not_picked":["Rage+1","Headbutt+1"],"picked":"Thunderclap+1","floor":44},{"not_picked":["Twin Strike+1","Reckless Charge+1","Pommel Strike+1"],"picked":"SKIP","floor":46},{"not_picked":["Iron Wave+1","True Grit+1"],"picked":"Flame Barrier+1","floor":47},{"not_picked":["Perfected Strike+1","Sword Boomerang+1","Intimidate+1"],"picked":"SKIP","floor":48}],"player_experience":582775,"relics_obtained":[{"floor":9,"key":"Art of War"},{"floor":12,"key":"Happy Flower"},{"floor":14,"key":"Frozen Egg 2"},{"floor":26,"key":"Molten Egg 2"},{"floor":26,"key":"Blue Candle"},{"floor":29,"key":"Anchor"},{"floor":43,"key":"Dream Catcher"},{"floor":43,"key":"Letter Opener"}],"event_choices":[{"event_name":"Shining Light","player_choice":"Entered Light","floor":2,"damage_taken":0},{"event_name":"Golden Idol","player_choice":"Take Damage","floor":3,"damage_taken":0},{"event_name":"Living Wall","player_choice":"Grow","floor":10,"damage_taken":0},{"event_name":"Nest","player_choice":"Stole From Cult","floor":20,"damage_taken":0},{"event_name":"Ghosts","player_choice":"Ignored","floor":21,"damage_taken":0},{"event_name":"SensoryStone","player_choice":"Memory 1","floor":42,"damage_taken":0},{"event_name":"Upgrade Shrine","player_choice":"Upgraded","floor":45,"damage_taken":0}],"boss_relics":[{"not_picked":["Busted Crown","Tiny House"],"picked":"Lizard Tail"},{"not_picked":["Astrolabe","Eternal Feather"],"picked":"Snecko Eye"}],"items_purged_floors":[24,39],"is_endless":false,"potions_floor_spawned":[5,12,19,28,31,35,36],"ascension_level":0}