{"gold_per_floor":[113,113,127,137,137,137,64,74,100,100,118,138,166,183,183,284,284,294,294,294,309,162,162,193,307,307,30,30,30,50,66,66,171,171,186,186,196,196,106,106,117,135,161,242,270,288,188,208,208,208],"floor_reached":51,"playtime":1216,"items_purged":["Defend_G","Strike_G"],"score":801,"play_id":"9df15dbe-43f8-4ec3-9db3-ebc6be6fa7d0","local_time":"20190512191210","is_ascension_mode":false,"campfire_choices":[{"data":"Blade Dance","floor":6,"key":"SMITH"},{"data":"Accuracy","floor":10,"key":"SMITH"},{"data":"Accuracy","floor":15,"key":"SMITH"},{"data":"Accuracy","floor":23,"key":"SMITH"},{"data":"Toxin Wave","floor":28,"key":"SMITH"},{"data":"conspire:DoublingDagger","floor":32,"key":"SMITH"},{"data":"Bandage Up","floor":40,"key":"SMITH"},{"data":"Finisher","floor":49,"key":"SMITH"}],"neow_cost":"NONE","seed_source_timestamp":264107558252237,"circlet_count":0,"master_deck":["Defend_G","Defend_G","Defend_G","Strike_G","Strike_G","Survivor","Neutralize","Toxin Wave+1","Blade Dance+1","Accuracy+1","Finisher+1","Accuracy+1","Burst+1","conspire:DoublingDagger+1","Accuracy+1","Slice+1","ReplayTheSpireMod:Scrap Shanks+1","Accuracy+1","conspire:DoublingDagger+1","A Thousand Cuts+1","Bandage Up+1","Hidden Blade+1"],"relics":["Ring of the Snake","NeowsBlessing","PreservedInsect","strawberrySpire:ThornyGelberry","Rawhide","Coffee Dripper","Golden Egg","aspiration:FrozenJewel","aspiration:KaomsHeart"],"potions_floor_usage":[16,16,18,25,50,50],"damage_taken":[{"damage":0,"enemies":"Jaw Worm","floor":1,"turns":1},{"damage":0,"enemies":"Cultist","floor":3,"turns":1},{"damage":0,"enemies":"Small Slimes","floor":4,"turns":1},{"damage":0,"enemies":"Exordium Thugs","floor":8,"turns":4},{"damage":5,"enemies":"Large Slime","floor":11,"turns":4},{"damage":3,"enemies":"2 Fungi Beasts","floor":12,"turns":3},{"damage":21,"enemies":"Lagavulin","floor":13,"turns":5},{"damage":11,"enemies":"Red Slaver","floor":14,"turns":3},{"damage":26,"enemies":"The Guardian","floor":16,"turns":9},{"damage":27,"enemies":"Spheric Guardian","floor":18,"turns":6},{"damage":13,"enemies":"2 Thieves","floor":21,"turns":3},{"damage":0,"enemies":"Gremlin Leader","floor":24,"turns":4},{"damage":3,"enemies":"3 Cultists","floor":25,"turns":4},{"damage":12,"enemies":"Snake Plant","floor":30,"turns":3},{"damage":4,"enemies":"Cultist and Chosen","floor":31,"turns":3},{"damage":9,"enemies":"Pondfish","floor":33,"turns":5},{"damage":8,"enemies":"Orb Walker","floor":35,"turns":3},{"damage":5,"enemies":"3 Shapes","floor":37,"turns":3},{"damage":24,"enemies":"3 Darklings","floor":41,"turns":4},{"damage":11,"enemies":"Maw","floor":42,"turns":5},{"damage":22,"enemies":"Giant Head","floor":45,"turns":6},{"damage":13,"enemies":"Sphere and 2 Shapes","floor":46,"turns":3},{"damage":45,"enemies":"Writhing Mass","floor":48,"turns":5},{"damage":66,"enemies":"conspire:OrnateMirror","floor":50,"turns":8}],"seed_played":"5999058512221802024","potions_obtained":[{"floor":1,"key":"Adrenaline Potion"},{"floor":8,"key":"Poison Potion"},{"floor":11,"key":"EssenceOfSteel"},{"floor":21,"key":"Energy Potion"},{"floor":24,"key":"EssenceOfSteel"},{"floor":33,"key":"Poison Potion"},{"floor":35,"key":"Strength Potion"},{"floor":42,"key":"Strength Potion"}],"is_trial":false,"path_per_floor":["M","?","M","M","?","R","$","M","T","R","M","M","E","M","R","B",null,"M","?","?","M","$","R","E","M","T","$","R","?","M","M","R","B",null,"M","?","M","?","?","R","M","M","T","T","E","M","$","M","R","B",null],"character_chosen":"THE_SILENT","items_purchased":["Accuracy","Accuracy","aspiration:KaomsHeart","aspiration:KMNothing","aspiration:KMNothing","aspiration:KMNothing"],"campfire_rested":0,"item_purchase_floors":[7,22,27,47,47,47],"current_hp_per_floor":[70,70,70,70,70,70,70,70,70,70,65,62,41,30,30,4,70,43,30,30,17,17,17,17,14,14,114,114,114,102,98,98,89,175,167,167,162,162,162,162,144,145,145,145,135,122,122,89,89,29],"gold":208,"neow_bonus":"THREE_ENEMY_KILL","is_prod":false,"is_daily":false,"chose_seed":false,"campfire_upgraded":8,"win_rate":0,"timestamp":1557702730,"path_taken":["M","?","?","M","?","R","$","M","T","R","M","M","E","M","R","BOSS","M","?","?","M","$","R","E","M","T","$","R","?","M","?","R","BOSS","M","?","M","?","?","R","M","?","T","?","E","M","?","M","R","BOSS"],"build_version":"2019-01-23","purchased_purges":2,"victory":true,"max_hp_per_floor":[70,70,70,70,70,70,70,70,70,70,70,70,70,70,70,70,70,70,75,75,75,75,75,75,75,75,175,175,175,175,175,175,175,175,175,175,175,175,175,175,175,175,175,175,175,175,175,175,175,175],"card_choices":[{"not_picked":["Flying Knee","Hidden Blade"],"picked":"Toxin Wave","floor":1},{"not_picked":["Distraction","Sucker Punch"],"picked":"Blade Dance","floor":3},{"not_picked":["strawberrySpire:Rummage","Expertise"],"picked":"InfectiousVector","floor":4},{"not_picked":["strawberrySpire:Urgency","strawberrySpire:SpinKick","Underhanded Strike"],"picked":"SKIP","floor":8},{"not_picked":["Eviscerate","Deflect","Slice"],"picked":"SKIP","floor":11},{"not_picked":["Flying Knee","Backflip"],"picked":"Finisher","floor":12},{"not_picked":["Crippling Poison","Dagger Throw","Concentrate"],"picked":"SKIP","floor":13},{"not_picked":["Malaise","hubris:SlightOfHand"],"picked":"Accuracy","floor":14},{"not_picked":["strawberrySpire:HotShot","Replay:Bag of Tricks"],"picked":"Burst","floor":16},{"not_picked":["strawberrySpire:DeltaFlow","Pace+1"],"picked":"conspire:DoublingDagger+1","floor":18},{"not_picked":["Dagger Spray","Sneak Up","Deflect+1"],"picked":"SKIP","floor":21},{"not_picked":["Well Laid Plans+1","strawberrySpire:Fastroyer"],"picked":"Slice+1","floor":24},{"not_picked":["Eviscerate","Deadly Poison"],"picked":"ReplayTheSpireMod:Scrap Shanks+1","floor":25},{"not_picked":["strawberrySpire:Fastroyer","strawberrySpire:Rummage"],"picked":"conspire:DoublingDagger","floor":30},{"not_picked":["Accuracy","Riddle With Holes","strawberrySpire:Slide+1"],"picked":"SKIP","floor":31},{"not_picked":["aspiration:Lunge","Poison Darts"],"picked":"A Thousand Cuts","floor":33},{"not_picked":["Noxious Fumes+1","Sucker Punch","hubris:Sniper+1"],"picked":"SKIP","floor":35},{"not_picked":["strawberrySpire:Grapple","Underhanded Strike","Flying Knee+1"],"picked":"SKIP","floor":37},{"not_picked":["Replay:Sssssssssshield","Swift Strike"],"picked":"Bandage Up","floor":38},{"not_picked":["strawberrySpire:Momentum","strawberrySpire:Fastroyer"],"picked":"Hidden Blade+1","floor":41},{"not_picked":["infinitespire:Neurotoxin","Distraction+1","Dagger Throw"],"picked":"SKIP","floor":42},{"not_picked":["infinitespire:Neurotoxin","Distraction+1","Dagger Throw"],"picked":"SKIP","floor":42},{"not_picked":["Outmaneuver","strawberrySpire:Fastroyer","strawberrySpire:Plunge"],"picked":"SKIP","floor":45},{"not_picked":["Eviscerate+1","Deadly Poison","strawberrySpire:DeltaFlow+1"],"picked":"SKIP","floor":46},{"not_picked":["strawberrySpire:Insectonator+1","strawberrySpire:SpinKick+1","Well Laid Plans+1"],"picked":"SKIP","floor":48}],"player_experience":748157,"relics_obtained":[{"floor":9,"key":"PreservedInsect"},{"floor":13,"key":"strawberrySpire:ThornyGelberry"},{"floor":24,"key":"Golden Egg"},{"floor":26,"key":"aspiration:FrozenJewel"},{"floor":44,"key":"aspiration:KMNothing"},{"floor":45,"key":"aspiration:KMNothing"}],"event_choices":[{"cards_removed":["Strike_G"],"damage_healed":0,"gold_gain":0,"player_choice":"Purged","damage_taken":0,"max_hp_gain":0,"max_hp_loss":0,"event_name":"Purifier","floor":2,"gold_loss":0},{"cards_removed":["InfectiousVector"],"damage_healed":0,"gold_gain":0,"player_choice":"Offered Uncommon","damage_taken":0,"max_hp_gain":0,"max_hp_loss":0,"event_name":"Bonfire Elementals","floor":5,"gold_loss":0},{"damage_healed":0,"gold_gain":0,"player_choice":"Shed Blood","damage_taken":18,"max_hp_gain":5,"max_hp_loss":0,"event_name":"Forgotten Altar","floor":19,"gold_loss":0},{"cards_removed":["Defend_G"],"damage_healed":0,"gold_gain":0,"player_choice":"Elegance","damage_taken":0,"max_hp_gain":0,"max_hp_loss":0,"event_name":"Back to Basics","floor":20,"gold_loss":0},{"damage_healed":0,"gold_gain":0,"player_choice":"Copied","damage_taken":0,"max_hp_gain":0,"max_hp_loss":0,"event_name":"Duplicator","floor":29,"gold_loss":0,"cards_obtained":["Accuracy"]},{"damage_healed":0,"gold_gain":0,"player_choice":"Ignored","damage_taken":0,"max_hp_gain":0,"max_hp_loss":0,"event_name":"Mysterious Sphere","floor":36,"gold_loss":0},{"damage_healed":0,"gold_gain":0,"player_choice":"Memory 1","damage_taken":0,"max_hp_gain":0,"max_hp_loss":0,"event_name":"SensoryStone","floor":38,"gold_loss":0},{"cards_removed":["Strike_G"],"damage_healed":0,"gold_gain":0,"player_choice":"Upgrade and Remove","damage_taken":0,"max_hp_gain":0,"max_hp_loss":0,"event_name":"Designer","floor":39,"gold_loss":90,"cards_upgraded":["Burst"]}],"is_beta":false,"boss_relics":[{"not_picked":["Calling Bell","Empty Cage"],"picked":"Coffee Dripper"},{"not_picked":["aspiration:KMNothing","aspiration:KMNothing"],"picked":"aspiration:KMNothing"}],"items_purged_floors":[22,47],"is_endless":false,"potions_floor_spawned":[1,8,11,21,24,33,35,37,42,48],"ascension_level":0}