{"gold_per_floor":[113,128,147,147,157,157,186,186,186,206,234,234,234],"floor_reached":13,"playtime":1030,"items_purged":[],"score":240,"play_id":"f0853ef4-5593-4ece-82be-25075cf01652","local_time":"20190824111635","is_ascension_mode":true,"campfire_choices":[{"data":"Zap","floor":6.0,"key":"SMITH"},{"data":"Sweeping Beam","floor":8.0,"key":"SMITH"},{"floor":12.0,"key":"REST"}],"neow_cost":"NONE","seed_source_timestamp":76968172479127,"circlet_count":0,"master_deck":["AscendersBane","Strike_B","Strike_B","Strike_B","Strike_B","Defend_B","Defend_B","Defend_B","Defend_B","Zap+1","Dualcast","Conserve Battery","Steam","Sweeping Beam+1","Go for the Eyes","Electrodynamics","Defragment","BootSequence"],"special_seed":0,"relics":["Cracked Core","Blue Candle","Dodecahedron"],"potions_floor_usage":[13],"damage_taken":[{"damage":6.0,"enemies":"2 Louse","floor":1.0,"turns":3.0},{"damage":0.0,"enemies":"Cultist","floor":2.0,"turns":3.0},{"damage":6.0,"enemies":"Small Slimes","floor":3.0,"turns":3.0},{"damage":4.0,"enemies":"Exordium Thugs","floor":5.0,"turns":5.0},{"damage":0.0,"enemies":"Gremlin Nob","floor":7.0,"turns":2.0},{"damage":8.0,"enemies":"Large Slime","floor":10.0,"turns":3.0},{"damage":17.0,"enemies":"Lagavulin","floor":11.0,"turns":7.0},{"damage":45,"enemies":"Gremlin Nob","floor":13,"turns":4}],"seed_played":"1184624753238315708","potions_obtained":[{"floor":1.0,"key":"SpeedPotion"},{"floor":2.0,"key":"Fire Potion"},{"floor":3.0,"key":"Fire Potion"},{"floor":7.0,"key":"Energy Potion"}],"is_trial":false,"path_per_floor":["M","M","M","?","M","R","E","R","T","M","E","R","E"],"character_chosen":"DEFECT","items_purchased":[],"campfire_rested":1,"item_purchase_floors":[],"current_hp_per_floor":[58,58,52,42,38,38,38,38,38,30,13,34,0],"gold":234,"neow_bonus":"THREE_CARDS","is_prod":false,"is_daily":false,"chose_seed":false,"campfire_upgraded":2,"win_rate":0,"timestamp":1566670595,"path_taken":["M","M","M","?","?","R","E","R","T","M","E","R","E"],"build_version":"2019-07-17","purchased_purges":0,"victory":false,"max_hp_per_floor":[71,71,71,71,71,71,71,71,71,71,71,71,71],"card_choices":[{"not_picked":["Scrape","Rebound"],"picked":"Conserve Battery","floor":0.0},{"not_picked":["Streamline","Sweeping Beam"],"picked":"Steam","floor":1.0},{"not_picked":["Reprogram","Melter","Rebound"],"picked":"SKIP","floor":2.0},{"not_picked":["Stack","Turbo"],"picked":"Sweeping Beam","floor":3.0},{"not_picked":["Barrage","Compile Driver"],"picked":"Go for the Eyes","floor":5.0},{"not_picked":["Chill","Steam"],"picked":"Electrodynamics","floor":7.0},{"not_picked":["Redo","Streamline"],"picked":"Defragment","floor":10.0},{"not_picked":["Compile Driver","Electrodynamics"],"picked":"BootSequence","floor":11.0}],"player_experience":763181,"relics_obtained":[{"floor":9.0,"key":"Blue Candle"},{"floor":11.0,"key":"Dodecahedron"}],"event_choices":[{"damage_healed":0.0,"max_hp_gain":0.0,"max_hp_loss":0.0,"gold_gain":0.0,"event_name":"Wheel of Change","player_choice":"Damaged","floor":4.0,"gold_loss":0.0,"damage_taken":10.0}],"is_beta":false,"boss_relics":[],"items_purged_floors":[],"is_endless":false,"potions_floor_spawned":[1,2,3,7],"killed_by":"Gremlin Nob","ascension_level":20}