{"gold_per_floor":[113,138,150,164,164,207,174,195,195,195,195,210,210,235,235,366,366,386,301,209,230,230,230,243,263,288,288,213,213,227,246,246,374,374,486,208,208,328,342,342,361,386,386,407,422,422,422,440,440,440],"floor_reached":50,"playtime":1243,"items_purged":["Strike_R"],"score":475,"play_id":"fdbe2b04-ab58-4c14-b023-9fb530e49c8e","local_time":"20190222175136","is_ascension_mode":false,"campfire_choices":[{"data":"Bash","floor":10,"key":"SMITH"},{"data":"Armaments","floor":13,"key":"SMITH"},{"data":"strawberrySpire:PowerStomp","floor":15,"key":"SMITH"},{"data":"Dramatic Entrance","floor":23,"key":"SMITH"},{"data":"Run Through","floor":27,"key":"SMITH"},{"data":"Clash","floor":29,"key":"SMITH"},{"data":"Inflame","floor":32,"key":"SMITH"},{"data":"strawberrySpire:Beatdown","floor":40,"key":"SMITH"},{"floor":47,"key":"REST"},{"floor":49,"key":"REST"}],"neow_cost":"NONE","seed_source_timestamp":270377764869738,"circlet_count":0,"master_deck":["Strike_R","Strike_R","Strike_R+1","Strike_R","Defend_R","Defend_R","Defend_R","Defend_R+1","Bash+1","Sever Soul","Run Through+1","Clash+1","Reaper","Iron Wave+1","strawberrySpire:PowerStomp+1","Armaments+1","Thunderclap","strawberrySpire:Beatdown+1","Pummel","Dramatic Entrance+1","Flex+1","strawberrySpire:Incursion+1","Inflame+1","strawberrySpire:Beatdown+1","hubris:SharpeningStone+1","Inflame+1","strawberrySpire:Beatdown+1","Headbutt+1","strawberrySpire:PumpUp+1","Seeing Red+1"],"relics":["Burning Blood","NeowsBlessing","ReplayTheSpireMod:Spearhead","Golden Idol","Boot","Mercury Hourglass","Sozu","Garlic","hubris:SlimyHat","Cursed Key","strawberrySpire:StillNotAdequateHouse","Torii"],"potions_floor_usage":[50,50],"damage_taken":[{"damage":0,"enemies":"Cultist","floor":1,"turns":1},{"damage":0,"enemies":"Small Slimes","floor":3,"turns":1},{"damage":0,"enemies":"Jaw Worm","floor":4,"turns":1},{"damage":30,"enemies":"3 Sentries","floor":6,"turns":11},{"damage":5,"enemies":"Looter","floor":8,"turns":2},{"damage":0,"enemies":"Exordium Wildlife","floor":12,"turns":3},{"damage":5,"enemies":"2 Fungi Beasts","floor":14,"turns":2},{"damage":40,"enemies":"Fading Forest","floor":16,"turns":11},{"damage":5,"enemies":"Chosen","floor":18,"turns":3},{"damage":3,"enemies":"Shell Parasite","floor":21,"turns":3},{"damage":0,"enemies":"Chosen and Byrds","floor":24,"turns":4},{"damage":0,"enemies":"Cultist and Chosen","floor":25,"turns":3},{"damage":0,"enemies":"3 Cultists","floor":30,"turns":4},{"damage":0,"enemies":"Chosen and Byrds","floor":31,"turns":3},{"damage":41,"enemies":"Collector","floor":33,"turns":6},{"damage":18,"enemies":"3 Darklings","floor":35,"turns":4},{"damage":0,"enemies":"Orb Walker","floor":38,"turns":1},{"damage":0,"enemies":"3 Darklings","floor":39,"turns":2},{"damage":45,"enemies":"Jaw Worm Horde","floor":41,"turns":5},{"damage":37,"enemies":"Writhing Mass","floor":42,"turns":3},{"damage":23,"enemies":"Transient","floor":44,"turns":5},{"damage":13,"enemies":"Spire Growth","floor":45,"turns":2},{"damage":0,"enemies":"Sphere and 2 Shapes","floor":48,"turns":3},{"damage":86,"enemies":"hubris:GrandSnecko","floor":50,"turns":7}],"seed_played":"3881690743301490436","potions_obtained":[{"floor":3,"key":"Dexterity Potion"},{"floor":6,"key":"Dexterity Potion"},{"floor":8,"key":"Elixir"}],"is_trial":false,"path_per_floor":["M","T","M","M","?","E","$","M","T","R","?","M","R","M","R","B",null,"M","?","$","M","?","R","M","M","T","R","$","R","M","M","R","B",null,"M","$","?","M","M","R","M","M","T","M","M","?","R","M","R","B"],"character_chosen":"IRONCLAD","items_purchased":["Iron Wave+1","Dramatic Entrance","Inflame","strawberrySpire:StillNotAdequateHouse"],"campfire_rested":2,"item_purchase_floors":[7,20,36,36],"current_hp_per_floor":[80,80,80,80,60,36,36,37,37,37,37,53,53,64,64,35,80,80,80,80,80,80,80,80,80,80,80,80,80,80,80,80,45,80,69,75,65,71,86,86,61,30,30,29,22,22,47,53,78,0],"gold":440,"neow_bonus":"THREE_ENEMY_KILL","is_prod":false,"is_daily":false,"chose_seed":false,"campfire_upgraded":8,"win_rate":0,"timestamp":1550875896,"path_taken":["M","?","M","M","?","E","?","?","T","R","?","?","R","M","R","BOSS","M","?","$","M","?","R","M","?","T","R","$","R","M","M","R","BOSS","M","$","?","M","M","R","M","M","T","M","M","?","R","M","R","BOSS"],"build_version":"2019-01-23","purchased_purges":1,"victory":false,"max_hp_per_floor":[80,80,80,80,80,80,80,80,80,80,80,80,80,80,80,80,80,80,80,80,80,80,80,80,80,80,80,80,80,80,80,80,80,80,80,86,86,86,86,86,86,86,86,86,86,86,86,86,86,86],"card_choices":[{"not_picked":["strawberrySpire:DebrisPile","Rage"],"picked":"Sever Soul","floor":1},{"not_picked":["Replay:Undeath\u0027s Touch","strawberrySpire:FireDrill"],"picked":"Run Through","floor":3},{"not_picked":["strawberrySpire:Spite","Pommel Strike"],"picked":"Clash","floor":4},{"not_picked":["strawberrySpire:DebrisPile","Fiend Fire"],"picked":"Reaper","floor":6},{"not_picked":["Replay:Undeath\u0027s Touch","Evolve"],"picked":"strawberrySpire:PowerStomp","floor":8},{"not_picked":["Replay:Undeath\u0027s Touch","strawberrySpire:DraftPunk"],"picked":"Armaments","floor":12},{"not_picked":["strawberrySpire:ZonePlayer","Headbutt"],"picked":"Thunderclap","floor":14},{"not_picked":["Double Tap","Fiend Fire"],"picked":"strawberrySpire:Beatdown","floor":16},{"not_picked":["Pommel Strike","strawberrySpire:Conflagrate"],"picked":"Pummel","floor":18},{"not_picked":["Searing Blow","ReplayTheSpireMod:Strike From Hell"],"picked":"Flex+1","floor":21},{"not_picked":["strawberrySpire:ZonePlayer","hubris:CleavingFinish"],"picked":"strawberrySpire:Incursion+1","floor":24},{"not_picked":["Headbutt+1","Combust","Thunderclap"],"picked":"SKIP","floor":25},{"not_picked":["ReplayTheSpireMod:Strike From Hell","Clash+1","strawberrySpire:FireDrill+1"],"picked":"SKIP","floor":30},{"not_picked":["Life Link+1","Body Slam"],"picked":"Inflame","floor":31},{"not_picked":["hubris:StunningStrike","strawberrySpire:FortFortyFour"],"picked":"strawberrySpire:Beatdown","floor":33},{"not_picked":["Heavy Blade","Wild Strike+1"],"picked":"hubris:SharpeningStone+1","floor":35},{"not_picked":["strawberrySpire:PumpUp+1","Thunderclap+1"],"picked":"Headbutt+1","floor":38},{"not_picked":["Sentinel+1","Rage"],"picked":"strawberrySpire:PumpUp+1","floor":39},{"not_picked":["Armaments+1","strawberrySpire:FireDrill+1"],"picked":"Seeing Red+1","floor":41},{"not_picked":["Twin Strike","Sever Soul","hubris:StunningStrike"],"picked":"SKIP","floor":42},{"not_picked":["Clothesline","ReplayReversal+1","Combust"],"picked":"SKIP","floor":44},{"not_picked":["ReplayTheSpireMod:Strike From Hell","Wild Strike","hubris:ReadiedAction"],"picked":"SKIP","floor":45},{"not_picked":["Entrench+1","ReplayTheSpireMod:Limb From Limb","Armaments"],"picked":"SKIP","floor":48}],"player_experience":715335,"relics_obtained":[{"floor":2,"key":"ReplayTheSpireMod:Spearhead"},{"floor":6,"key":"Boot"},{"floor":9,"key":"Mercury Hourglass"},{"floor":26,"key":"hubris:SlimyHat"},{"floor":43,"key":"Torii"}],"event_choices":[{"damage_healed":0,"gold_gain":0,"player_choice":"Take Damage","damage_taken":20,"relics_obtained":["Golden Idol"],"max_hp_gain":0,"max_hp_loss":0,"event_name":"Golden Idol","floor":5,"gold_loss":0},{"damage_healed":0,"gold_gain":0,"player_choice":"Ignored","damage_taken":0,"max_hp_gain":0,"max_hp_loss":0,"event_name":"NoteForYourself","floor":11,"gold_loss":0},{"damage_healed":0,"gold_gain":0,"player_choice":"Obtained Relic","damage_taken":0,"relics_obtained":["Garlic"],"max_hp_gain":0,"max_hp_loss":0,"event_name":"Addict","floor":19,"gold_loss":85},{"cards_removed":["hubris:Envy"],"damage_healed":0,"gold_gain":0,"player_choice":"Removed Skill","damage_taken":0,"max_hp_gain":0,"max_hp_loss":0,"event_name":"Falling","floor":46,"gold_loss":0}],"is_beta":false,"boss_relics":[{"not_picked":["ChewingGum","Abe\u0027s Treasure"],"picked":"Sozu"},{"not_picked":["Astrolabe","Mark of Pain"],"picked":"Cursed Key"}],"items_purged_floors":[28],"is_endless":false,"potions_floor_spawned":[3,6,8,16,21,24,33,39,41,45,48],"killed_by":"hubris:GrandSnecko","ascension_level":0}