{"path_per_floor":["M","M","?","M","M","R","M","E","T","?","R","E","?","M","R","B",null,"M","M","$","?","?","R","?","R","T","M"],"character_chosen":"DEFECT","items_purchased":["Prayer Wheel"],"gold_per_floor":[118,132,132,148,161,161,179,210,236,236,236,271,271,288,288,383,383,396,416,122,0,0,0,0,0,75,95,95],"floor_reached":28,"campfire_rested":1,"playtime":859,"item_purchase_floors":[20],"current_hp_per_floor":[78,78,78,77,75,75,73,41,41,41,41,21,21,14,38,14,82,77,50,50,50,50,50,50,50,50,15,0],"items_purged":[],"gold":95,"score":228,"play_id":"6846d213-417b-40fd-8ef9-7726ecee24c3","local_time":"20180615194216","is_prod":false,"is_daily":false,"chose_seed":false,"is_ascension_mode":false,"campfire_upgraded":4,"win_rate":0,"timestamp":1529106136,"campfire_choices":[{"data":"Zap","floor":6,"key":"SMITH"},{"data":"Defragment","floor":11,"key":"SMITH"},{"floor":15,"key":"REST"},{"data":"Machine Learning","floor":23,"key":"SMITH"},{"data":"Self Repair","floor":25,"key":"SMITH"}],"path_taken":["M","M","?","M","M","R","M","E","T","?","R","E","?","M","R","BOSS","M","M","$","?","?","R","?","R","T","?","M"],"build_version":"2018-06-14v2","seed_source_timestamp":1379509771010931,"purchased_purges":0,"victory":false,"master_deck":["Strike_B","Defend_B","Defend_B","Defend_B","Defend_B","Zap+1","Dualcast","Gash","Beam Cell","Skim","Redo","Defragment+1","Rip and Tear","Machine Learning+1","Ball Lightning","Seek","Ball Lightning+1","Self Repair+1","FTL","Rebound+1"],"max_hp_per_floor":[82,82,82,82,82,82,82,82,82,82,82,82,82,82,82,82,82,82,82,82,82,82,82,82,82,82,82,82],"relics":["Cracked Core","Strawberry","Ornamental Fan","Blood Vial","Dream Catcher","Empty Cage","Prayer Wheel","Dodecahedron"],"card_choices":[{"not_picked":["Streamline","Conserve Battery"],"picked":"Gash","floor":1},{"not_picked":["Steam","Redo"],"picked":"Beam Cell","floor":2},{"not_picked":["Chill","Fusion"],"picked":"Skim","floor":4},{"not_picked":["Turbo","Steam"],"picked":"Redo","floor":5},{"not_picked":["Turbo","Ball Lightning"],"picked":"Defragment","floor":7},{"not_picked":["Steam","Stack"],"picked":"Rip and Tear","floor":8},{"not_picked":["Turbo","Coolheaded"],"picked":"Machine Learning","floor":12},{"not_picked":["Lockon","Sweeping Beam","Stack"],"picked":"SKIP","floor":14},{"not_picked":["Sweeping Beam","Rebound"],"picked":"Ball Lightning","floor":15},{"not_picked":["Reboot","Amplify"],"picked":"Seek","floor":16},{"not_picked":["Reprogram","Redo","Storm"],"picked":"SKIP","floor":18},{"not_picked":["Streamline","Stack"],"picked":"Ball Lightning+1","floor":19},{"not_picked":["Undo","Ball Lightning"],"picked":"FTL","floor":27},{"not_picked":["Scrape","Beam Cell"],"picked":"Rebound+1","floor":27}],"player_experience":554820,"potions_floor_usage":[8,16,28,28],"damage_taken":[{"damage":4,"enemies":"Small Slimes","floor":1,"turns":5},{"damage":0,"enemies":"Cultist","floor":2,"turns":4},{"damage":1,"enemies":"2 Louse","floor":4,"turns":2},{"damage":2,"enemies":"Large Slime","floor":5,"turns":4},{"damage":2,"enemies":"2 Fungi Beasts","floor":7,"turns":3},{"damage":32,"enemies":"Gremlin Nob","floor":8,"turns":4},{"damage":22,"enemies":"Lagavulin","floor":12,"turns":5},{"damage":9,"enemies":"Blue Slaver","floor":14,"turns":3},{"damage":38,"enemies":"The Guardian","floor":16,"turns":9},{"damage":5,"enemies":"Spheric Guardian","floor":18,"turns":3},{"damage":29,"enemies":"Shell Parasite","floor":19,"turns":4},{"damage":47,"enemies":"Centurion and Healer","floor":27,"turns":7},{"damage":18,"enemies":"3 Cultists","floor":28,"turns":3}],"relics_obtained":[{"floor":8,"key":"Ornamental Fan"},{"floor":9,"key":"Blood Vial"},{"floor":12,"key":"Dream Catcher"},{"floor":26,"key":"Dodecahedron"}],"event_choices":[{"event_name":"The Lab","player_choice":"Got Potions","floor":3,"damage_taken":0},{"event_name":"Liars Game","player_choice":"disagreed","floor":10,"damage_taken":0},{"event_name":"Purifier","player_choice":"One Purge","floor":13,"damage_taken":0},{"event_name":"Masked Bandits","player_choice":"Paid Bandits 122 gold","floor":21,"damage_taken":0},{"event_name":"The Library","player_choice":"Read","floor":22,"damage_taken":0},{"event_name":"Drug Dealer","player_choice":"Ignored","floor":24,"damage_taken":0}],"boss_relics":[{"not_picked":["Orrery","Lizard Tail"],"picked":"Empty Cage"}],"items_purged_floors":[],"is_endless":true,"potions_floor_spawned":[5,8,12,16,27],"seed_played":"4093505185750541303","killed_by":"3 Cultists","ascension_level":0,"potions_obtained":[{"floor":3,"key":"SteroidPotion"},{"floor":3,"key":"Strength Potion"},{"floor":3,"key":"Regen Potion"},{"floor":8,"key":"FocusPotion"},{"floor":16,"key":"Swift Potion"}],"is_trial":false}