{"path_per_floor":["M","M","$","?","M","E","R","?","T","M","M","M","R","M","R","B",null,"M","M","?","$","M","R","E","?","T","M","R","?","E","M","R","B",null,"M","M","M","M","M","E","R","?","T","R","M","M","?","T","R"],"character_chosen":"IRONCLAD","items_purchased":["War Paint"],"gold_per_floor":[111,128,53,53,63,120,120,120,144,157,171,189,189,207,207,304,304,316,326,326,71,86,86,113,113,113,124,124,124,153,169,169,270,270,288,304,321,333,344,375,375,375,401,401,418,437,0,27,27,27],"floor_reached":50,"campfire_rested":2,"playtime":1165,"current_hp_per_floor":[74,77,77,77,77,43,43,43,43,46,49,55,55,61,61,55,80,80,80,80,80,80,80,74,74,74,76,76,76,78,80,80,74,80,78,80,70,67,69,60,60,50,50,74,30,19,19,19,43,0],"items_purged":["Defend_R","Defend_R"],"gold":27,"score":652,"play_id":"f6deff24-507b-4021-a0b4-bbfbd095553a","local_time":"20180323022119","is_prod":false,"is_daily":false,"is_ascension_mode":true,"campfire_upgraded":7,"timestamp":1521786079,"path_taken":["M","M","$","?","M","E","R","?","T","M","M","M","R","M","R","BOSS","M","M","?","$","M","R","E","?","T","?","R","?","E","?","R","BOSS","M","M","?","M","?","E","R","?","T","R","?","M","?","?","R","BOSS"],"build_version":"2018-03-22","purchased_purges":2,"victory":false,"master_deck":["Strike_R","Strike_R","Strike_R","Strike_R+1","Strike_R+1","Bash+1","Thunderclap","Perfected Strike+1","Flex+1","Double Tap+1","Seeing Red+1","Flex+1","Perfected Strike+1","Offering+1","Clash+1","Perfected Strike+1","Pommel Strike+1","Headbutt+1","Whirlwind+1","Madness","Madness","Dual Wield+1"],"max_hp_per_floor":[80,80,80,80,80,80,80,80,80,80,80,80,80,80,80,80,80,80,80,80,80,80,80,80,80,80,80,80,80,80,80,80,80,80,80,80,80,80,80,80,80,80,80,80,80,80,80,80,80,80],"relics":["Burning Blood","Tiny Chest","Anchor","Philosopher\u0027s Stone","War Paint","Art of War","Ginger","Dream Catcher","Lizard Tail","Omamori","Bag of Preparation","Red Mask","Whetstone"],"card_choices":[{"not_picked":["Shockwave","Metallicize"],"picked":"Thunderclap","floor":1},{"not_picked":["Warcry","Rupture"],"picked":"Perfected Strike","floor":2},{"not_picked":["Evolve","Armaments"],"picked":"Flex","floor":5},{"not_picked":["Flex","Clash"],"picked":"Double Tap","floor":6},{"not_picked":["Wild Strike","Armaments"],"picked":"Seeing Red","floor":10},{"not_picked":["Heavy Blade","True Grit"],"picked":"Flex","floor":12},{"not_picked":["Body Slam","Cleave"],"picked":"Perfected Strike","floor":14},{"not_picked":["Bludgeon","Reaper"],"picked":"Offering","floor":16},{"not_picked":["Wild Strike","Warcry"],"picked":"Clash","floor":18},{"not_picked":["Havoc","Flame Barrier"],"picked":"Perfected Strike","floor":19},{"not_picked":["Armaments","Disarm"],"picked":"Pommel Strike","floor":35},{"not_picked":["Anger","Pommel Strike"],"picked":"Headbutt","floor":38},{"not_picked":["Wild Strike","Infernal Blade"],"picked":"Whirlwind","floor":40},{"not_picked":["Pommel Strike","Thunderclap"],"picked":"Dual Wield","floor":49}],"player_experience":252726,"potions_floor_usage":[6,40,40,50],"damage_taken":[{"damage":12,"enemies":"Jaw Worm","floor":1,"turns":2},{"damage":3,"enemies":"2 Louse","floor":2,"turns":3},{"damage":6,"enemies":"Cultist","floor":5,"turns":3},{"damage":40,"enemies":"Lagavulin","floor":6,"turns":4},{"damage":3,"enemies":"3 Louse","floor":10,"turns":3},{"damage":3,"enemies":"Blue Slaver","floor":11,"turns":2},{"damage":0,"enemies":"2 Fungi Beasts","floor":12,"turns":2},{"damage":0,"enemies":"3 Louse","floor":14,"turns":3},{"damage":12,"enemies":"Slime Boss","floor":16,"turns":6},{"damage":4,"enemies":"Shell Parasite","floor":18,"turns":1},{"damage":3,"enemies":"2 Thieves","floor":19,"turns":2},{"damage":4,"enemies":"Snake Plant","floor":22,"turns":1},{"damage":12,"enemies":"Book of Stabbing","floor":24,"turns":2},{"damage":4,"enemies":"Sentry and Sphere","floor":27,"turns":2},{"damage":4,"enemies":"Slavers","floor":30,"turns":2},{"damage":0,"enemies":"Cultist and Chosen","floor":31,"turns":2},{"damage":12,"enemies":"Champ","floor":33,"turns":4},{"damage":8,"enemies":"Orb Walker","floor":35,"turns":2},{"damage":4,"enemies":"3 Darklings","floor":36,"turns":1},{"damage":16,"enemies":"4 Shapes","floor":37,"turns":3},{"damage":9,"enemies":"Sphere and 2 Shapes","floor":38,"turns":2},{"damage":4,"enemies":"3 Darklings","floor":39,"turns":1},{"damage":18,"enemies":"Nemesis","floor":40,"turns":3},{"damage":50,"enemies":"Maw","floor":45,"turns":4},{"damage":17,"enemies":"Sphere and 2 Shapes","floor":46,"turns":3},{"damage":126,"enemies":"Awakened One","floor":50,"turns":5}],"event_choices":[{"event_name":"Scrap Ooze","player_choice":"unsuccessful","floor":4,"damage_taken":0},{"event_name":"Bonfire Elementals","player_choice":"BASIC","floor":8,"damage_taken":0},{"event_name":"Vampires","player_choice":"Ignored","floor":20,"damage_taken":0},{"event_name":"Upgrade Shrine","player_choice":"Upgraded","floor":25,"damage_taken":0},{"event_name":"Drug Dealer","player_choice":"Ignored","floor":29,"damage_taken":0},{"event_name":"Winding Halls","player_choice":"Embrace Madness","floor":42,"damage_taken":0},{"event_name":"Tomb of Lord Red Mask","player_choice":"Paid","floor":47,"damage_taken":0}],"boss_relics":[{"not_picked":["Runic Pyramid","Tiny House"],"picked":"Philosopher\u0027s Stone"},{"not_picked":["Eternal Feather","Snecko Eye"],"picked":"Lizard Tail"}],"potions_floor_spawned":[1,5,6,11,18,24,30,37,39],"seed_played":"-1686006164701492472","killed_by":"Awakened One","ascension_level":4,"is_trial":false}