{"gold_per_floor":[113,113,113,124,142,267,280,357,381,398,398,414,345,359,359,359],"floor_reached":16,"playtime":369,"items_purged":[],"score":104,"play_id":"6886bcfa-54bb-4b05-9b75-ff5cfdd52518","local_time":"20190209135309","is_ascension_mode":false,"campfire_choices":[{"data":"Anger","floor":11,"key":"SMITH"},{"data":"Corruption","floor":15,"key":"SMITH"}],"neow_cost":"NONE","seed_source_timestamp":238192981244098,"circlet_count":0,"master_deck":["Strike_R","Strike_R","Strike_R+1","Strike_R","Strike_R","Defend_R+1","Defend_R","Defend_R","Defend_R","Bash","Anger+1","Wild Strike","Thunderclap","Corruption+1"],"relics":["Burning Blood","NeowsBlessing","hubris:ChampionShield","Vajra","Torii"],"potions_floor_usage":[6],"damage_taken":[{"damage":0,"enemies":"Jaw Worm","floor":1,"turns":1},{"damage":0,"enemies":"Small Slimes","floor":4,"turns":1},{"damage":0,"enemies":"2 Louse","floor":5,"turns":1},{"damage":28,"enemies":"Lagavulin","floor":6,"turns":6},{"damage":11,"enemies":"Exordium Wildlife","floor":7,"turns":3},{"damage":10,"enemies":"Looter","floor":10,"turns":2},{"damage":23,"enemies":"Exordium Thugs","floor":12,"turns":3},{"damage":5,"enemies":"3 Louse","floor":14,"turns":3},{"damage":41,"enemies":"The Guardian","floor":16,"turns":8}],"seed_played":"-4093655341025016543","potions_obtained":[{"floor":1,"key":"Venom Potion"},{"floor":5,"key":"AttackPotion"},{"floor":6,"key":"SteroidPotion"},{"floor":12,"key":"Explosive Potion"}],"is_trial":false,"path_per_floor":["M","?","?","M","M","E","M","?","T","M","R","M","$","M","R","B"],"character_chosen":"IRONCLAD","items_purchased":["Corruption"],"campfire_rested":0,"item_purchase_floors":[13],"current_hp_per_floor":[80,64,69,75,81,59,54,54,54,50,50,33,33,34,34,0],"gold":359,"neow_bonus":"THREE_ENEMY_KILL","is_prod":false,"is_daily":false,"chose_seed":false,"campfire_upgraded":2,"win_rate":0,"timestamp":1549738389,"path_taken":["M","?","?","M","M","E","M","?","T","M","R","M","$","M","R","BOSS"],"build_version":"2019-01-23","purchased_purges":0,"victory":false,"max_hp_per_floor":[80,80,85,85,85,85,85,85,85,85,85,85,85,85,85,85],"card_choices":[{"not_picked":["Battle Trance","ReplayTheSpireMod:Strike From Hell","Wild Strike"],"picked":"SKIP","floor":1},{"not_picked":["hubris:ReadiedAction","Flex"],"picked":"Anger","floor":4},{"not_picked":["Impervious","Perfected Strike"],"picked":"Wild Strike","floor":5},{"not_picked":["Wild Strike","Metallicize"],"picked":"Thunderclap","floor":6},{"not_picked":["Pommel Strike","ReplayTheSpireMod:Strike From Hell","Offering"],"picked":"SKIP","floor":7},{"not_picked":["Cleave","Abandon","Spot Weakness"],"picked":"SKIP","floor":10},{"not_picked":["Body Slam","Run Through","Dropkick"],"picked":"SKIP","floor":12},{"not_picked":["Headbutt","True Grit","ReplayTheSpireMod:LeadingStrike"],"picked":"SKIP","floor":14}],"player_experience":601222,"relics_obtained":[{"floor":6,"key":"hubris:ChampionShield"},{"floor":9,"key":"Vajra"}],"event_choices":[{"damage_healed":0,"gold_gain":0,"player_choice":"Entered Light","damage_taken":16,"max_hp_gain":0,"max_hp_loss":0,"event_name":"Shining Light","floor":2,"gold_loss":0,"cards_upgraded":["Strike_R","Defend_R"]},{"damage_healed":0,"gold_gain":0,"player_choice":"Donut","damage_taken":0,"max_hp_gain":5,"max_hp_loss":0,"event_name":"Big Fish","floor":3,"gold_loss":0},{"damage_healed":0,"gold_gain":77,"player_choice":"Gained Gold","damage_taken":0,"max_hp_gain":0,"max_hp_loss":0,"event_name":"Golden Wing","floor":8,"gold_loss":0}],"is_beta":false,"boss_relics":[],"items_purged_floors":[],"is_endless":false,"potions_floor_spawned":[1,5,6,12],"killed_by":"The Guardian","ascension_level":0}