{"gold_per_floor":[114,131,81,100,114,114,39,69,69,69,69,169,179,198,198,299,349,331,431,447,200,217,217,235,235],"floor_reached":25,"playtime":1830,"items_purged":["Strike_R","Strike_R"],"score":220,"play_id":"5b823aef-4d59-424b-b4f2-84fd806405c4","local_time":"20190915025716","is_ascension_mode":false,"campfire_choices":[{"data":"Armaments","floor":6,"key":"SMITH"},{"data":"Flex","floor":11,"key":"SMITH"},{"data":"True Grit","floor":15,"key":"SMITH"},{"data":"Juggernaut","floor":23,"key":"SMITH"}],"neow_cost":"NONE","seed_source_timestamp":0,"circlet_count":0,"master_deck":["Strike_R","Strike_R","Defend_R","Defend_R","Defend_R","Defend_R","Bash","Headbutt","Armaments+1","Flex+1","True Grit+1","Iron Wave+1","Juggernaut+1","Shrug It Off","Heavy Blade"],"special_seed":0,"relics":["Burning Blood","Letter Opener","Tiny House","Strawberry"],"potions_floor_usage":[16,16,18,20,22,25],"damage_taken":[{"damage":0,"enemies":"Small Slimes","floor":1,"turns":3},{"damage":1,"enemies":"Jaw Worm","floor":2,"turns":3},{"damage":1,"enemies":"Cultist","floor":4,"turns":3},{"damage":5,"enemies":"Looter","floor":5,"turns":3},{"damage":12,"enemies":"Gremlin Gang","floor":13,"turns":4},{"damage":8,"enemies":"Lots of Slimes","floor":14,"turns":3},{"damage":64,"enemies":"Hexaghost","floor":16,"turns":16},{"damage":15,"enemies":"2 Thieves","floor":18,"turns":4},{"damage":0,"enemies":"3 Byrds","floor":20,"turns":3},{"damage":21,"enemies":"Centurion and Healer","floor":22,"turns":13},{"damage":15,"enemies":"Snake Plant","floor":24,"turns":7},{"damage":78,"enemies":"Book of Stabbing","floor":25,"turns":8}],"seed_played":"1258738679359624867","potions_obtained":[{"floor":1,"key":"Fire Potion"},{"floor":5,"key":"Block Potion"},{"floor":14,"key":"Weak Potion"},{"floor":17,"key":"Explosive Potion"},{"floor":20,"key":"AttackPotion"},{"floor":24,"key":"Strength Potion"}],"is_trial":false,"path_per_floor":["M","M","?","M","M","R","$","?","T","$","R","?","M","M","R","B",null,"M","?","M","$","M","R","M","E"],"character_chosen":"IRONCLAD","items_purchased":["Strawberry"],"campfire_rested":0,"item_purchase_floors":[21],"current_hp_per_floor":[88,88,88,88,88,88,88,88,88,88,88,88,82,80,80,22,93,84,84,90,97,82,82,73,0],"gold":235,"neow_bonus":"TEN_PERCENT_HP_BONUS","is_prod":false,"is_daily":false,"chose_seed":false,"campfire_upgraded":4,"win_rate":0.0,"timestamp":1568509036,"path_taken":["M","M","?","M","M","R","$","?","T","$","R","?","?","M","R","BOSS","M","?","M","$","M","R","M","E"],"build_version":"2019-07-17","purchased_purges":2,"victory":false,"max_hp_per_floor":[88,88,88,88,88,88,88,88,88,88,88,88,88,88,88,88,93,93,93,93,100,100,100,100,100],"card_choices":[{"not_picked":["Inflame","Bloodletting"],"picked":"Headbutt","floor":1},{"not_picked":["Headbutt","Blood for Blood","Rage"],"picked":"SKIP","floor":2},{"not_picked":["Blood for Blood","Twin Strike"],"picked":"Armaments","floor":4},{"not_picked":["Headbutt","Anger"],"picked":"Flex","floor":5},{"not_picked":["Rupture","Flex"],"picked":"True Grit","floor":13},{"not_picked":["Power Through","Wild Strike"],"picked":"Iron Wave","floor":14},{"not_picked":["Exhume","Demon Form"],"picked":"Juggernaut","floor":16},{"not_picked":["Perfected Strike","Flex"],"picked":"Shrug It Off","floor":17},{"not_picked":["Wild Strike","Twin Strike","Shockwave"],"picked":"SKIP","floor":18},{"not_picked":["Headbutt","Armaments","Clothesline+1"],"picked":"SKIP","floor":20},{"not_picked":["Thunderclap","Rage","Clothesline"],"picked":"SKIP","floor":22},{"not_picked":["Twin Strike","Perfected Strike"],"picked":"Heavy Blade","floor":24}],"player_experience":80527,"relics_obtained":[{"floor":9,"key":"Letter Opener"}],"event_choices":[{"cards_removed":["Strike_R"],"damage_healed":0,"gold_gain":0,"player_choice":"Card Removal","damage_taken":0,"max_hp_gain":0,"max_hp_loss":0,"event_name":"The Cleric","floor":3,"gold_loss":50},{"damage_healed":0,"gold_gain":30,"player_choice":"Searched \u00272\u0027 times","damage_taken":0,"max_hp_gain":0,"max_hp_loss":0,"event_name":"Dead Adventurer","floor":8,"gold_loss":0},{"damage_healed":0,"gold_gain":100,"player_choice":"Pray","damage_taken":0,"max_hp_gain":0,"max_hp_loss":0,"event_name":"Golden Shrine","floor":12,"gold_loss":0},{"damage_healed":0,"gold_gain":100,"player_choice":"Pray","damage_taken":0,"max_hp_gain":0,"max_hp_loss":0,"event_name":"Golden Shrine","floor":19,"gold_loss":0}],"is_beta":false,"boss_relics":[{"not_picked":["Ectoplasm","Coffee Dripper"],"picked":"Tiny House"}],"items_purged_floors":[7,21],"is_endless":false,"potions_floor_spawned":[1,5,14,20,24],"killed_by":"Book of Stabbing","ascension_level":0}