{"gold_per_floor":[113,132,132,34,48,48,48,48,99,119,130,305,305,320,320,417,417,428,428,446,136,161,161,175,175,202,221,231,231,250,264,264,264],"floor_reached":33,"playtime":2273,"items_purged":["Doubt"],"score":241,"play_id":"10a05a14-7c48-4dd3-9007-718647135163","local_time":"20190916001915","is_ascension_mode":false,"campfire_choices":[{"data":"Dualcast","floor":6,"key":"SMITH"},{"floor":8,"key":"RECALL"},{"data":"Defragment","floor":13,"key":"SMITH"},{"data":"Zap","floor":15,"key":"SMITH"},{"data":"FTL","floor":23,"key":"SMITH"},{"floor":25,"key":"REST"},{"floor":32,"key":"REST"}],"neow_cost":"NONE","seed_source_timestamp":445484782028700,"circlet_count":0,"master_deck":["Strike_B","Strike_B","Strike_B","Strike_B","Defend_B","Defend_B","Defend_B","Defend_B","Zap+1","Dualcast+1","Conserve Battery+1","Leap","FTL+1","Doom and Gloom","Gash","Defragment+1","Gash","All For One","BootSequence","Auto Shields","Auto Shields","Melter","Steam","Leap+1","Chaos","Writhe","Cold Snap","Reprogram+1","Chill"],"relics":["Cracked Core","Anchor","Dream Catcher","Boot","Bag of Preparation"],"potions_floor_usage":[20,24,28,31,33],"damage_taken":[{"damage":0,"enemies":"Small Slimes","floor":1,"turns":4},{"damage":0,"enemies":"2 Louse","floor":2,"turns":2},{"damage":0,"enemies":"Cultist","floor":5,"turns":3},{"damage":0,"enemies":"Large Slime","floor":10,"turns":3},{"damage":1,"enemies":"Looter","floor":11,"turns":3},{"damage":0,"enemies":"2 Fungi Beasts","floor":14,"turns":3},{"damage":54,"enemies":"Hexaghost","floor":16,"turns":9},{"damage":0,"enemies":"Chosen","floor":18,"turns":3},{"damage":14,"enemies":"3 Byrds","floor":20,"turns":6},{"damage":21,"enemies":"Centurion and Healer","floor":24,"turns":5},{"damage":43,"enemies":"3 Cultists","floor":27,"turns":6},{"damage":1,"enemies":"Snecko","floor":28,"turns":4},{"damage":5,"enemies":"Centurion and Healer","floor":30,"turns":10},{"damage":14,"enemies":"3 Cultists","floor":31,"turns":6},{"damage":72,"enemies":"Automaton","floor":33,"turns":12}],"seed_played":"-6340406918460744766","potions_obtained":[{"floor":5,"key":"GamblersBrew"},{"floor":14,"key":"Ancient Potion"},{"floor":16,"key":"AttackPotion"},{"floor":30,"key":"Strength Potion"},{"floor":31,"key":"LiquidBronze"}],"is_trial":false,"path_per_floor":["M","M","?","$","M","R","$","R","T","M","M","?","R","M","R","B",null,"M","?","M","$","T","R","M","R","T","M","M","?","M","M","R","B"],"character_chosen":"DEFECT","items_purchased":["Leap","FTL","Dream Catcher","Auto Shields"],"campfire_rested":2,"item_purchase_floors":[4,4,21,21],"current_hp_per_floor":[82,82,87,87,87,87,87,87,87,87,86,86,86,86,86,32,87,87,87,73,73,73,73,52,78,78,35,34,34,29,15,41,0],"gold":264,"neow_bonus":"TEN_PERCENT_HP_BONUS","is_prod":false,"is_daily":false,"chose_seed":false,"campfire_upgraded":4,"win_rate":0,"timestamp":1568585955,"path_taken":["M","M","?","$","M","R","$","R","T","M","M","?","R","M","R","BOSS","M","?","M","$","?","R","M","R","T","M","M","?","M","M","R","BOSS"],"build_version":"2019-07-17","purchased_purges":1,"victory":false,"max_hp_per_floor":[82,82,87,87,87,87,87,87,87,87,87,87,87,87,87,87,87,87,87,87,87,87,87,87,87,87,87,87,87,87,87,87,87],"card_choices":[{"not_picked":["Steam","Blizzard"],"picked":"Conserve Battery","floor":1},{"not_picked":["Beam Cell","Compile Driver","Genetic Algorithm"],"picked":"SKIP","floor":2},{"not_picked":["Go for the Eyes","Steam Power"],"picked":"Doom and Gloom","floor":5},{"not_picked":["Barrage","White Noise"],"picked":"Gash","floor":10},{"not_picked":["Aggregate","Scrape"],"picked":"Defragment","floor":11},{"not_picked":["Redo","Biased Cognition"],"picked":"Gash","floor":14},{"not_picked":["Machine Learning","Buffer"],"picked":"All For One","floor":16},{"not_picked":["Conserve Battery+1","Capacitor"],"picked":"BootSequence","floor":18},{"not_picked":["Rip and Tear","Chaos"],"picked":"Auto Shields","floor":20},{"not_picked":["Skim","Tempest"],"picked":"Melter","floor":24},{"not_picked":["Blizzard","Rebound+1"],"picked":"Steam","floor":25},{"not_picked":["Compile Driver+1","Lockon+1"],"picked":"Leap+1","floor":27},{"not_picked":["Steam Power","Rip and Tear+1"],"picked":"Chaos","floor":28},{"not_picked":["Leap","Rip and Tear"],"picked":"Cold Snap","floor":30},{"not_picked":["Blizzard","Doom and Gloom"],"picked":"Reprogram+1","floor":31},{"not_picked":["Melter","Recycle"],"picked":"Chill","floor":32}],"player_experience":93245,"relics_obtained":[{"floor":9,"key":"Anchor"},{"floor":26,"key":"Boot"}],"event_choices":[{"damage_healed":0,"gold_gain":0,"player_choice":"Donut","damage_taken":0,"max_hp_gain":5,"max_hp_loss":0,"event_name":"Big Fish","floor":3,"gold_loss":0},{"damage_healed":0,"gold_gain":175,"player_choice":"AGREE","damage_taken":0,"max_hp_gain":0,"max_hp_loss":0,"event_name":"Liars Game","floor":12,"gold_loss":0,"cards_obtained":["Doubt"]},{"damage_healed":0,"gold_gain":0,"player_choice":"Forge","damage_taken":0,"max_hp_gain":0,"max_hp_loss":0,"event_name":"Accursed Blacksmith","floor":19,"gold_loss":0,"cards_upgraded":["Conserve Battery"]},{"damage_healed":0,"gold_gain":0,"player_choice":"Opened","damage_taken":0,"relics_obtained":["Bag of Preparation"],"max_hp_gain":0,"max_hp_loss":0,"event_name":"The Mausoleum","floor":29,"gold_loss":0,"cards_obtained":["Writhe"]}],"is_beta":false,"boss_relics":[{"not_picked":["Snecko Eye","Fusion Hammer","Runic Dome"]}],"items_purged_floors":[21],"is_endless":false,"potions_floor_spawned":[5,14,16,18,30,31],"killed_by":"Automaton","ascension_level":0}