{"gold_per_floor":[115,115,42,42,117,161,184,184,184,184],"floor_reached":10,"playtime":186,"items_purged":[],"score":64,"play_id":"97afe4ce-b4bb-4c9c-a545-5810ed42a4d2","local_time":"20190913152528","is_ascension_mode":false,"campfire_choices":[{"floor":8,"key":"REST"}],"neow_cost":"NONE","seed_source_timestamp":2373292752215600,"circlet_count":0,"master_deck":["Strike_R","Strike_R","Strike_R","Strike_R","Strike_R","Defend_R","Defend_R","Defend_R","Bash","Feed+1","Seeing Red+1"],"relics":["Burning Blood","Golden Idol","Frozen Egg 2","Oddly Smooth Stone"],"potions_floor_usage":[10],"damage_taken":[{"damage":12,"enemies":"Small Slimes","floor":1,"turns":4},{"damage":47,"enemies":"Gremlin Nob","floor":6,"turns":6},{"damage":11,"enemies":"2 Louse","floor":7,"turns":3},{"damage":42,"enemies":"Lagavulin","floor":10,"turns":5}],"seed_played":"5448826495673534464","potions_obtained":[{"floor":6,"key":"Ancient Potion"}],"is_trial":false,"path_per_floor":["M","?","$","?","?","E","M","R","T","E"],"character_chosen":"IRONCLAD","items_purchased":["Seeing Red"],"campfire_rested":1,"item_purchase_floors":[3],"current_hp_per_floor":[77,77,77,62,51,10,9,33,33,0],"gold":184,"neow_bonus":"TRANSFORM_CARD","is_prod":false,"is_daily":false,"chose_seed":false,"campfire_upgraded":0,"win_rate":0,"timestamp":1568402728,"path_taken":["M","?","$","?","?","E","M","R","T","E"],"build_version":"2019-07-17","purchased_purges":0,"victory":false,"max_hp_per_floor":[83,77,77,77,77,77,81,81,81,81],"card_choices":[{"not_picked":["Iron Wave","Disarm","Twin Strike"],"picked":"SKIP","floor":1},{"not_picked":["Headbutt","Heavy Blade","Perfected Strike"],"picked":"SKIP","floor":6},{"not_picked":["Iron Wave","Metallicize+1","Warcry"],"picked":"SKIP","floor":7}],"player_experience":405087,"relics_obtained":[{"floor":6,"key":"Frozen Egg 2"},{"floor":9,"key":"Oddly Smooth Stone"}],"event_choices":[{"damage_healed":0,"gold_gain":0,"player_choice":"Lose Max HP","damage_taken":0,"relics_obtained":["Golden Idol"],"max_hp_gain":0,"max_hp_loss":6,"event_name":"Golden Idol","floor":2,"gold_loss":0},{"damage_healed":0,"gold_gain":0,"player_choice":"Entered Light","damage_taken":15,"max_hp_gain":0,"max_hp_loss":0,"event_name":"Shining Light","floor":4,"gold_loss":0,"cards_upgraded":["Feed","Seeing Red"]},{"damage_healed":0,"gold_gain":75,"player_choice":"Gather Gold","damage_taken":11,"max_hp_gain":0,"max_hp_loss":0,"event_name":"World of Goop","floor":5,"gold_loss":0}],"is_beta":false,"boss_relics":[],"items_purged_floors":[],"is_endless":false,"potions_floor_spawned":[6],"killed_by":"Lagavulin","ascension_level":0}