{"path_per_floor":["M","?","?","?","$","E","R","E","T","M","M","?","$","$","R","B",null,"M","M","?","$"],"character_chosen":"IRONCLAD","items_purchased":["Matryoshka","Lantern"],"gold_per_floor":[111,111,186,186,186,221,221,254,277,291,306,306,63,63,63,158,158,168,180,180,37],"floor_reached":22,"campfire_rested":0,"playtime":604,"current_hp_per_floor":[80,80,69,53,53,59,59,65,65,57,69,69,69,69,69,23,80,48,19,19,19],"items_purged":[],"gold":37,"score":240,"play_id":"1c837b09-5fda-4720-a819-29085eb2677f","is_prod":false,"is_daily":false,"is_ascension_mode":false,"campfire_upgraded":2,"path_taken":["M","?","?","?","?","E","R","E","T","M","?","?","?","$","R","BOSS","M","M","?","$","M"],"build_version":"2018-02-15-PROD1","purchased_purges":0,"victory":false,"master_deck":["Strike_R+1","Strike_R+1","Strike_R+1","Strike_R+1","Strike_R+1","Defend_R+1","Defend_R+1","Defend_R+1","Defend_R+1","Bash+1","Inflame+1","Reaper+1","Metallicize+1","Flex","Metallicize","Juggernaut","Flex","True Grit"],"max_hp_per_floor":[80,80,80,80,80,80,80,80,80,80,80,80,80,80,80,80,80,80,80,80,80],"relics":["Burning Blood","NeowsBlessing","Omamori","Du-Vu Doll","Regal Pillow","Matryoshka","Runic Pyramid","Lantern"],"card_choices":[{"not_picked":["Uppercut","Shrug It Off"],"picked":"Inflame"},{"not_picked":["Second Wind","Anger"],"picked":"Reaper"},{"not_picked":["Combust","Anger"],"picked":"Metallicize"},{"not_picked":["Clash","Anger"],"picked":"Flex"},{"not_picked":["Clash","Battle Trance"],"picked":"Metallicize"},{"not_picked":["Immolate","Fiend Fire"],"picked":"Juggernaut"},{"not_picked":["Second Wind","Wild Strike"],"picked":"Flex"},{"not_picked":["Heavy Blade","Anger"],"picked":"True Grit"}],"player_experience":73789,"potions_floor_usage":[],"damage_taken":[{"damage":0,"enemies":"2 Louse","floor":1,"turns":1},{"damage":0,"enemies":"Gremlin Nob","floor":6,"turns":1},{"damage":0,"enemies":"3 Sentries","floor":8,"turns":2},{"damage":19,"enemies":"Jaw Worm","floor":10,"turns":4},{"damage":0,"enemies":"Small Slimes","floor":11,"turns":3},{"damage":63,"enemies":"Slime Boss","floor":16,"turns":12},{"damage":38,"enemies":"Shell Parasite","floor":18,"turns":9},{"damage":50,"enemies":"Chosen","floor":19,"turns":7},{"damage":33,"enemies":"Slaver and Parasite","floor":22,"turns":2}],"event_choices":[{"event_name":"Living Wall","player_choice":"Grow","floor":2,"damage_taken":0},{"event_name":"World of Goop","player_choice":"Gather Gold","floor":3,"damage_taken":0},{"event_name":"Shining Light","player_choice":"Entered Light","floor":4,"damage_taken":0},{"event_name":"Wheel of Change","player_choice":"Curse","floor":12,"damage_taken":0},{"event_name":"Back to Basics","player_choice":"Simplicity","floor":20,"damage_taken":0}],"boss_relics":[{"not_picked":["Sozu","Ectoplasm"],"picked":"Runic Pyramid"}],"potions_floor_spawned":[1,6,11,19],"seed_played":"-5309406369569257120","killed_by":"Slaver and Parasite","ascension_level":0,"is_trial":false}