{"gold_per_floor":[110,110,125,172,172,172,206,232,301,301,329,360,89,89,89,101],"floor_reached":16,"playtime":442,"items_purged":["Strike_G"],"score":125,"play_id":"6af88b13-1f2d-4028-9531-e17c45e42fe2","local_time":"20190209140140","is_ascension_mode":false,"campfire_choices":[{"data":"Sneak Up","floor":6,"key":"SMITH"},{"data":"Finisher","floor":10,"key":"SMITH"},{"data":"Blade Dance","floor":15,"key":"SMITH"}],"neow_cost":"NONE","seed_source_timestamp":238631101717861,"circlet_count":0,"master_deck":["Defend_G","Defend_G","Defend_G","Defend_G","Defend_G","Strike_G","Strike_G","Strike_G","Strike_G","Survivor","Neutralize","Sneak Up+1","Finisher+1","Blade Dance+1","Fluid Movement+1"],"relics":["Ring of the Snake","NeowsBlessing","hubris:TenFootPole","hubris:Towel","Bandana","Kunai","Anchor"],"potions_floor_usage":[16,16],"damage_taken":[{"damage":0,"enemies":"2 Louse","floor":1,"turns":1},{"damage":0,"enemies":"Cultist","floor":3,"turns":1},{"damage":0,"enemies":"3 Sentries","floor":7,"turns":3},{"damage":0,"enemies":"Jaw Worm","floor":8,"turns":4},{"damage":4,"enemies":"Red Slaver","floor":11,"turns":4},{"damage":9,"enemies":"Lots of Slimes","floor":12,"turns":4},{"damage":69,"enemies":"Hexaghost","floor":16,"turns":17}],"seed_played":"7997696315335449576","potions_obtained":[{"floor":1,"key":"Regen Potion"},{"floor":8,"key":"EssenceOfSteel"},{"floor":12,"key":"Fire Potion"}],"is_trial":false,"path_per_floor":["M","?","M","T","?","R","E","M","T","R","M","M","$","$","R","B"],"character_chosen":"THE_SILENT","items_purchased":["Fluid Movement+1","Anchor"],"campfire_rested":0,"item_purchase_floors":[13,13],"current_hp_per_floor":[70,70,70,70,70,70,70,70,70,70,66,57,57,57,57,0],"gold":101,"neow_bonus":"THREE_ENEMY_KILL","is_prod":false,"is_daily":false,"chose_seed":false,"campfire_upgraded":3,"win_rate":0,"timestamp":1549738900,"path_taken":["M","?","?","?","?","R","E","M","T","R","M","?","?","$","R","BOSS"],"build_version":"2019-01-23","purchased_purges":1,"victory":false,"max_hp_per_floor":[70,70,70,70,70,70,70,70,70,70,70,70,70,70,70,70],"card_choices":[{"not_picked":["Hidden Blade","Deflect"],"picked":"Sneak Up","floor":1},{"not_picked":["Tactician","Dagger Throw"],"picked":"Finisher","floor":3},{"not_picked":["Dagger Throw","Sneak Up","ReplayTheSpireMod:The Works"],"picked":"SKIP","floor":7},{"not_picked":["hubris:SlightOfHand","Finisher","ReplayTheSpireMod:Tripwire"],"picked":"SKIP","floor":8},{"not_picked":["Dodge and Roll","Backflip"],"picked":"Blade Dance","floor":11},{"not_picked":["Wraith Form v2","Dodge and Roll","Prepared"],"picked":"SKIP","floor":12}],"player_experience":601591,"relics_obtained":[{"floor":4,"key":"hubris:TenFootPole"},{"floor":7,"key":"Bandana"},{"floor":9,"key":"Kunai"}],"event_choices":[{"damage_healed":0,"gold_gain":0,"player_choice":"Bought 0 Potions","damage_taken":0,"max_hp_gain":0,"max_hp_loss":0,"event_name":"The Woman in Blue","floor":2,"gold_loss":0}],"is_beta":false,"boss_relics":[],"items_purged_floors":[13],"is_endless":false,"potions_floor_spawned":[1,8,12],"killed_by":"Hexaghost","ascension_level":0}