{"gold_per_floor":[113,130,145,155,155,186,186,215,215,374,374,386,386,397,397,498,498,514,531,531,216,216,216,236,236,236,250,165,165,15,15,15,15],"floor_reached":33,"playtime":899,"items_purged":[],"score":257,"play_id":"3c4374d9-0c04-47b0-bd32-0315d475d244","local_time":"20190215183128","is_ascension_mode":false,"campfire_choices":[{"data":"Body Slam","floor":13.0,"key":"SMITH"},{"data":"ReplayTheSpireMod:LeadingStrike","floor":15.0,"key":"SMITH"},{"data":"True Grit","floor":23.0,"key":"SMITH"},{"data":"Massacre","floor":25.0,"key":"SMITH"},{"floor":29.0,"key":"REST"},{"data":"Demon Form","floor":32.0,"key":"SMITH"}],"neow_cost":"NONE","seed_source_timestamp":0,"circlet_count":0,"master_deck":["Strike_R","Strike_R","Strike_R","Defend_R","Defend_R","Defend_R","Defend_R","Bash","Body Slam+1","True Grit+1","Anger","Headbutt","Flex","Sword Boomerang","strawberrySpire:Spite","ReplayTheSpireMod:LeadingStrike+1","Demon Form+1","Massacre+1","strawberrySpire:Spite+1","Fire Breathing","Whirlwind","Inflame"],"special_seed":0,"relics":["Burning Blood","Replay:Mystery Machine","Prayer Wheel","hubris:MobiusCoin","hubris:Towel","Empty Cage","Nloth\u0027s Gift","Mummified Hand","Peace Pipe","Pondfish Scales","aspiration:SeaSaltIceCream","aspiration:Nostalgia","m_BurningSludge","aspiration:Lifesprig"],"potions_floor_usage":[],"damage_taken":[{"damage":5.0,"enemies":"Cultist","floor":1.0,"turns":4.0},{"damage":0.0,"enemies":"Small Slimes","floor":2.0,"turns":3.0},{"damage":0.0,"enemies":"Jaw Worm","floor":3.0,"turns":3.0},{"damage":4.0,"enemies":"Gremlin Gang","floor":4.0,"turns":8.0},{"damage":39.0,"enemies":"Lagavulin","floor":6.0,"turns":6.0},{"damage":20.0,"enemies":"Gremlin Nob","floor":8.0,"turns":4.0},{"damage":0.0,"enemies":"Exordium Wildlife","floor":10.0,"turns":4.0},{"damage":13.0,"enemies":"Red Slaver","floor":12.0,"turns":3.0},{"damage":6.0,"enemies":"Exordium Thugs","floor":14.0,"turns":4.0},{"damage":27.0,"enemies":"Slime Boss","floor":16.0,"turns":9.0},{"damage":21.0,"enemies":"Spheric Guardian","floor":18.0,"turns":5.0},{"damage":31.0,"enemies":"3 Byrds","floor":19.0,"turns":9.0},{"damage":23.0,"enemies":"Centurion and Healer","floor":24.0,"turns":6.0},{"damage":7.0,"enemies":"Snake Plant","floor":27.0,"turns":3.0},{"damage":0,"enemies":"Champ","floor":33,"turns":1}],"seed_played":"9088874305998943510","potions_obtained":[{"floor":1.0,"key":"Fruit Juice"},{"floor":2.0,"key":"Swift Potion"},{"floor":10.0,"key":"Elixir"},{"floor":14.0,"key":"EssenceOfSteel"},{"floor":16.0,"key":"Block Potion"},{"floor":19.0,"key":"PowerPotion"}],"is_trial":false,"path_per_floor":["M","M","M","M","?","E","?","E","T","M","?","M","R","M","R","B",null,"M","M","?","$","?","R","M","R","T","M","?","R","$","?","R","B"],"character_chosen":"IRONCLAD","items_purchased":["Mummified Hand","Fire Breathing","aspiration:Lifesprig"],"campfire_rested":1,"item_purchase_floors":[21,21,30],"current_hp_per_floor":[80,80,80,80,80,52,52,38,38,44,44,37,37,37,37,16,85,70,45,45,45,45,45,28,28,28,27,27,52,52,52,52,52],"gold":15,"neow_bonus":"RANDOM_COMMON_RELIC","is_prod":false,"is_daily":false,"chose_seed":false,"campfire_upgraded":5,"win_rate":0,"timestamp":1550273488,"path_taken":["M","M","?","M","?","E","?","E","T","?","?","M","R","M","R","BOSS","M","M","?","?","?","R","M","R","T","?","?","R","$","?","R","BOSS"],"build_version":"2019-01-23","purchased_purges":0,"victory":false,"max_hp_per_floor":[80,80,80,80,80,85,85,85,85,85,85,85,85,85,85,85,85,85,85,85,85,85,85,85,85,85,85,85,85,85,85,85,85],"card_choices":[{"not_picked":["Clothesline","strawberrySpire:DebrisPile"],"picked":"Body Slam","floor":1.0},{"not_picked":["Power Through","Brutality"],"picked":"True Grit","floor":2.0},{"not_picked":["Run Through","strawberrySpire:FireDrill"],"picked":"Headbutt","floor":3.0},{"not_picked":["Iron Wave","Wild Strike"],"picked":"Anger","floor":4.0},{"not_picked":["strawberrySpire:PowerStomp","strawberrySpire:FireDrill","Flex"],"picked":"SKIP","floor":6.0},{"not_picked":["strawberrySpire:Conflagrate","Clash","strawberrySpire:Endurance"],"picked":"SKIP","floor":8.0},{"not_picked":["strawberrySpire:FireDrill","strawberrySpire:ZonePlayer"],"picked":"Flex","floor":10.0},{"not_picked":["strawberrySpire:FortFortyFour","Wild Strike","Perfected Strike"],"picked":"SKIP","floor":10.0},{"not_picked":["strawberrySpire:FortFortyFour","Wild Strike","Perfected Strike"],"picked":"SKIP","floor":10.0},{"not_picked":["Clothesline","strawberrySpire:Conflagrate"],"picked":"Sword Boomerang","floor":12.0},{"not_picked":["Berserk","Disarm"],"picked":"strawberrySpire:Spite","floor":12.0},{"not_picked":["strawberrySpire:ZonePlayer","strawberrySpire:Spite"],"picked":"ReplayTheSpireMod:LeadingStrike","floor":14.0},{"not_picked":["Defy Death","Corruption","Combust"],"picked":"SKIP","floor":14.0},{"not_picked":["Dark Embrace","Eclipse"],"picked":"Demon Form","floor":16.0},{"not_picked":["True Grit","strawberrySpire:DraftPunk"],"picked":"Massacre","floor":18.0},{"not_picked":["Fire Breathing","Flex","Defy Death"],"picked":"SKIP","floor":18.0},{"not_picked":["Double Tap","Thunderclap+1"],"picked":"strawberrySpire:Spite+1","floor":19.0},{"not_picked":["Sword Boomerang","True Grit","ReplayTheSpireMod:Corrosion Curse"],"picked":"SKIP","floor":19.0},{"not_picked":["strawberrySpire:ZonePlayer","Clothesline","strawberrySpire:FireDrill"],"picked":"SKIP","floor":24.0},{"not_picked":["Sword Boomerang","Warcry","Clothesline"],"picked":"SKIP","floor":24.0},{"not_picked":["Dark Embrace","hubris:StunningStrike"],"picked":"Whirlwind","floor":27.0},{"not_picked":["Rupture","Warcry","strawberrySpire:Endurance"],"picked":"SKIP","floor":27.0}],"player_experience":697170,"relics_obtained":[{"floor":6.0,"key":"Prayer Wheel"},{"floor":8.0,"key":"hubris:MobiusCoin"},{"floor":9.0,"key":"Potion Belt"},{"floor":22.0,"key":"Peace Pipe"},{"floor":26.0,"key":"Pondfish Scales"}],"event_choices":[{"cards_removed":["Headbutt"],"damage_healed":0.0,"max_hp_gain":0.0,"max_hp_loss":0.0,"gold_gain":0.0,"event_name":"NoteForYourself","player_choice":"Took Card","floor":7.0,"gold_loss":0.0,"damage_taken":0.0,"cards_obtained":["Headbutt"]},{"damage_healed":0.0,"max_hp_gain":0.0,"max_hp_loss":0.0,"gold_gain":0.0,"event_name":"N\u0027loth","player_choice":"Traded Relic","floor":20.0,"relics_lost":["Potion Belt"],"gold_loss":0.0,"damage_taken":0.0,"relics_obtained":["Nloth\u0027s Gift"]},{"damage_healed":0.0,"max_hp_gain":0.0,"max_hp_loss":0.0,"gold_gain":0.0,"event_name":"Wheel of Change","player_choice":"Relic","floor":22.0,"gold_loss":0.0,"damage_taken":0.0},{"damage_healed":0.0,"max_hp_gain":0.0,"max_hp_loss":0.0,"gold_gain":0.0,"event_name":"Addict","player_choice":"Obtained Relic","floor":28.0,"gold_loss":85.0,"damage_taken":0.0,"relics_obtained":["aspiration:SeaSaltIceCream"]},{"damage_healed":0.0,"max_hp_gain":0.0,"max_hp_loss":0.0,"gold_gain":0.0,"event_name":"Match and Keep!","player_choice":"1 cards matched","floor":31.0,"gold_loss":0.0,"damage_taken":0.0,"cards_obtained":["Inflame"]}],"is_beta":false,"boss_relics":[{"not_picked":["White Beast Statue","Calling Bell"],"picked":"Empty Cage"}],"items_purged_floors":[],"is_endless":false,"potions_floor_spawned":[1,2,10,14,16,19,24],"killed_by":"Champ","ascension_level":0}