{"path_per_floor":["M","M","?","M","M","R","?","R","T","E","M","R","M","M","R"],"character_chosen":"THE_SILENT","items_purchased":[],"gold_per_floor":[10,28,28,38,51,51,81,81,81,106,120,120,139,159,159,159],"floor_reached":16,"campfire_rested":2,"playtime":488,"current_hp_per_floor":[55,42,42,42,30,51,51,51,51,25,18,18,15,13,34,0],"items_purged":[],"gold":159,"score":120,"play_id":"3c7ed804-6190-46ad-a806-9705aab474c7","local_time":"20180326192745","is_prod":false,"is_daily":false,"is_ascension_mode":true,"campfire_upgraded":0,"timestamp":1522106865,"path_taken":["M","M","?","M","M","R","?","R","T","E","M","R","M","M","R","BOSS"],"build_version":"2018-03-22v2","purchased_purges":0,"victory":false,"master_deck":["Defend_G","Defend_G","Defend_G","Defend_G","Defend_G","Strike_G","Strike_G","Strike_G","Strike_G","Strike_G","Survivor","Neutralize","Caltrops+1","Cloak And Dagger","Wraith Form","PiercingWail","Caltrops","Well Laid Plans","Malaise"],"max_hp_per_floor":[70,70,70,70,70,70,70,70,70,70,70,70,70,70,70,70],"relics":["Ring of the Snake","Girya","Shovel","Blood Vial"],"card_choices":[{"not_picked":["Deadly Poison","Flechettes"],"picked":"Caltrops","floor":1},{"not_picked":["Poisoned Stab","Deadly Poison"],"picked":"Cloak And Dagger","floor":2},{"not_picked":["Poisoned Stab","Accuracy"],"picked":"Wraith Form","floor":4},{"not_picked":["Heel Hook","Storm of Steel"],"picked":"PiercingWail","floor":10},{"not_picked":["Deadly Poison","PiercingWail"],"picked":"Caltrops","floor":11},{"not_picked":["Cloak And Dagger","Poisoned Stab"],"picked":"Well Laid Plans","floor":13},{"not_picked":["Deadly Poison","Caltrops"],"picked":"Malaise","floor":14}],"player_experience":277453,"potions_floor_usage":[16],"damage_taken":[{"damage":15,"enemies":"Cultist","floor":1,"turns":5},{"damage":13,"enemies":"Jaw Worm","floor":2,"turns":5},{"damage":0,"enemies":"Small Slimes","floor":4,"turns":4},{"damage":12,"enemies":"Gremlin Gang","floor":5,"turns":5},{"damage":26,"enemies":"Lagavulin","floor":10,"turns":9},{"damage":9,"enemies":"Large Slime","floor":11,"turns":6},{"damage":5,"enemies":"Blue Slaver","floor":13,"turns":4},{"damage":4,"enemies":"Red Slaver","floor":14,"turns":5},{"damage":37,"enemies":"Slime Boss","floor":16,"turns":8}],"event_choices":[{"event_name":"Accursed Blacksmith","player_choice":"Forge","floor":3,"damage_taken":0},{"event_name":"Dead Adventurer","player_choice":"Searched \u00271\u0027 times","floor":7,"damage_taken":0}],"boss_relics":[],"potions_floor_spawned":[4,5,10,11],"seed_played":"8054576197498060656","killed_by":"Slime Boss","ascension_level":3,"is_trial":false}