{"gold_per_floor":[109,127,147,147,160,160,186,186,210,210,238,37,51,64,64,139,139,149,99,24,41,52,52,72,72,72,106,106,106,134,145,145,217,217,233,250,65,115,125,125],"floor_reached":40,"playtime":5891,"items_purged":["Strike_B","Defend_B"],"score":723,"play_id":"015988a9-9c28-406b-abec-f6dc7526cebd","local_time":"20190806013823","is_ascension_mode":true,"campfire_choices":[{"data":"Zap","floor":6.0,"key":"SMITH"},{"data":"Consume","floor":8.0,"key":"SMITH"},{"data":"White Noise","floor":10.0,"key":"SMITH"},{"data":"Go for the Eyes","floor":15.0,"key":"SMITH"},{"floor":23.0,"key":"REST"},{"data":"Turbo","floor":25.0,"key":"SMITH"},{"floor":29.0,"key":"REST"},{"floor":32.0,"key":"REST"}],"neow_cost":"CURSE","seed_source_timestamp":1714795398499190,"circlet_count":0,"master_deck":["AscendersBane","Strike_B+1","Defend_B","Defend_B","Zap+1","Dualcast","Clumsy","Coolheaded","Consume+1","Chill","White Noise+1","Cold Snap","Beam Cell+1","Genetic Algorithm","Lockon","Go for the Eyes+1","Creative AI","Turbo+1","Coolheaded","BootSequence","Tempest","Fission","RitualDagger","Conserve Battery+1","Echo Form","Self Repair","PanicButton","Storm"],"special_seed":0,"relics":["Cracked Core","WarpedTongs","Oddly Smooth Stone","Ancient Tea Set","DataDisk","Strange Spoon","Empty Cage","Letter Opener","Whetstone","Vajra","Sozu","Incense Burner"],"potions_floor_usage":[],"damage_taken":[{"damage":0.0,"enemies":"Cultist","floor":1.0,"turns":4.0},{"damage":5.0,"enemies":"Jaw Worm","floor":2.0,"turns":3.0},{"damage":0.0,"enemies":"Small Slimes","floor":3.0,"turns":4.0},{"damage":5.0,"enemies":"Red Slaver","floor":5.0,"turns":5.0},{"damage":7.0,"enemies":"Lagavulin","floor":7.0,"turns":8.0},{"damage":14.0,"enemies":"Gremlin Nob","floor":11.0,"turns":5.0},{"damage":1.0,"enemies":"2 Fungi Beasts","floor":13.0,"turns":4.0},{"damage":7.0,"enemies":"Exordium Thugs","floor":14.0,"turns":2.0},{"damage":25.0,"enemies":"The Guardian","floor":16.0,"turns":11.0},{"damage":7.0,"enemies":"3 Byrds","floor":18.0,"turns":8.0},{"damage":3.0,"enemies":"Chosen","floor":21.0,"turns":6.0},{"damage":40.0,"enemies":"3 Cultists","floor":22.0,"turns":10.0},{"damage":4.0,"enemies":"Centurion and Healer","floor":24.0,"turns":7.0},{"damage":7.0,"enemies":"Gremlin Leader","floor":27.0,"turns":9.0},{"damage":12.0,"enemies":"Book of Stabbing","floor":30.0,"turns":5.0},{"damage":3.0,"enemies":"Chosen and Byrds","floor":31.0,"turns":8.0},{"damage":3.0,"enemies":"Champ","floor":33.0,"turns":12.0},{"damage":5.0,"enemies":"3 Shapes","floor":35.0,"turns":7.0},{"damage":14.0,"enemies":"Orb Walker","floor":36.0,"turns":5.0},{"damage":28.0,"enemies":"2 Orb Walkers","floor":38.0,"turns":7.0},{"damage":0.0,"enemies":"4 Shapes","floor":39.0,"turns":5.0},{"damage":58,"enemies":"Reptomancer","floor":40,"turns":2}],"seed_played":"3706595552950611192","potions_obtained":[{"floor":2.0,"key":"Weak Potion"},{"floor":5.0,"key":"Weak Potion"},{"floor":11.0,"key":"EssenceOfSteel"},{"floor":16.0,"key":"Swift Potion"},{"floor":24.0,"key":"GamblersBrew"},{"floor":30.0,"key":"Weak Potion"},{"floor":31.0,"key":"FearPotion"},{"floor":33.0,"key":"Weak Potion"}],"is_trial":false,"path_per_floor":["M","M","M","?","M","R","E","R","T","R","E","$","M","M","R","B",null,"M","?","$","M","M","R","M","R","T","E","?","R","E","M","R","B",null,"M","M","$","?","M","E"],"character_chosen":"DEFECT","items_purchased":["Strange Spoon","PanicButton"],"campfire_rested":3,"item_purchase_floors":[12,37],"current_hp_per_floor":[68,63,63,63,58,58,51,51,51,51,37,37,36,29,29,4,57,50,50,50,47,7,29,25,25,25,18,12,34,22,19,41,38,66,61,61,61,47,54,0],"gold":125,"neow_bonus":"TRANSFORM_TWO_CARDS","is_prod":false,"is_daily":false,"chose_seed":false,"campfire_upgraded":5,"win_rate":0,"timestamp":1565080703,"path_taken":["M","M","M","?","M","R","E","R","T","R","E","?","M","?","R","BOSS","M","?","?","M","M","R","?","R","T","E","?","R","E","M","R","BOSS","M","M","$","?","M","E"],"build_version":"2019-07-17","purchased_purges":2,"victory":false,"max_hp_per_floor":[75,75,75,75,75,75,75,75,75,75,75,75,75,75,75,75,75,75,75,75,75,75,75,75,75,75,75,75,75,75,75,75,75,75,75,75,75,75,75,75],"card_choices":[{"not_picked":["Fusion","Cold Snap"],"picked":"Chill","floor":1.0},{"not_picked":["Self Repair","BootSequence"],"picked":"White Noise","floor":2.0},{"not_picked":["Beam Cell","Streamline"],"picked":"Cold Snap","floor":3.0},{"not_picked":["Rebound","Scrape"],"picked":"Beam Cell","floor":5.0},{"not_picked":["Tempest","Chaos","Barrage"],"picked":"SKIP","floor":7.0},{"not_picked":["Heatsinks","Doom and Gloom"],"picked":"Genetic Algorithm","floor":11.0},{"not_picked":["Barrage","Double Energy"],"picked":"Lockon","floor":13.0},{"not_picked":["Rip and Tear","Scrape"],"picked":"Go for the Eyes","floor":14.0},{"not_picked":["Core Surge","Seek"],"picked":"Creative AI","floor":16.0},{"not_picked":["Coolheaded","White Noise"],"picked":"Turbo","floor":18.0},{"not_picked":["Conserve Battery","Go for the Eyes"],"picked":"Coolheaded","floor":21.0},{"not_picked":["Streamline","Go for the Eyes"],"picked":"BootSequence","floor":22.0},{"not_picked":["Go for the Eyes","Sweeping Beam"],"picked":"Tempest","floor":24.0},{"not_picked":["Go for the Eyes+1","Conserve Battery"],"picked":"Fission","floor":27.0},{"not_picked":["Compile Driver","FTL"],"picked":"Conserve Battery+1","floor":30.0},{"not_picked":["Turbo","Leap","Ball Lightning"],"picked":"SKIP","floor":31.0},{"not_picked":["Thunder Strike","Reboot"],"picked":"Echo Form","floor":33.0},{"not_picked":["Go for the Eyes","Beam Cell"],"picked":"Self Repair","floor":35.0},{"not_picked":["Conserve Battery","Rebound","Leap"],"picked":"SKIP","floor":36.0},{"not_picked":["Turbo+1","Conserve Battery+1"],"picked":"Storm","floor":38.0},{"not_picked":["Stack","Hyperbeam","Compile Driver"],"picked":"SKIP","floor":39.0}],"player_experience":595512,"relics_obtained":[{"floor":7.0,"key":"Oddly Smooth Stone"},{"floor":9.0,"key":"Ancient Tea Set"},{"floor":11.0,"key":"DataDisk"},{"floor":26.0,"key":"Letter Opener"},{"floor":27.0,"key":"Whetstone"},{"floor":30.0,"key":"Vajra"},{"floor":38.0,"key":"Incense Burner"}],"event_choices":[{"damage_healed":0.0,"max_hp_gain":0.0,"max_hp_loss":0.0,"gold_gain":0.0,"event_name":"Accursed Blacksmith","player_choice":"Rummage","floor":4.0,"gold_loss":0.0,"damage_taken":0.0,"relics_obtained":["WarpedTongs"],"cards_obtained":["Pain"]},{"damage_healed":0.0,"max_hp_gain":0.0,"max_hp_loss":0.0,"gold_gain":0.0,"event_name":"The Joust","player_choice":"Bet on Murderer","floor":19.0,"gold_loss":50.0,"damage_taken":0.0},{"damage_healed":0.0,"max_hp_gain":0.0,"max_hp_loss":0.0,"gold_gain":0.0,"event_name":"Nest","player_choice":"Joined the Cult","floor":28.0,"gold_loss":0.0,"damage_taken":6.0,"cards_obtained":["RitualDagger"]},{"damage_healed":0.0,"max_hp_gain":0.0,"max_hp_loss":0.0,"gold_gain":0.0,"event_name":"Mysterious Sphere","player_choice":"Fight","floor":38.0,"gold_loss":0.0,"damage_taken":0.0}],"is_beta":false,"boss_relics":[{"not_picked":["Eternal Feather","Ectoplasm"],"picked":"Empty Cage"},{"not_picked":["Busted Crown","Calling Bell"],"picked":"Sozu"}],"items_purged_floors":[20,37],"is_endless":false,"potions_floor_spawned":[2,5,11,16,24,30,31,33,39],"killed_by":"Reptomancer","ascension_level":13}