{"gold_per_floor":[214,224,243,243,39,73,73,106,133,133],"floor_reached":10,"playtime":100004,"items_purged":[],"score":87,"play_id":"f0e5f7a0-be8a-44be-b932-d5999a15af85","local_time":"20190729145522","is_ascension_mode":true,"campfire_choices":[{"floor":7,"key":"REST"}],"neow_cost":"NONE","seed_source_timestamp":296162591422429,"circlet_count":0,"master_deck":["Strike_R","Strike_R","Strike_R","Strike_R","Strike_R","Defend_R","Defend_R","Defend_R","Defend_R","Bash","Spot Weakness","Iron Wave","Havoc+1","Havoc","Power Through"],"special_seed":0,"relics":["Burning Blood","Strange Spoon","Juzu Bracelet","Centennial Puzzle","Lantern"],"potions_floor_usage":[],"damage_taken":[{"damage":23.0,"enemies":"Jaw Worm","floor":1.0,"turns":4.0},{"damage":1,"enemies":"Cultist","floor":2,"turns":4},{"damage":6,"enemies":"2 Louse","floor":3,"turns":3},{"damage":41,"enemies":"Lagavulin","floor":6,"turns":6},{"damage":45,"enemies":"3 Sentries","floor":8,"turns":8},{"damage":18,"enemies":"Gremlin Nob","floor":10,"turns":3}],"seed_played":"-8855788547484622872","potions_obtained":[{"floor":3,"key":"FearPotion"},{"floor":8,"key":"GamblersBrew"}],"is_trial":false,"path_per_floor":["M","M","M","?","$","E","R","E","T","E"],"character_chosen":"IRONCLAD","items_purchased":["Strange Spoon"],"campfire_rested":1,"item_purchase_floors":[5],"current_hp_per_floor":[63,68,68,68,68,33,57,18,18,0],"gold":133,"neow_bonus":"HUNDRED_GOLD","is_prod":false,"is_daily":false,"chose_seed":false,"campfire_upgraded":0,"win_rate":0,"timestamp":1564426522,"path_taken":["M","M","M","?","?","E","R","E","T","E"],"build_version":"2019-07-17","purchased_purges":0,"victory":false,"max_hp_per_floor":[80,80,80,80,80,80,80,80,80,80],"card_choices":[{"not_picked":["Thunderclap","Shockwave"],"picked":"Spot Weakness","floor":1.0},{"not_picked":["Clash","Twin Strike"],"picked":"Iron Wave","floor":2},{"not_picked":["Twin Strike","Warcry"],"picked":"Havoc","floor":3},{"not_picked":["Body Slam","Perfected Strike"],"picked":"Havoc","floor":6},{"not_picked":["Warcry","Hemokinesis"],"picked":"Power Through","floor":8}],"player_experience":197526,"relics_obtained":[{"floor":6,"key":"Juzu Bracelet"},{"floor":8,"key":"Centennial Puzzle"},{"floor":9,"key":"Lantern"}],"event_choices":[{"damage_healed":0,"gold_gain":0,"player_choice":"Upgraded","damage_taken":0,"max_hp_gain":0,"max_hp_loss":0,"event_name":"Upgrade Shrine","floor":4,"gold_loss":0,"cards_upgraded":["Havoc"]}],"is_beta":false,"boss_relics":[],"items_purged_floors":[],"is_endless":false,"potions_floor_spawned":[3,8],"killed_by":"Gremlin Nob","ascension_level":3}