{"gold_per_floor":[110,185,42,42,59,59,91,107,161,177,177,189,189,206,206,206],"floor_reached":16,"playtime":938,"items_purged":["Strike_G"],"score":122,"play_id":"00b746a2-c30e-421d-a66f-2d75c932c9f0","local_time":"20180815003944","is_ascension_mode":true,"campfire_choices":[{"data":"Footwork","floor":6,"key":"SMITH"},{"floor":11,"key":"REST"},{"data":"Noxious Fumes","floor":13,"key":"SMITH"},{"data":"Dash","floor":15,"key":"SMITH"}],"neow_cost":"NONE","seed_source_timestamp":810471350020449,"circlet_count":0,"master_deck":["Defend_G","Defend_G","Defend_G","Defend_G","Defend_G","Strike_G","Strike_G","Strike_G","Strike_G","Survivor","Neutralize","Quick Slash","Footwork+1","Sucker Punch","Well Laid Plans","Riddle With Holes","Noxious Fumes+1","Dash+1"],"relics":["WristBlade","Blood Vial","Letter Opener","Juzu Bracelet"],"potions_floor_usage":[],"damage_taken":[{"damage":0,"enemies":"Jaw Worm","floor":1,"turns":3},{"damage":0,"enemies":"Small Slimes","floor":5,"turns":5},{"damage":42,"enemies":"Gremlin Nob","floor":7,"turns":6},{"damage":7,"enemies":"Cultist","floor":8,"turns":4},{"damage":13,"enemies":"Lots of Slimes","floor":10,"turns":6},{"damage":8,"enemies":"2 Fungi Beasts","floor":12,"turns":4},{"damage":6,"enemies":"Looter","floor":14,"turns":3},{"damage":30,"enemies":"Slime Boss","floor":16,"turns":7}],"seed_played":"-1942838774795789958","potions_obtained":[{"floor":14,"key":"FairyPotion"}],"is_trial":false,"path_per_floor":["M","?","$","T","M","R","E","M","T","M","R","M","R","M","R"],"character_chosen":"THE_SILENT","items_purchased":["Footwork"],"campfire_rested":1,"item_purchase_floors":[3],"current_hp_per_floor":[70,59,59,59,61,61,21,16,16,5,26,20,20,16,16,0],"gold":206,"neow_bonus":"BOSS_RELIC","is_prod":false,"is_daily":false,"chose_seed":false,"campfire_upgraded":3,"win_rate":0,"timestamp":1534307984,"path_taken":["M","?","$","?","?","R","E","M","T","M","R","M","R","M","R","BOSS"],"build_version":"2018-08-13v2","purchased_purges":1,"victory":false,"max_hp_per_floor":[70,70,70,70,70,70,70,70,70,70,70,70,70,70,70,70],"card_choices":[{"not_picked":["Bane","Heel Hook"],"picked":"Quick Slash","floor":1},{"not_picked":["Dodge and Roll","Bane"],"picked":"Sucker Punch","floor":5},{"not_picked":["Bouncing Flask","Acrobatics"],"picked":"Well Laid Plans","floor":7},{"not_picked":["Tactician","Outmaneuver"],"picked":"Riddle With Holes","floor":8},{"not_picked":["All Out Attack","Deflect"],"picked":"Noxious Fumes","floor":10},{"not_picked":["Finisher","Calculated Gamble","Poisoned Stab"],"picked":"SKIP","floor":12},{"not_picked":["Blur","Leg Sweep"],"picked":"Dash","floor":14}],"player_experience":863037,"relics_obtained":[{"floor":4,"key":"Blood Vial"},{"floor":7,"key":"Letter Opener"},{"floor":9,"key":"Juzu Bracelet"}],"event_choices":[{"event_name":"World of Goop","player_choice":"Gather Gold","floor":2,"damage_taken":0}],"is_beta":true,"boss_relics":[],"items_purged_floors":[3],"is_endless":false,"potions_floor_spawned":[14],"killed_by":"Slime Boss","ascension_level":4}