{"gold_per_floor":[115,63,63,75,87,125,137,180,217,258,270,300,312,349,361,475,487,512,524,536,548,560,572],"floor_reached":23,"playtime":682,"items_purged":[],"score":313,"play_id":"7f87eba2-cd54-4f13-9456-56c873af9b24","local_time":"20190917222716","is_ascension_mode":true,"campfire_choices":[{"data":"Perfected Strike","floor":7,"key":"SMITH"},{"floor":13,"key":"REST"},{"data":"Double Tap","floor":15,"key":"SMITH"}],"neow_cost":"NONE","seed_source_timestamp":151698790360600,"circlet_count":0,"master_deck":["Strike_R","Strike_R","Strike_R","Strike_R","Strike_R","Defend_R","Defend_R+1","Defend_R+1","Defend_R","Bash","Perfected Strike+1","Shrug It Off","Regret","Twin Strike","Double Tap+1","Shrug It Off","Whirlwind+1","Feed+1"],"relics":["Burning Blood","NeowsBlessing","MawBank","Sundial","Pen Nib","Strawberry","Ancient Tea Set","Molten Egg 2","Black Star","MutagenicStrength"],"potions_floor_usage":[10,14],"damage_taken":[{"damage":0,"enemies":"Cultist","floor":1,"turns":1},{"damage":0,"enemies":"Gremlin Nob","floor":6,"turns":1},{"damage":3,"enemies":"3 Sentries","floor":8,"turns":2},{"damage":26,"enemies":"Lagavulin","floor":10,"turns":5},{"damage":2,"enemies":"2 Louse","floor":12,"turns":3},{"damage":20,"enemies":"Gremlin Nob","floor":14,"turns":3},{"damage":28,"enemies":"Slime Boss","floor":16,"turns":9},{"damage":36,"enemies":"Shell Parasite","floor":18,"turns":4},{"damage":63,"enemies":"Book of Stabbing","floor":23,"turns":5}],"seed_played":"-3310986474030709523","potions_obtained":[{"floor":8,"key":"Poison Potion"},{"floor":10,"key":"FearPotion"},{"floor":16,"key":"Ancient Potion"}],"is_trial":false,"path_per_floor":["M","$","?","?","?","E","R","E","T","E","$","M","R","E","R","B",null,"M","$","?","$","?","E"],"character_chosen":"IRONCLAD","items_purchased":["Shrug It Off"],"campfire_rested":1,"item_purchase_floors":[2],"current_hp_per_floor":[80,80,80,80,64,70,70,73,80,60,60,64,87,73,73,51,87,57,57,57,57,57,0],"gold":572,"neow_bonus":"THREE_ENEMY_KILL","is_prod":false,"is_daily":false,"chose_seed":false,"campfire_upgraded":2,"win_rate":0,"timestamp":1568773636,"path_taken":["M","$","?","?","?","E","R","E","T","E","$","M","R","E","R","BOSS","M","$","?","$","?","E"],"build_version":"2019-07-17","purchased_purges":0,"victory":false,"max_hp_per_floor":[80,80,80,80,80,80,80,80,87,87,87,87,87,87,87,87,87,87,87,87,87,87,87],"card_choices":[{"not_picked":["Pommel Strike","Seeing Red"],"picked":"Perfected Strike","floor":1},{"not_picked":["Uppercut","Hemokinesis"],"picked":"Twin Strike","floor":6},{"not_picked":["Clash","Headbutt"],"picked":"Double Tap","floor":8},{"not_picked":["Seeing Red","Fire Breathing"],"picked":"Shrug It Off","floor":10},{"not_picked":["Burning Pact","True Grit","Clothesline"],"picked":"SKIP","floor":12},{"not_picked":["Pummel","Burning Pact"],"picked":"Whirlwind","floor":14},{"not_picked":["Brutality","Impervious"],"picked":"Feed+1","floor":16},{"not_picked":["Sever Soul+1","Armaments","Warcry"],"picked":"SKIP","floor":18}],"player_experience":565957,"relics_obtained":[{"floor":6,"key":"Sundial"},{"floor":8,"key":"Pen Nib"},{"floor":9,"key":"Strawberry"},{"floor":10,"key":"Ancient Tea Set"},{"floor":14,"key":"Molten Egg 2"}],"event_choices":[{"damage_healed":0,"gold_gain":0,"player_choice":"Box","damage_taken":0,"relics_obtained":["MawBank"],"max_hp_gain":0,"max_hp_loss":0,"event_name":"Big Fish","floor":3,"gold_loss":0,"cards_obtained":["Regret"]},{"damage_healed":0,"gold_gain":0,"player_choice":"Ignored","damage_taken":0,"max_hp_gain":0,"max_hp_loss":0,"event_name":"Golden Wing","floor":4,"gold_loss":0},{"damage_healed":0,"gold_gain":0,"player_choice":"Entered Light","damage_taken":16,"max_hp_gain":0,"max_hp_loss":0,"event_name":"Shining Light","floor":5,"gold_loss":0,"cards_upgraded":["Defend_R","Defend_R"]},{"damage_healed":0,"gold_gain":0,"player_choice":"Ignored","damage_taken":0,"max_hp_gain":0,"max_hp_loss":0,"event_name":"Ghosts","floor":20,"gold_loss":0},{"damage_healed":0,"gold_gain":0,"player_choice":"Inject Mutagens","damage_taken":0,"relics_obtained":["MutagenicStrength"],"max_hp_gain":0,"max_hp_loss":0,"event_name":"Drug Dealer","floor":22,"gold_loss":0}],"is_beta":false,"boss_relics":[{"not_picked":["Runic Cube","Runic Pyramid"],"picked":"Black Star"}],"items_purged_floors":[],"is_endless":false,"potions_floor_spawned":[8,10,16],"killed_by":"Book of Stabbing","ascension_level":4}