{"gold_per_floor":[361,206,381,391,356,370,370,47,47,47,60,71,71,82,82,156,156,173,173,173,191,191,191,191,191,191,206,3,3,3],"floor_reached":30,"playtime":697,"items_purged":["Strike_B","Doubt","Strike_B+1"],"score":360,"play_id":"0adf4d6a-4677-4652-8257-0c6b9c141722","local_time":"20190103065714","is_ascension_mode":true,"campfire_choices":[{"data":"Defragment","floor":7,"key":"SMITH"},{"data":"Static Discharge","floor":10,"key":"SMITH"},{"floor":15,"key":"REST"},{"floor":23,"key":"REST"},{"data":"Buffer","floor":25,"key":"SMITH"},{"data":"Defragment","floor":29,"key":"SMITH"}],"neow_cost":"PERCENT_DAMAGE","seed_source_timestamp":1170459630298334,"circlet_count":0,"master_deck":["AscendersBane","Strike_B+1","Strike_B+1","Defend_B+1","Defend_B+1","Defend_B+1","Defend_B+1","Zap","Dualcast","Leap","Defragment+1","Buffer+1","Static Discharge+1","Leap","Reinforced Body","Steam","Leap+1","Creative AI","Defragment+1"],"relics":["Cracked Core","Juzu Bracelet","PreservedInsect","Orrery","Kunai"],"potions_floor_usage":[21,30],"damage_taken":[{"damage":11,"enemies":"Small Slimes","floor":1,"turns":4},{"damage":6,"enemies":"Jaw Worm","floor":4,"turns":5},{"damage":0,"enemies":"2 Louse","floor":6,"turns":4},{"damage":8,"enemies":"Exordium Thugs","floor":11,"turns":4},{"damage":12,"enemies":"Looter","floor":12,"turns":2},{"damage":18,"enemies":"Lots of Slimes","floor":14,"turns":3},{"damage":23,"enemies":"Hexaghost","floor":16,"turns":6},{"damage":10,"enemies":"Shell Parasite","floor":18,"turns":5},{"damage":6,"enemies":"3 Byrds","floor":21,"turns":4},{"damage":1,"enemies":"Snecko","floor":27,"turns":7},{"damage":68,"enemies":"Gremlin Leader","floor":30,"turns":5}],"seed_played":"491238568741867680","potions_obtained":[{"floor":1,"key":"SkillPotion"},{"floor":6,"key":"Block Potion"},{"floor":18,"key":"LiquidBronze"}],"is_trial":false,"path_per_floor":["M","$","?","M","?","M","R","$","T","R","M","M","?","M","R","B",null,"M","?","$","M","?","R","?","R","T","M","$","R","E"],"character_chosen":"DEFECT","items_purchased":["Defragment","Static Discharge","Juzu Bracelet","Defragment"],"campfire_rested":2,"item_purchase_floors":[2,8,8,28],"current_hp_per_floor":[39,39,39,33,51,51,51,51,51,51,43,31,31,13,35,12,59,49,49,49,43,43,65,65,65,65,64,64,64,0],"gold":3,"neow_bonus":"TWO_FIFTY_GOLD","is_prod":false,"is_daily":false,"chose_seed":false,"campfire_upgraded":4,"win_rate":0,"timestamp":1546495034,"path_taken":["M","$","?","M","?","M","R","$","T","R","M","M","?","M","R","BOSS","M","?","$","M","?","R","?","R","T","M","$","R","E"],"build_version":"2018-12-20","purchased_purges":3,"victory":false,"max_hp_per_floor":[75,75,75,75,75,75,75,75,75,75,75,75,75,75,75,75,75,75,75,75,75,75,75,75,75,75,75,75,75,75],"card_choices":[{"not_picked":["Doom and Gloom","Steam"],"picked":"Leap","floor":1},{"not_picked":["Rip and Tear","Cold Snap","Aggregate"],"picked":"SKIP","floor":4},{"not_picked":["Gash","Beam Cell"],"picked":"Buffer","floor":6},{"not_picked":["Doom and Gloom","Skim","Blizzard"],"picked":"SKIP","floor":11},{"not_picked":["Conserve Battery","Rebound"],"picked":"Leap","floor":12},{"not_picked":["Gash","Coolheaded"],"picked":"Reinforced Body","floor":14},{"not_picked":["Cold Snap","Turbo"],"picked":"Steam","floor":17},{"not_picked":["Auto Shields","Barrage","Turbo"],"picked":"SKIP","floor":18},{"not_picked":["Streamline","Barrage"],"picked":"Leap+1","floor":21},{"not_picked":["Double Energy+1","Rebound"],"picked":"Creative AI","floor":27}],"player_experience":389626,"relics_obtained":[{"floor":9,"key":"PreservedInsect"},{"floor":26,"key":"Kunai"}],"event_choices":[{"damage_healed":0,"gold_gain":175,"player_choice":"AGREE","damage_taken":0,"max_hp_gain":0,"max_hp_loss":0,"event_name":"Liars Game","floor":3,"gold_loss":0,"cards_obtained":["Doubt"]},{"damage_healed":18,"gold_gain":0,"player_choice":"Healed","damage_taken":0,"max_hp_gain":0,"max_hp_loss":0,"event_name":"The Cleric","floor":5,"gold_loss":35},{"damage_healed":0,"gold_gain":0,"player_choice":"Searched \u00270\u0027 times","damage_taken":0,"max_hp_gain":0,"max_hp_loss":0,"event_name":"Dead Adventurer","floor":13,"gold_loss":0},{"damage_healed":0,"gold_gain":0,"player_choice":"Ignored","damage_taken":0,"max_hp_gain":0,"max_hp_loss":0,"event_name":"Beggar","floor":19,"gold_loss":0},{"damage_healed":0,"gold_gain":0,"player_choice":"Ignored","damage_taken":0,"max_hp_gain":0,"max_hp_loss":0,"event_name":"Cursed Tome","floor":22,"gold_loss":0},{"damage_healed":0,"gold_gain":0,"player_choice":"Simplicity","damage_taken":0,"max_hp_gain":0,"max_hp_loss":0,"event_name":"Back to Basics","floor":24,"gold_loss":0,"cards_upgraded":["Strike_B","Strike_B","Strike_B","Defend_B","Defend_B","Defend_B","Defend_B"]}],"is_beta":false,"boss_relics":[{"not_picked":["Astrolabe","Runic Dome"],"picked":"Orrery"}],"items_purged_floors":[2,8,28],"is_endless":false,"potions_floor_spawned":[1,6,16,18],"killed_by":"Gremlin Leader","ascension_level":13}