{"gold_per_floor":[116,291,19,33,33,65,75,104,129,155,135,166,166,182,182,286,286,302,302,320,28,28,86,86,86,86,86,97,112,126,141,141,237,237,252,252,252,267,278,278,278,129,129,149,149,160,170,181,181,181],"floor_reached":51,"playtime":9219,"items_purged":["Doubt"],"score":769,"play_id":"4beaedda-ec62-4129-84b8-03e27b3844ca","local_time":"20190630212353","is_ascension_mode":false,"campfire_choices":[{"floor":13,"key":"REST"},{"data":"Corpse Explosion","floor":15,"key":"SMITH"},{"floor":25,"key":"REST"},{"floor":27,"key":"DIG"},{"floor":32,"key":"REST"},{"floor":41,"key":"REST"},{"floor":45,"key":"DIG"},{"floor":49,"key":"DIG"}],"neow_cost":"NONE","seed_source_timestamp":1549099086753025,"circlet_count":0,"master_deck":["Defend_G","Defend_G","Defend_G","Defend_G","Defend_G","Strike_G","Strike_G","Strike_G","Survivor","Neutralize","Noxious Fumes","Bane","Bullet Time","Poisoned Stab","PiercingWail","Corpse Explosion+1","Deflect","Acrobatics","Backflip","Wraith Form v2","Dash","Bouncing Flask+1","Dark Shackles","Endless Agony","Escape Plan+1","PiercingWail","Finisher","Outmaneuver+1","Terror","Terror","Blade Dance","Malaise","All Out Attack","Finisher","Escape Plan+1","Blade Dance","Deadly Poison+1","Noxious Fumes+1","Noxious Fumes+1","Deflect+1","Blade Dance+1"],"relics":["Runic Pyramid","ClockworkSouvenir","Pen Nib","Odd Mushroom","Dream Catcher","Bottled Lightning","Mango","WristBlade","Strange Spoon","Tiny Chest","Shovel","Pear","Nunchaku","Eternal Feather","Lantern","Ancient Tea Set","Omamori","Thread and Needle"],"potions_floor_usage":[6,12,12,16,33,33,39,40,50,50,50],"damage_taken":[{"damage":0,"enemies":"Small Slimes","floor":1,"turns":3},{"damage":2,"enemies":"2 Louse","floor":4,"turns":3},{"damage":13,"enemies":"Gremlin Nob","floor":6,"turns":6},{"damage":0,"enemies":"Cultist","floor":7,"turns":4},{"damage":3,"enemies":"The Mushroom Lair","floor":8,"turns":4},{"damage":4,"enemies":"Lagavulin","floor":10,"turns":7},{"damage":4,"enemies":"3 Sentries","floor":12,"turns":3},{"damage":4,"enemies":"Exordium Thugs","floor":14,"turns":5},{"damage":0,"enemies":"Slime Boss","floor":16,"turns":6},{"damage":5,"enemies":"2 Thieves","floor":18,"turns":4},{"damage":8,"enemies":"Chosen","floor":20,"turns":7},{"damage":30,"enemies":"Slavers","floor":23,"turns":6},{"damage":1,"enemies":"Shelled Parasite and Fungi","floor":28,"turns":5},{"damage":12,"enemies":"Snake Plant","floor":29,"turns":3},{"damage":0,"enemies":"Chosen and Byrds","floor":30,"turns":4},{"damage":0,"enemies":"3 Cultists","floor":31,"turns":3},{"damage":64,"enemies":"Automaton","floor":33,"turns":10},{"damage":0,"enemies":"3 Darklings","floor":35,"turns":5},{"damage":4,"enemies":"3 Shapes","floor":38,"turns":3},{"damage":26,"enemies":"Jaw Worm Horde","floor":39,"turns":4},{"damage":0,"enemies":"Nemesis","floor":40,"turns":4},{"damage":9,"enemies":"Sphere and 2 Shapes","floor":44,"turns":6},{"damage":14,"enemies":"4 Shapes","floor":46,"turns":5},{"damage":4,"enemies":"Spire Growth","floor":47,"turns":4},{"damage":2,"enemies":"Writhing Mass","floor":48,"turns":4},{"damage":2,"enemies":"Time Eater","floor":50,"turns":13}],"seed_played":"205264350113847564","potions_obtained":[{"floor":1,"key":"PowerPotion"},{"floor":8,"key":"Strength Potion"},{"floor":10,"key":"Strength Potion"},{"floor":11,"key":"SmokeBomb"},{"floor":14,"key":"EssenceOfSteel"},{"floor":16,"key":"Ancient Potion"},{"floor":28,"key":"GamblersBrew"},{"floor":29,"key":"Poison Potion"},{"floor":38,"key":"GamblersBrew"},{"floor":39,"key":"SkillPotion"},{"floor":47,"key":"Energy Potion"},{"floor":48,"key":"Energy Potion"}],"is_trial":false,"path_per_floor":["M","?","$","M","?","E","M","?","T","E","?","E","R","M","R","B",null,"M","?","M","$","?","E","T","R","T","R","M","M","M","M","R","B",null,"M","?","?","M","M","E","R","$","T","M","R","M","M","M","R","B",null],"character_chosen":"THE_SILENT","items_purchased":["ClockworkSouvenir","Strange Spoon","Dark Shackles","Lantern"],"campfire_rested":4,"item_purchase_floors":[3,21,21,42],"current_hp_per_floor":[70,70,70,68,68,55,55,52,52,48,48,58,83,79,79,79,84,79,79,71,71,71,41,41,66,76,76,75,63,63,63,91,27,94,94,94,94,90,64,64,94,94,94,85,94,80,76,74,94,92],"gold":181,"neow_bonus":"BOSS_RELIC","is_prod":false,"is_daily":false,"chose_seed":false,"campfire_upgraded":1,"win_rate":0.0,"timestamp":1561944233,"path_taken":["M","?","$","M","?","E","M","?","T","E","?","E","R","M","R","BOSS","M","?","M","$","?","E","?","R","T","R","M","M","?","M","R","BOSS","M","?","?","?","?","E","R","$","T","M","R","M","M","M","R","BOSS"],"build_version":"2019-01-23","purchased_purges":1,"victory":true,"max_hp_per_floor":[70,70,70,70,70,70,70,70,70,70,70,84,84,84,84,84,84,84,84,84,84,84,84,84,84,94,94,94,94,94,94,94,94,94,94,94,94,94,94,94,94,94,94,94,94,94,94,94,94,94],"card_choices":[{"not_picked":["Choke","Infinite Blades"],"picked":"Noxious Fumes","floor":1},{"not_picked":["Catalyst","Dagger Spray"],"picked":"Bane","floor":4},{"not_picked":["Deadly Poison","Backflip"],"picked":"Bullet Time","floor":6},{"not_picked":["Blade Dance","Skewer"],"picked":"Poisoned Stab","floor":7},{"not_picked":["All Out Attack","Underhanded Strike"],"picked":"PiercingWail","floor":8},{"not_picked":["Underhanded Strike","Flying Knee"],"picked":"Corpse Explosion","floor":10},{"not_picked":["Deadly Poison","Slice"],"picked":"Deflect","floor":12},{"not_picked":["Quick Slash","Well Laid Plans"],"picked":"Acrobatics","floor":13},{"not_picked":["Underhanded Strike","Well Laid Plans"],"picked":"Backflip","floor":14},{"not_picked":["Night Terror","Malaise"],"picked":"Wraith Form v2","floor":16},{"not_picked":["Acrobatics","Dodge and Roll"],"picked":"Dash","floor":18},{"not_picked":["Poisoned Stab","Deflect"],"picked":"Bouncing Flask+1","floor":20},{"not_picked":["Footwork+1","Dagger Spray"],"picked":"Escape Plan+1","floor":23},{"not_picked":["Dodge and Roll+1","Quick Slash"],"picked":"PiercingWail","floor":25},{"not_picked":["Deadly Poison","Footwork+1"],"picked":"Finisher","floor":28},{"not_picked":["Bouncing Flask","Tactician"],"picked":"Outmaneuver+1","floor":29},{"not_picked":["Skewer+1","Flechettes"],"picked":"Terror","floor":30},{"not_picked":["Acrobatics","Prepared+1"],"picked":"Terror","floor":31},{"not_picked":["Predator","Underhanded Strike"],"picked":"Blade Dance","floor":32},{"not_picked":["Venomology","Unload"],"picked":"Malaise","floor":33},{"not_picked":["PiercingWail+1","Acrobatics"],"picked":"All Out Attack","floor":35},{"not_picked":["Underhanded Strike+1","Dagger Spray"],"picked":"Escape Plan+1","floor":38},{"not_picked":["Heel Hook+1","Dagger Spray+1"],"picked":"Blade Dance","floor":39},{"not_picked":["Underhanded Strike+1","Blade Dance+1"],"picked":"Deadly Poison+1","floor":41},{"not_picked":["Blade Dance","Well Laid Plans"],"picked":"Noxious Fumes+1","floor":44},{"not_picked":["Quick Slash+1","Crippling Poison"],"picked":"Noxious Fumes+1","floor":46},{"not_picked":["Outmaneuver+1","PiercingWail"],"picked":"Deflect+1","floor":47},{"not_picked":["Quick Slash+1","Outmaneuver+1"],"picked":"Blade Dance+1","floor":48}],"player_experience":58182,"relics_obtained":[{"floor":6,"key":"Pen Nib"},{"floor":8,"key":"Odd Mushroom"},{"floor":9,"key":"Dream Catcher"},{"floor":10,"key":"Bottled Lightning"},{"floor":12,"key":"Mango"},{"floor":23,"key":"Tiny Chest"},{"floor":24,"key":"Shovel"},{"floor":26,"key":"Pear"},{"floor":27,"key":"Nunchaku"},{"floor":43,"key":"Ancient Tea Set"},{"floor":45,"key":"Omamori"},{"floor":49,"key":"Thread and Needle"}],"event_choices":[{"damage_healed":0,"gold_gain":175,"player_choice":"AGREE","damage_taken":0,"max_hp_gain":0,"max_hp_loss":0,"event_name":"Liars Game","floor":2,"gold_loss":0,"cards_obtained":["Doubt"]},{"damage_healed":0,"gold_gain":0,"player_choice":"Ignored","damage_taken":0,"max_hp_gain":0,"max_hp_loss":0,"event_name":"Golden Wing","floor":5,"gold_loss":0},{"damage_healed":0,"gold_gain":0,"player_choice":"Fought Mushrooms","damage_taken":0,"max_hp_gain":0,"max_hp_loss":0,"event_name":"Mushrooms","floor":8,"gold_loss":0},{"damage_healed":0,"gold_gain":0,"player_choice":"Bought 1 Potion","damage_taken":0,"max_hp_gain":0,"max_hp_loss":0,"event_name":"The Woman in Blue","floor":11,"gold_loss":0},{"damage_healed":0,"gold_gain":0,"player_choice":"Ignored","damage_taken":0,"max_hp_gain":0,"max_hp_loss":0,"event_name":"Ghosts","floor":19,"gold_loss":0},{"damage_healed":0,"gold_gain":0,"player_choice":"Read","damage_taken":0,"max_hp_gain":0,"max_hp_loss":0,"event_name":"The Library","floor":22,"gold_loss":0,"cards_obtained":["Endless Agony"]},{"cards_removed":["Strike_G"],"damage_healed":0,"gold_gain":0,"player_choice":"Removed Attack","damage_taken":0,"max_hp_gain":0,"max_hp_loss":0,"event_name":"Falling","floor":36,"gold_loss":0},{"damage_healed":0,"gold_gain":0,"cards_transformed":["Strike_G"],"player_choice":"Transformed","damage_taken":0,"max_hp_gain":0,"max_hp_loss":0,"event_name":"Transmorgrifier","floor":37,"gold_loss":0,"cards_obtained":["Finisher"]}],"is_beta":false,"boss_relics":[{"not_picked":["Tiny House","Snecko Eye"],"picked":"WristBlade"},{"not_picked":["Coffee Dripper","Runic Dome"],"picked":"Eternal Feather"}],"items_purged_floors":[3],"is_endless":false,"potions_floor_spawned":[1,8,10,14,16,28,29,30,38,39,47,48],"ascension_level":0}