{"gold_per_floor":[113,188,153,166,48,48,67,67,138,138,138,169,169,169,169,266,266,255,283,8,8,107,135,135,151,199,211,227,227,152,169,169,273,273,285,304,316,328,82,82,182,195,195,195,214,214,561,561,561,561],"floor_reached":50,"playtime":1803,"items_purged":[],"score":483,"play_id":"0a4e06c1-d494-4cb7-940e-a5ab2bc7a96c","local_time":"20190822014201","is_ascension_mode":false,"campfire_choices":[{"data":"Noxious Fumes","floor":6,"key":"SMITH"},{"data":"Caltrops","floor":10,"key":"SMITH"},{"floor":13,"key":"REST"},{"data":"Neutralize","floor":15,"key":"SMITH"},{"floor":24,"key":"REST"},{"floor":29,"key":"REST"},{"floor":32,"key":"REST"},{"data":"Adrenaline","floor":40,"key":"SMITH"},{"floor":44,"key":"REST"},{"data":"Noxious Fumes","floor":49,"key":"SMITH"}],"neow_cost":"NONE","seed_source_timestamp":33767187663500,"circlet_count":0,"master_deck":["Strike_G","Strike_G","Defend_G","Defend_G","Defend_G","Defend_G","Defend_G","Survivor","Neutralize+1","Blade Dance+1","Expertise","Noxious Fumes+1","Bandage Up","Caltrops+1","Corpse Explosion","Noxious Fumes+1","Deadly Poison+1","Bane","Slice+1","Adrenaline+1","Backstab+1","Deadly Poison","Dash+1","Bane+1","Die Die Die+1"],"relics":["Ring of the Snake","Juzu Bracelet","Gremlin Horn","Paper Crane","Sozu","Red Mask","Molten Egg 2","Dodecahedron","Anchor","Cursed Key","TwistedFunnel","Nunchaku","Old Coin"],"potions_floor_usage":[23,27],"damage_taken":[{"damage":2,"enemies":"Small Slimes","floor":1,"turns":4},{"damage":0,"enemies":"2 Louse","floor":4,"turns":3},{"damage":1,"enemies":"Jaw Worm","floor":7,"turns":4},{"damage":44,"enemies":"Gremlin Nob","floor":12,"turns":5},{"damage":38,"enemies":"Slime Boss","floor":16,"turns":12},{"damage":11,"enemies":"2 Thieves","floor":18,"turns":4},{"damage":32,"enemies":"Masked Bandits","floor":19,"turns":3},{"damage":29,"enemies":"Gremlin Leader","floor":23,"turns":6},{"damage":16,"enemies":"Spheric Guardian","floor":25,"turns":4},{"damage":6,"enemies":"Snecko","floor":27,"turns":6},{"damage":9,"enemies":"Snake Plant","floor":28,"turns":4},{"damage":16,"enemies":"Shelled Parasite and Fungi","floor":31,"turns":4},{"damage":30,"enemies":"Automaton","floor":33,"turns":9},{"damage":1,"enemies":"3 Darklings","floor":35,"turns":3},{"damage":0,"enemies":"3 Shapes","floor":36,"turns":4},{"damage":14,"enemies":"Maw","floor":37,"turns":7},{"damage":10,"enemies":"Sphere and 2 Shapes","floor":38,"turns":4},{"damage":0,"enemies":"Mind Bloom Boss Battle","floor":41,"turns":5},{"damage":9,"enemies":"3 Darklings","floor":42,"turns":3},{"damage":0,"enemies":"4 Shapes","floor":45,"turns":3},{"damage":2,"enemies":"2 Orb Walkers","floor":47,"turns":3},{"damage":79,"enemies":"Awakened One","floor":50,"turns":7}],"seed_played":"-5086224116302105518","potions_obtained":[{"floor":12,"key":"Swift Potion"},{"floor":16,"key":"Poison Potion"}],"is_trial":false,"path_per_floor":["M","?","?","M","$","R","M","?","T","R","?","E","R","?","R","B",null,"M","?","$","?","?","E","R","M","T","M","M","R","?","M","R","B",null,"M","M","M","M","$","R","?","M","T","R","M","T","?","?","R","B"],"character_chosen":"THE_SILENT","items_purchased":["Noxious Fumes","Bandage Up","Bane","Molten Egg 2","TwistedFunnel","Bane+1"],"campfire_rested":5,"item_purchase_floors":[5,5,20,20,39,39],"current_hp_per_floor":[68,57,70,70,70,70,70,70,70,70,70,26,47,47,47,13,70,63,35,35,35,35,10,31,19,19,17,12,33,33,21,42,16,70,69,69,56,50,50,50,54,49,49,70,70,70,68,68,68,0],"gold":561,"neow_bonus":"RANDOM_COMMON_RELIC","is_prod":false,"is_daily":false,"chose_seed":false,"campfire_upgraded":5,"win_rate":0,"timestamp":1566452521,"path_taken":["M","?","?","M","$","R","M","?","T","R","?","E","R","?","R","BOSS","M","?","$","?","?","E","R","M","T","M","M","R","?","M","R","BOSS","M","M","M","M","$","R","?","M","T","R","M","?","?","?","R","BOSS"],"build_version":"2019-08-15","purchased_purges":0,"victory":false,"max_hp_per_floor":[70,70,70,70,70,70,70,70,70,70,70,70,70,70,70,70,70,70,70,70,70,70,70,70,70,70,70,70,70,70,70,70,70,70,70,70,70,70,70,70,70,70,70,70,70,70,70,70,70,70],"card_choices":[{"not_picked":["Poisoned Stab","Dagger Throw"],"picked":"Blade Dance","floor":1},{"not_picked":["Endless Agony","Heel Hook"],"picked":"Expertise","floor":4},{"not_picked":["Night Terror","Bane"],"picked":"Caltrops","floor":7},{"not_picked":["Calculated Gamble","Underhanded Strike","Reflex"],"picked":"SKIP","floor":12},{"not_picked":["Unload","Night Terror"],"picked":"Corpse Explosion","floor":16},{"not_picked":["Underhanded Strike","Footwork"],"picked":"Noxious Fumes","floor":18},{"not_picked":["Reflex+1","Endless Agony"],"picked":"Deadly Poison+1","floor":19},{"not_picked":["Quick Slash+1","Infinite Blades"],"picked":"Slice+1","floor":23},{"not_picked":["Masterful Stab+1","Tactician","Terror"],"picked":"SKIP","floor":25},{"not_picked":["Accuracy","Well Laid Plans","Masterful Stab+1"],"picked":"SKIP","floor":27},{"not_picked":["Riddle With Holes+1","Dagger Spray+1","Predator+1"],"picked":"SKIP","floor":28},{"not_picked":["All Out Attack+1","Dagger Spray+1","Concentrate"],"picked":"SKIP","floor":31},{"not_picked":["Storm of Steel","Corpse Explosion"],"picked":"Adrenaline","floor":33},{"not_picked":["Caltrops","PiercingWail+1"],"picked":"Backstab+1","floor":35},{"not_picked":["Dodge and Roll","Poisoned Stab+1","Backflip"],"picked":"SKIP","floor":36},{"not_picked":["Backflip","Outmaneuver"],"picked":"Deadly Poison","floor":37},{"not_picked":["Predator+1","Concentrate"],"picked":"Dash+1","floor":38},{"not_picked":["Masterful Stab+1","Bouncing Flask","Skewer+1"],"picked":"SKIP","floor":42},{"not_picked":["PiercingWail+1","Calculated Gamble","Dodge and Roll+1"],"picked":"SKIP","floor":45},{"not_picked":["Distraction","PiercingWail+1"],"picked":"Die Die Die+1","floor":47}],"player_experience":978611,"relics_obtained":[{"floor":9,"key":"Gremlin Horn"},{"floor":12,"key":"Paper Crane"},{"floor":19,"key":"Red Mask"},{"floor":23,"key":"Dodecahedron"},{"floor":26,"key":"Anchor"},{"floor":41,"key":"Nunchaku"},{"floor":47,"key":"Old Coin"}],"event_choices":[{"damage_healed":0,"gold_gain":75,"player_choice":"Gather Gold","damage_taken":11,"max_hp_gain":0,"max_hp_loss":0,"event_name":"World of Goop","floor":2,"gold_loss":0},{"damage_healed":17,"gold_gain":0,"player_choice":"Healed","damage_taken":0,"max_hp_gain":0,"max_hp_loss":0,"event_name":"The Cleric","floor":3,"gold_loss":35},{"damage_healed":0,"gold_gain":0,"player_choice":"Ignored","damage_taken":0,"max_hp_gain":0,"max_hp_loss":0,"event_name":"Golden Idol","floor":8,"gold_loss":0},{"cards_removed":["Strike_G"],"damage_healed":0,"gold_gain":0,"player_choice":"Purged","damage_taken":0,"max_hp_gain":0,"max_hp_loss":0,"event_name":"Purifier","floor":11,"gold_loss":0},{"damage_healed":0,"gold_gain":0,"player_choice":"Upgraded","damage_taken":0,"max_hp_gain":0,"max_hp_loss":0,"event_name":"Upgrade Shrine","floor":14,"gold_loss":0,"cards_upgraded":["Blade Dance"]},{"damage_healed":0,"gold_gain":0,"player_choice":"Fought Bandits","damage_taken":0,"max_hp_gain":0,"max_hp_loss":0,"event_name":"Masked Bandits","floor":19,"gold_loss":0},{"damage_healed":0,"gold_gain":0,"player_choice":"Ignored","damage_taken":0,"max_hp_gain":0,"max_hp_loss":0,"event_name":"Cursed Tome","floor":21,"gold_loss":0},{"damage_healed":0,"gold_gain":99,"player_choice":"Stole From Cult","damage_taken":0,"max_hp_gain":0,"max_hp_loss":0,"event_name":"Nest","floor":22,"gold_loss":0},{"cards_removed":["Strike_G"],"damage_healed":0,"gold_gain":0,"player_choice":"Gave Gold","damage_taken":0,"max_hp_gain":0,"max_hp_loss":0,"event_name":"Beggar","floor":30,"gold_loss":75},{"damage_healed":0,"gold_gain":0,"player_choice":"Fight","damage_taken":0,"max_hp_gain":0,"max_hp_loss":0,"event_name":"MindBloom","floor":41,"gold_loss":0},{"damage_healed":0,"gold_gain":0,"player_choice":"Fight","damage_taken":0,"max_hp_gain":0,"max_hp_loss":0,"event_name":"Mysterious Sphere","floor":47,"gold_loss":0},{"cards_removed":["Strike_G"],"damage_healed":0,"gold_gain":0,"player_choice":"Removed Attack","damage_taken":0,"max_hp_gain":0,"max_hp_loss":0,"event_name":"Falling","floor":48,"gold_loss":0}],"is_beta":true,"boss_relics":[{"not_picked":["Runic Pyramid","Ectoplasm"],"picked":"Sozu"},{"not_picked":["Ring of the Serpent","Tiny House"],"picked":"Cursed Key"}],"items_purged_floors":[],"is_endless":false,"potions_floor_spawned":[12,16,23,27,28,31,36,38,45,47],"killed_by":"Awakened One","ascension_level":0}