{"gold_per_floor":[115,131,142,107,124,141,141,141,141,141,161,161,12,32,32,32],"floor_reached":16,"playtime":548,"items_purged":["Strike_B"],"score":132,"play_id":"4399afd0-010d-4487-a62d-50e7bade08bb","local_time":"20181230111859","is_ascension_mode":true,"campfire_choices":[{"data":"Dualcast","floor":7,"key":"SMITH"},{"data":"Auto Shields","floor":10,"key":"SMITH"},{"data":"Hologram","floor":12,"key":"SMITH"},{"floor":15,"key":"REST"}],"neow_cost":"PERCENT_DAMAGE","seed_source_timestamp":840690981526663,"circlet_count":0,"master_deck":["Strike_B","Strike_B","Strike_B","Defend_B","Defend_B","Defend_B","Defend_B","Zap","Dualcast+1","Leap","Hologram+1","Loop","Auto Shields+1","Glacier","Buffer","Coolheaded"],"relics":["Cracked Core","Prayer Wheel","Nunchaku"],"potions_floor_usage":[5,14,16,16],"damage_taken":[{"damage":0,"enemies":"2 Louse","floor":1,"turns":3},{"damage":12,"enemies":"Small Slimes","floor":2,"turns":4},{"damage":1,"enemies":"Cultist","floor":3,"turns":4},{"damage":34,"enemies":"Exordium Thugs","floor":5,"turns":11},{"damage":0,"enemies":"Blue Slaver","floor":6,"turns":5},{"damage":10,"enemies":"2 Fungi Beasts","floor":11,"turns":4},{"damage":4,"enemies":"Large Slime","floor":14,"turns":8},{"damage":31,"enemies":"Hexaghost","floor":16,"turns":9}],"seed_played":"3532386616190799072","potions_obtained":[{"floor":3,"key":"SpeedPotion"},{"floor":8,"key":"GamblersBrew"},{"floor":8,"key":"SkillPotion"},{"floor":8,"key":"Dexterity Potion"}],"is_trial":false,"path_per_floor":["M","M","M","?","M","M","R","?","T","R","M","R","$","M","R","B"],"character_chosen":"DEFECT","items_purchased":["Buffer"],"campfire_rested":1,"item_purchase_floors":[13],"current_hp_per_floor":[50,38,37,55,21,21,21,21,21,21,11,11,11,7,29,0],"gold":32,"neow_bonus":"ONE_RARE_RELIC","is_prod":false,"is_daily":false,"chose_seed":false,"campfire_upgraded":3,"win_rate":0,"timestamp":1546165139,"path_taken":["M","M","M","?","M","M","R","?","T","R","?","R","?","M","R","BOSS"],"build_version":"2018-12-20","purchased_purges":1,"victory":false,"max_hp_per_floor":[75,75,75,75,75,75,75,75,75,75,75,75,75,75,75,75],"card_choices":[{"not_picked":["Redo","Coolheaded"],"picked":"Leap","floor":1},{"not_picked":["Rebound","Skim","Go for the Eyes"],"picked":"SKIP","floor":1},{"not_picked":["Compile Driver","Fusion"],"picked":"Hologram","floor":2},{"not_picked":["Redo","Coolheaded"],"picked":"Loop","floor":2},{"not_picked":["Sweeping Beam","Darkness"],"picked":"Auto Shields","floor":3},{"not_picked":["Hologram","Steam","Compile Driver"],"picked":"SKIP","floor":3},{"not_picked":["Heatsinks","Gash","Go for the Eyes"],"picked":"SKIP","floor":5},{"not_picked":["Streamline","Heatsinks","Go for the Eyes"],"picked":"SKIP","floor":5},{"not_picked":["Scrape","Beam Cell","Skim"],"picked":"SKIP","floor":6},{"not_picked":["Sweeping Beam","Barrage","Streamline"],"picked":"SKIP","floor":6},{"not_picked":["Chill","Turbo"],"picked":"Glacier","floor":11},{"not_picked":["FTL","Conserve Battery","Blizzard"],"picked":"SKIP","floor":11},{"not_picked":["Go for the Eyes","Reinforced Body"],"picked":"Coolheaded","floor":14},{"not_picked":["Recycle","FTL","Beam Cell"],"picked":"SKIP","floor":14}],"player_experience":355714,"relics_obtained":[{"floor":9,"key":"Nunchaku"}],"event_choices":[{"damage_healed":18,"gold_gain":0,"player_choice":"Healed","damage_taken":0,"max_hp_gain":0,"max_hp_loss":0,"event_name":"The Cleric","floor":4,"gold_loss":35},{"damage_healed":0,"gold_gain":0,"player_choice":"Got Potions","damage_taken":0,"max_hp_gain":0,"max_hp_loss":0,"event_name":"Lab","floor":8,"gold_loss":0}],"is_beta":false,"boss_relics":[],"items_purged_floors":[13],"is_endless":false,"potions_floor_spawned":[3,11],"killed_by":"Hexaghost","ascension_level":8}