{"path_per_floor":["M","?","?","$","T","R","E","M","T","$","M","M","R","M","R","B",null,"M","$","M","M","M","R","M","R","T","M","?","M","R","E","R"],"character_chosen":"IRONCLAD","items_purchased":["Infernal Blade","Bronze Scales","Flex"],"gold_per_floor":[112,112,212,176,176,176,208,222,222,67,83,93,93,110,110,206,206,216,87,97,114,124,124,139,139,165,185,185,197,197,229,229],"floor_reached":33,"campfire_rested":6,"playtime":1543,"current_hp_per_floor":[44,44,44,44,44,68,35,41,41,41,39,48,72,70,70,28,80,80,80,69,63,33,57,45,69,69,42,42,20,52,15,48],"items_purged":["Rupture"],"gold":229,"score":295,"play_id":"08dd72ca-0f4b-43f9-a67d-5176c008d244","is_prod":false,"is_daily":false,"is_ascension_mode":false,"campfire_upgraded":1,"path_taken":["M","?","?","$","?","R","E","M","T","?","M","M","R","M","R","BOSS","M","$","M","M","M","R","M","R","T","M","?","M","R","E","R","BOSS"],"build_version":"2018-02-15-PROD1","purchased_purges":1,"victory":false,"master_deck":["Defend_R","Defend_R","Defend_R","Bash","Sentinel","Infernal Blade+1","Sword Boomerang","Headbutt","Thunderclap","Spot Weakness","Double Tap","Feed","Flex+1","Warcry+1","Uppercut","Flex","Clash","Exhume","Infernal Blade+1","Infernal Blade+1","Bite","Bite","Bite","Bite","Bite","Wild Strike","Feed"],"max_hp_per_floor":[80,80,80,80,80,80,80,80,80,80,80,80,80,80,80,80,80,80,80,80,83,83,83,83,83,83,83,58,58,58,61,61],"relics":["Burning Blood","Red Skull","Calipers","Vajra","Magic Flower","Bronze Scales","Astrolabe","Regal Pillow","Smiling Mask"],"card_choices":[{"not_picked":["True Grit","Pummel"],"picked":"Sentinel"},{"not_picked":["Fire Breathing","Hemokinesis"],"picked":"Sword Boomerang"},{"not_picked":["Havoc","Wild Strike"],"picked":"Headbutt"},{"not_picked":["Perfected Strike","Rage"],"picked":"Thunderclap"},{"not_picked":["Cleave","Warcry"],"picked":"Spot Weakness"},{"not_picked":["Disarm","Clash"],"picked":"Double Tap"},{"not_picked":["Limit Break","Offering"],"picked":"Feed"},{"not_picked":["Shrug It Off","Sever Soul"],"picked":"Uppercut"},{"not_picked":["Second Wind","Shrug It Off"],"picked":"Clash"},{"not_picked":["Sword Boomerang","Cleave"],"picked":"Exhume"},{"not_picked":["Heavy Blade","Pommel Strike"],"picked":"Infernal Blade"},{"not_picked":["Warcry","Searing Blow"],"picked":"Infernal Blade"},{"not_picked":["Twin Strike","Dropkick"],"picked":"Wild Strike"},{"not_picked":["Anger","Rampage"],"picked":"Feed"}],"player_experience":72246,"potions_floor_usage":[],"damage_taken":[{"damage":2,"enemies":"Small Slimes","floor":1,"turns":3},{"damage":39,"enemies":"3 Sentries","floor":7,"turns":11},{"damage":0,"enemies":"Cultist","floor":8,"turns":2},{"damage":11,"enemies":"Jaw Worm","floor":11,"turns":2},{"damage":0,"enemies":"2 Fungi Beasts","floor":12,"turns":2},{"damage":11,"enemies":"Exordium Thugs","floor":14,"turns":3},{"damage":51,"enemies":"Hexaghost","floor":16,"turns":7},{"damage":7,"enemies":"Shell Parasite","floor":18,"turns":3},{"damage":20,"enemies":"Spheric Guardian","floor":20,"turns":3},{"damage":20,"enemies":"Cultist and Chosen","floor":21,"turns":4},{"damage":39,"enemies":"Snecko","floor":22,"turns":6},{"damage":21,"enemies":"Centurion and Healer","floor":24,"turns":3},{"damage":36,"enemies":"3 Cultists","floor":27,"turns":5},{"damage":34,"enemies":"Snecko","floor":29,"turns":4},{"damage":66,"enemies":"Gremlin Leader","floor":31,"turns":7},{"damage":86,"enemies":"Champ","floor":33,"turns":11}],"event_choices":[{"event_name":"Bonfire Elementals","player_choice":"BASIC","floor":2,"damage_taken":0},{"event_name":"Golden Shrine","player_choice":"Pray","floor":3,"damage_taken":0},{"event_name":"Vampires","player_choice":"Became a vampire","floor":28,"damage_taken":0}],"boss_relics":[{"not_picked":["Mark of Pain","Runic Dome"],"picked":"Astrolabe"}],"potions_floor_spawned":[7,12,14,16,20,21,22,31],"seed_played":"-6847932527844898516","killed_by":"Champ","ascension_level":0,"is_trial":false}