{"gold_per_floor":[113,113,130,141,155,167,167,167],"floor_reached":8,"playtime":571,"items_purged":[],"score":50,"play_id":"664f72ba-cb18-433f-b037-2b608c32d269","local_time":"20190904214131","is_ascension_mode":false,"campfire_choices":[{"floor":7,"key":"REST"}],"neow_cost":"","seed_source_timestamp":0,"circlet_count":0,"master_deck":["Strike_R","Strike_R","Strike_R","Strike_R","Strike_R","Defend_R","Defend_R","Defend_R","Defend_R","Bash","Cleave+1","Cleave","Warcry","Twin Strike","Rampage"],"special_seed":0,"relics":["Burning Blood","MawBank"],"potions_floor_usage":[],"damage_taken":[{"damage":0,"enemies":"Small Slimes","floor":1,"turns":3},{"damage":6,"enemies":"Cultist","floor":3,"turns":3},{"damage":1,"enemies":"2 Louse","floor":4,"turns":2},{"damage":21,"enemies":"Blue Slaver","floor":5,"turns":4},{"damage":38,"enemies":"Exordium Thugs","floor":6,"turns":5},{"damage":58,"enemies":"Lagavulin Event","floor":8,"turns":6}],"seed_played":"-8200195187434109438","potions_obtained":[{"floor":4,"key":"SkillPotion"},{"floor":6,"key":"SmokeBomb"}],"is_trial":false,"path_per_floor":["M","?","M","M","M","M","R","?"],"character_chosen":"IRONCLAD","items_purchased":[],"campfire_rested":1,"item_purchase_floors":[],"current_hp_per_floor":[80,80,80,80,65,33,57,0],"gold":167,"neow_bonus":"","is_prod":false,"is_daily":false,"chose_seed":false,"campfire_upgraded":0,"win_rate":0.0,"timestamp":1567626091,"path_taken":["M","?","M","M","?","M","R","?"],"build_version":"2019-07-17","purchased_purges":0,"victory":false,"max_hp_per_floor":[80,80,80,80,80,80,80,80],"card_choices":[{"not_picked":["Body Slam","Clash"],"picked":"Cleave","floor":1},{"not_picked":["Hemokinesis","Reckless Charge"],"picked":"Cleave","floor":3},{"not_picked":["Twin Strike","Armaments"],"picked":"Warcry","floor":4},{"not_picked":["Perfected Strike","Clothesline"],"picked":"Twin Strike","floor":5},{"not_picked":["Bloodletting","True Grit"],"picked":"Rampage","floor":6}],"player_experience":0,"relics_obtained":[],"event_choices":[{"damage_healed":0,"gold_gain":0,"player_choice":"Upgraded","damage_taken":0,"max_hp_gain":0,"max_hp_loss":0,"event_name":"Upgrade Shrine","floor":2,"gold_loss":0,"cards_upgraded":["Cleave"]},{"damage_healed":0,"gold_gain":0,"player_choice":"Searched \u00272\u0027 times","damage_taken":0,"relics_obtained":["MawBank"],"max_hp_gain":0,"max_hp_loss":0,"event_name":"Dead Adventurer","floor":8,"gold_loss":0}],"is_beta":false,"boss_relics":[],"items_purged_floors":[],"is_endless":false,"potions_floor_spawned":[4,6],"killed_by":"Lagavulin Event","ascension_level":0}