{"gold_per_floor":[119,44,44,44,63,63,83,114,114,114,74,74,74,113,113,113],"floor_reached":16,"playtime":1119,"items_purged":["Doubt"],"score":164,"play_id":"313b5f61-5ffa-4e6e-bba1-25400eda1a4e","local_time":"20190228144212","is_ascension_mode":true,"campfire_choices":[{"data":"Neutralize","floor":6.0,"key":"SMITH"},{"data":"Enlightenment","floor":10.0,"key":"SMITH"},{"data":"Noxious Fumes","floor":13.0,"key":"SMITH"},{"data":"Bandage Up","floor":15.0,"key":"SMITH"}],"neow_cost":"CURSE","seed_source_timestamp":94615018495125,"circlet_count":0,"master_deck":["AscendersBane","Defend_G","Defend_G","Defend_G","Defend_G","Strike_G","Strike_G","Strike_G","Strike_G","Strike_G","Survivor","Neutralize+1","Bandage Up+1","Enlightenment+1","Dagger Throw","Infinite Blades","Eviscerate","Underhanded Strike","Noxious Fumes+1","Infinite Blades"],"special_seed":0,"relics":["Ring of the Snake","Golden Idol","Strawberry","Gremlin Horn","Smiling Mask"],"potions_floor_usage":[],"damage_taken":[{"damage":7.0,"enemies":"Jaw Worm","floor":1.0,"turns":6.0},{"damage":2.0,"enemies":"2 Louse","floor":5.0,"turns":4.0},{"damage":16.0,"enemies":"Small Slimes","floor":7.0,"turns":4.0},{"damage":36.0,"enemies":"3 Sentries","floor":8.0,"turns":12.0},{"damage":23.0,"enemies":"Lagavulin","floor":14.0,"turns":7.0},{"damage":37,"enemies":"The Guardian","floor":16,"turns":6}],"seed_played":"-2974302818822299029","potions_obtained":[{"floor":5.0,"key":"Weak Potion"},{"floor":8.0,"key":"Ancient Potion"}],"is_trial":false,"path_per_floor":["M","$","?","?","M","R","M","E","T","R","$","?","R","E","R","B"],"character_chosen":"THE_SILENT","items_purchased":["Noxious Fumes"],"campfire_rested":0,"item_purchase_floors":[11],"current_hp_per_floor":[60,60,60,60,62,62,50,25,25,25,25,49,49,30,30,0],"gold":113,"neow_bonus":"RANDOM_COLORLESS_2","is_prod":false,"is_daily":false,"chose_seed":false,"campfire_upgraded":4,"win_rate":0,"timestamp":1551393732,"path_taken":["M","$","?","?","M","R","M","E","T","R","?","?","R","E","R","BOSS"],"build_version":"2019-01-23","purchased_purges":1,"victory":false,"max_hp_per_floor":[70,70,70,65,65,65,65,72,72,72,72,72,72,72,72,72],"card_choices":[{"not_picked":["Deflect","Terror"],"picked":"Dagger Throw","floor":1.0},{"not_picked":["Distraction","Blade Dance"],"picked":"Infinite Blades","floor":5.0},{"not_picked":["Dagger Throw","Dodge and Roll"],"picked":"Eviscerate","floor":7.0},{"not_picked":["PiercingWail","Dagger Spray"],"picked":"Underhanded Strike","floor":8.0},{"not_picked":["Dagger Spray","Outmaneuver"],"picked":"Infinite Blades","floor":14.0}],"player_experience":518793,"relics_obtained":[{"floor":8.0,"key":"Strawberry"},{"floor":9.0,"key":"Gremlin Horn"},{"floor":14.0,"key":"Smiling Mask"}],"event_choices":[{"cards_removed":["Defend_G"],"damage_healed":0.0,"max_hp_gain":0.0,"max_hp_loss":0.0,"gold_gain":0.0,"event_name":"Living Wall","player_choice":"Forget","floor":3.0,"gold_loss":0.0,"damage_taken":0.0},{"damage_healed":0.0,"max_hp_gain":0.0,"max_hp_loss":5.0,"gold_gain":0.0,"event_name":"Golden Idol","player_choice":"Lose Max HP","floor":4.0,"gold_loss":0.0,"damage_taken":0.0,"relics_obtained":["Golden Idol"]},{"damage_healed":24.0,"max_hp_gain":0.0,"max_hp_loss":0.0,"gold_gain":0.0,"event_name":"Big Fish","player_choice":"Banana","floor":12.0,"gold_loss":0.0,"damage_taken":0.0}],"is_beta":false,"boss_relics":[],"items_purged_floors":[2],"is_endless":false,"potions_floor_spawned":[5,8],"killed_by":"The Guardian","ascension_level":11}