{"path_per_floor":["M","$","M","M","M","E","M","R","T","?","R","?","M","M","R","B",null,"M","M","$","M","M"],"character_chosen":"THE_SILENT","items_purchased":["Backstab","Slice"],"gold_per_floor":[119,40,52,66,83,110,126,126,126,106,106,56,72,90,90,193,193,209,226,226,244,254],"floor_reached":23,"campfire_rested":2,"playtime":1503,"current_hp_per_floor":[67,67,67,67,59,32,32,53,53,53,70,70,70,68,68,31,70,70,48,48,28,8],"items_purged":[],"gold":254,"score":197,"play_id":"f2310cf3-8138-4888-91f7-bd759c02c946","is_prod":false,"is_daily":false,"is_ascension_mode":false,"campfire_upgraded":1,"path_taken":["M","$","M","M","M","E","M","R","T","?","R","?","M","M","R","BOSS","M","M","$","M","M","E"],"build_version":"2018-02-12-PROD1","purchased_purges":0,"victory":false,"master_deck":["Defend_G","Defend_G","Defend_G","Defend_G","Defend_G","Strike_G","Strike_G","Strike_G","Strike_G","Survivor","Neutralize","Caltrops","Backstab+1","Slice","Noxious Fumes","Dagger Throw","Dagger Spray","Dagger Throw","Glass Knife","Flying Knee","Flying Knee","Die Die Die","Deflect","Dash","Dagger Throw+1","PiercingWail"],"max_hp_per_floor":[70,70,70,70,70,70,70,70,70,70,70,70,70,70,70,70,70,70,70,70,70,70],"relics":["Ring of the Snake","Bag of Marbles","Peace Pipe","Black Star"],"card_choices":[{"not_picked":["Slice","Dagger Spray"],"picked":"Caltrops"},{"not_picked":["Leg Sweep","Heel Hook"],"picked":"Noxious Fumes"},{"not_picked":["PiercingWail","Sucker Punch"],"picked":"Dagger Throw"},{"not_picked":["Noxious Fumes","Flechettes"],"picked":"Dagger Spray"},{"not_picked":["Footwork","Heel Hook"],"picked":"Dagger Throw"},{"not_picked":["Expertise","Outmaneuver"],"picked":"Glass Knife"},{"not_picked":["Backflip","Deadly Poison"],"picked":"Flying Knee"},{"not_picked":["PiercingWail","Riddle With Holes"],"picked":"Flying Knee"},{"not_picked":["Night Terror","Glass Knife"],"picked":"Die Die Die"},{"not_picked":["Prepared","Calculated Gamble"],"picked":"Deflect"},{"not_picked":["Acrobatics","PiercingWail"],"picked":"Dash"},{"not_picked":["Dodge and Roll","Deadly Poison"],"picked":"Dagger Throw"},{"not_picked":["Adrenaline","Prepared"],"picked":"PiercingWail"}],"player_experience":4686,"potions_floor_usage":[22,22,23],"damage_taken":[{"damage":3,"enemies":"Blue Slaver","floor":1,"turns":6},{"damage":0,"enemies":"Jaw Worm","floor":3,"turns":4},{"damage":0,"enemies":"2 Louse","floor":4,"turns":2},{"damage":8,"enemies":"Lots of Slimes","floor":5,"turns":4},{"damage":27,"enemies":"Gremlin Nob","floor":6,"turns":4},{"damage":0,"enemies":"2 Fungi Beasts","floor":7,"turns":2},{"damage":0,"enemies":"3 Louse","floor":13,"turns":1},{"damage":2,"enemies":"Exordium Wildlife","floor":14,"turns":2},{"damage":37,"enemies":"Slime Boss","floor":16,"turns":9},{"damage":0,"enemies":"Chosen","floor":18,"turns":3},{"damage":22,"enemies":"Shell Parasite","floor":19,"turns":4},{"damage":20,"enemies":"Centurion and Healer","floor":21,"turns":4},{"damage":20,"enemies":"Chosen and Byrds","floor":22,"turns":5},{"damage":8,"enemies":"Gremlin Leader","floor":23,"turns":3}],"event_choices":[{"event_name":"The Woman in Blue","player_choice":"Bought 1 Potion","floor":10,"damage_taken":0},{"event_name":"The Cleric","player_choice":"Card Removal","floor":12,"damage_taken":0}],"boss_relics":[{"not_picked":["Astrolabe","Ectoplasm"],"picked":"Black Star"}],"potions_floor_spawned":[3,5,13,16,19,21],"seed_played":"-3333581302621120889","killed_by":"Gremlin Leader","ascension_level":0,"is_trial":false}