{"path_per_floor":["M","$","M","?","?","R","$","R","T","R","?","M","?","M","R"],"character_chosen":"IRONCLAD","items_purchased":["True Grit"],"gold_per_floor":[111,87,107,107,57,57,57,57,57,57,32,45,45,64,64,64],"floor_reached":16,"campfire_rested":0,"playtime":338,"item_purchase_floors":[2],"current_hp_per_floor":[80,80,80,80,80,80,80,80,80,80,80,80,80,80,80,0],"items_purged":[],"gold":64,"score":88,"play_id":"1cf60f32-395a-432b-bdd4-88e922764b03","local_time":"20180522180336","is_prod":false,"is_daily":false,"chose_seed":false,"is_ascension_mode":false,"campfire_upgraded":4,"timestamp":1527026616,"campfire_choices":[{"data":"Body Slam","floor":6,"key":"SMITH"},{"data":"True Grit","floor":8,"key":"SMITH"},{"data":"Armaments","floor":10,"key":"SMITH"},{"data":"Battle Trance","floor":15,"key":"SMITH"}],"path_taken":["M","$","M","?","?","R","$","R","T","R","?","M","?","M","R","BOSS"],"build_version":"2018-05-21v2","seed_source_timestamp":1802796968492454,"purchased_purges":0,"victory":false,"master_deck":["Strike_R","Strike_R","Strike_R","Defend_R","Defend_R","Defend_R","Bash","Armaments+1","Body Slam+1","True Grit+1","Battle Trance+1"],"max_hp_per_floor":[80,80,80,80,80,80,80,80,80,80,80,80,80,80,80,80],"relics":["Burning Blood","Matryoshka"],"card_choices":[{"not_picked":["Sword Boomerang","Flex"],"picked":"Body Slam","floor":1},{"not_picked":["Blood for Blood","Cleave","Clash"],"picked":"SKIP","floor":3},{"not_picked":["Headbutt","Whirlwind"],"picked":"Battle Trance","floor":12},{"not_picked":["Searing Blow","Fire Breathing","Thunderclap"],"picked":"SKIP","floor":14}],"player_experience":483326,"potions_floor_usage":[16],"damage_taken":[{"damage":5,"enemies":"Small Slimes","floor":1,"turns":5},{"damage":0,"enemies":"2 Louse","floor":3,"turns":2},{"damage":6,"enemies":"Jaw Worm","floor":12,"turns":3},{"damage":0,"enemies":"Looter","floor":14,"turns":3},{"damage":84,"enemies":"Hexaghost","floor":16,"turns":11}],"relics_obtained":[{"floor":9,"key":"Matryoshka"}],"event_choices":[{"event_name":"Liars Game","player_choice":"disagreed","floor":4,"damage_taken":0},{"event_name":"The Cleric","player_choice":"Card Removal","floor":5,"damage_taken":0},{"event_name":"World of Goop","player_choice":"Left","floor":11,"damage_taken":0},{"event_name":"Purifier","player_choice":"One Purge","floor":13,"damage_taken":0}],"boss_relics":[],"items_purged_floors":[],"potions_floor_spawned":[1,3],"seed_played":"-7657953939697510483","killed_by":"Hexaghost","ascension_level":0,"potions_obtained":[{"floor":1,"key":"Energy Potion"},{"floor":3,"key":"Weak Potion"}],"is_trial":false}