{"gold_per_floor":[111,111,111,111,36,36,48,48,48,79,42,42,55,89,89,168,168,186,202,92,106,6,6,19,19,19,19,45,59,89,103,103,179,179,198,214,233,253,253],"floor_reached":39,"playtime":3773,"items_purged":["Pain","Strike_B"],"score":1112,"play_id":"7017036b-add5-44f7-b619-519663c0e0a2","local_time":"20190827143838","is_ascension_mode":true,"campfire_choices":[{"data":"White Noise","floor":6,"key":"SMITH"},{"data":"Doom and Gloom","floor":8,"key":"SMITH"},{"floor":12,"key":"REST"},{"data":"Fusion","floor":15,"key":"SMITH"},{"data":"Multi-Cast","floor":23,"key":"SMITH"},{"data":"Dualcast","floor":25,"key":"SMITH"},{"floor":27,"key":"REST"},{"floor":32,"key":"REST"}],"neow_cost":"NONE","seed_source_timestamp":345621676118849,"circlet_count":0,"master_deck":["AscendersBane","Zap+1","Dualcast+1","White Noise+1","Doom and Gloom+1","Ball Lightning","White Noise+1","Fusion+1","Reinforced Body","Multi-Cast+1","White Noise","Defragment+1","Coolheaded","Turbo","Auto Shields","Coolheaded","Redo","Coolheaded","Fission","Skim","Scrape","Rainbow","Conserve Battery","Leap","Rebound","Compile Driver","Double Energy+1","Hologram","Amplify"],"relics":["Cracked Core","NeowsBlessing","Ginger","WarpedTongs","Gambling Chip","Cables","Ice Cream","Inserter","Bottled Tornado","Dream Catcher","Orichalcum","Pandora\u0027s Box"],"potions_floor_usage":[14,18,28,29,33],"damage_taken":[{"damage":0,"enemies":"Small Slimes","floor":1,"turns":1},{"damage":0,"enemies":"2 Louse","floor":7,"turns":1},{"damage":0,"enemies":"Gremlin Nob","floor":10,"turns":1},{"damage":0,"enemies":"Cultist","floor":13,"turns":2},{"damage":0,"enemies":"Lagavulin","floor":14,"turns":3},{"damage":0,"enemies":"Slime Boss","floor":16,"turns":3},{"damage":28,"enemies":"2 Thieves","floor":18,"turns":4},{"damage":4,"enemies":"3 Byrds","floor":19,"turns":4},{"damage":6,"enemies":"Centurion and Healer","floor":21,"turns":4},{"damage":7,"enemies":"3 Cultists","floor":24,"turns":3},{"damage":0,"enemies":"Gremlin Leader","floor":28,"turns":4},{"damage":5,"enemies":"Chosen and Byrds","floor":29,"turns":6},{"damage":21,"enemies":"Book of Stabbing","floor":30,"turns":6},{"damage":7,"enemies":"Centurion and Healer","floor":31,"turns":6},{"damage":20,"enemies":"Collector","floor":33,"turns":7},{"damage":4,"enemies":"Orb Walker","floor":35,"turns":3},{"damage":4,"enemies":"3 Shapes","floor":36,"turns":2},{"damage":13,"enemies":"3 Darklings","floor":37,"turns":4},{"damage":0,"enemies":"Maw","floor":38,"turns":7},{"damage":43,"enemies":"2 Orb Walkers","floor":39,"turns":3}],"seed_played":"-1769971680429079445","potions_obtained":[{"floor":1,"key":"Energy Potion"},{"floor":10,"key":"Fire Potion"},{"floor":18,"key":"Fruit Juice"},{"floor":24,"key":"SkillPotion"},{"floor":28,"key":"Strength Potion"},{"floor":30,"key":"SteroidPotion"},{"floor":37,"key":"AttackPotion"}],"is_trial":false,"path_per_floor":["M","?","?","?","$","R","M","R","T","E","$","R","M","E","R","B",null,"M","M","?","M","$","R","M","R","T","R","E","M","E","M","R","B",null,"M","M","M","M","?"],"character_chosen":"DEFECT","items_purchased":["White Noise"],"campfire_rested":3,"item_purchase_floors":[11],"current_hp_per_floor":[64,53,32,32,32,32,32,32,32,32,32,53,53,53,53,53,67,44,40,40,34,34,34,27,27,27,49,49,44,23,16,38,18,62,58,54,41,41,0],"gold":253,"neow_bonus":"THREE_ENEMY_KILL","is_prod":false,"is_daily":false,"chose_seed":false,"campfire_upgraded":5,"win_rate":0,"timestamp":1566941918,"path_taken":["M","?","?","?","$","R","?","R","T","E","?","R","M","E","R","BOSS","M","M","?","M","$","R","M","R","T","R","E","?","E","M","R","BOSS","M","M","M","M","?"],"build_version":"2019-07-17","purchased_purges":2,"victory":false,"max_hp_per_floor":[71,71,71,71,71,71,71,71,71,71,71,71,71,71,71,71,71,76,76,76,76,76,76,76,76,76,76,76,76,76,76,76,76,76,76,76,76,76,76],"card_choices":[{"not_picked":["Coolheaded","Consume"],"picked":"White Noise","floor":1},{"not_picked":["Static Discharge","Darkness"],"picked":"Doom and Gloom","floor":7},{"not_picked":["Rebound","Streamline"],"picked":"Ball Lightning","floor":10},{"not_picked":["Stack","Sweeping Beam"],"picked":"Fusion","floor":13},{"not_picked":["Chaos","Beam Cell"],"picked":"Reinforced Body","floor":14},{"not_picked":["Buffer","Seek"],"picked":"Multi-Cast","floor":16},{"not_picked":["Go for the Eyes","Rebound","Sunder"],"picked":"SKIP","floor":18},{"not_picked":["Stack","Sunder"],"picked":"White Noise","floor":19},{"not_picked":["Cold Snap+1","Buffer"],"picked":"Defragment+1","floor":21},{"not_picked":["Rebound","Conserve Battery"],"picked":"Coolheaded","floor":24},{"not_picked":["Tempest","All For One"],"picked":"Turbo","floor":28},{"not_picked":["Ball Lightning","Beam Cell"],"picked":"Auto Shields","floor":29},{"not_picked":["All For One","Auto Shields"],"picked":"Coolheaded","floor":30},{"not_picked":["Cold Snap","Reprogram+1"],"picked":"Redo","floor":31},{"not_picked":["Streamline","Chaos"],"picked":"Coolheaded","floor":32},{"not_picked":["Creative AI","Amplify"],"picked":"Fission","floor":33},{"not_picked":["Barrage","Rebound"],"picked":"Compile Driver","floor":35},{"not_picked":["Capacitor","Sweeping Beam"],"picked":"Double Energy+1","floor":36},{"not_picked":["Tempest","Conserve Battery+1"],"picked":"Hologram","floor":37},{"not_picked":["Ball Lightning","Rebound"],"picked":"Amplify","floor":38}],"player_experience":787432,"relics_obtained":[{"floor":9,"key":"Gambling Chip"},{"floor":10,"key":"Cables"},{"floor":14,"key":"Ice Cream"},{"floor":26,"key":"Bottled Tornado"},{"floor":28,"key":"Dream Catcher"},{"floor":30,"key":"Orichalcum"}],"event_choices":[{"damage_healed":0,"gold_gain":0,"player_choice":"Success","damage_taken":11,"relics_obtained":["Ginger"],"max_hp_gain":0,"max_hp_loss":0,"event_name":"Scrap Ooze","floor":2,"gold_loss":0},{"damage_healed":0,"gold_gain":0,"player_choice":"Entered Light","damage_taken":21,"max_hp_gain":0,"max_hp_loss":0,"event_name":"Shining Light","floor":3,"gold_loss":0,"cards_upgraded":["Strike_B","Zap"]},{"damage_healed":0,"gold_gain":0,"player_choice":"Rummage","damage_taken":0,"relics_obtained":["WarpedTongs"],"max_hp_gain":0,"max_hp_loss":0,"event_name":"Accursed Blacksmith","floor":4,"gold_loss":0,"cards_obtained":["Pain"]},{"cards_removed":["Strike_B"],"damage_healed":0,"gold_gain":0,"player_choice":"Upgrade and Remove","damage_taken":0,"max_hp_gain":0,"max_hp_loss":0,"event_name":"Designer","floor":20,"gold_loss":110,"cards_upgraded":["White Noise"]},{"damage_healed":0,"gold_gain":0,"player_choice":"Fight","damage_taken":0,"max_hp_gain":0,"max_hp_loss":0,"event_name":"Mysterious Sphere","floor":39,"gold_loss":0}],"is_beta":false,"boss_relics":[{"not_picked":["Philosopher\u0027s Stone","Tiny House"],"picked":"Inserter"},{"not_picked":["Orrery","Snecko Eye"],"picked":"Pandora\u0027s Box"}],"items_purged_floors":[5,22],"is_endless":false,"potions_floor_spawned":[1,10,18,24,28,30,37],"killed_by":"2 Orb Walkers","ascension_level":20}