{"gold_per_floor":[115,128,146,161,171,171,202,202,277,303,303,321,331,358,358,455,455,469,479,41,41,73,73,99,99,99,112,122,122,132,160,160,256,256,271,271,271,1,1,27,27,39,66,98,108,124,154,171,171,171,171,171,37,64,64],"floor_reached":56,"playtime":8653,"items_purged":["Defend_B","Injury"],"score":1703,"play_id":"f23a90ca-1956-4684-8015-42ef798cee4a","local_time":"20190228093600","is_ascension_mode":true,"campfire_choices":[{"data":"Zap","floor":6.0,"key":"SMITH"},{"data":"Dualcast","floor":8.0,"key":"SMITH"},{"data":"Go for the Eyes","floor":15.0,"key":"SMITH"},{"data":"Buffer","floor":23.0,"key":"SMITH"},{"data":"Beam Cell","floor":25.0,"key":"SMITH"},{"data":"Seek","floor":32.0,"key":"SMITH"},{"data":"Apotheosis","floor":41.0,"key":"SMITH"},{"floor":49.0,"key":"RECALL"},{"data":"Creative AI","floor":52,"key":"SMITH"}],"neow_cost":"TEN_PERCENT_HP_LOSS","seed_source_timestamp":0,"circlet_count":0,"master_deck":["Strike_B+1","Strike_B+1","Strike_B+1","Strike_B+1","Defend_B+1","Defend_B+1","Defend_B+1","Zap+1","Dualcast+1","Ball Lightning","Leap","Ball Lightning","Seek+1","Cold Snap","Go for the Eyes+1","Steam","Chill","Genetic Algorithm","Chill","Creative AI+1","Barrage","Beam Cell+1","Buffer+1","FTL","Reinforced Body","Gash","Doom and Gloom","Streamline","Coolheaded","Rebound","Rip and Tear","All For One","Defragment+1","Madness","Madness","Impatience","Apotheosis+1","Transmutation","Mayhem+1","Sunder","Melter+1","Steam+1","Capacitor+1","FTL+1","Sunder+1","White Noise+1","PanicButton","Storm+1"],"special_seed":0,"relics":["Cracked Core","Bird Faced Urn","Orichalcum","Symbiotic Virus","Pocketwatch","Happy Flower","Cursed Key","Membership Card","Shuriken","Red Mask","Kunai","Smiling Mask","Frozen Egg 2","Runic Dome","Calipers","Spirit Poop","Dream Catcher","Lantern","Darkstone Periapt","Blue Candle"],"potions_floor_usage":[50,54,55,55,55],"damage_taken":[{"damage":1.0,"enemies":"Cultist","floor":1.0,"turns":3.0},{"damage":12.0,"enemies":"Small Slimes","floor":2.0,"turns":3.0},{"damage":2.0,"enemies":"Jaw Worm","floor":3.0,"turns":3.0},{"damage":11.0,"enemies":"3 Louse","floor":4.0,"turns":3.0},{"damage":8.0,"enemies":"Large Slime","floor":5.0,"turns":5.0},{"damage":23.0,"enemies":"3 Sentries","floor":7.0,"turns":6.0},{"damage":10.0,"enemies":"Lagavulin","floor":10.0,"turns":4.0},{"damage":0.0,"enemies":"Looter","floor":12.0,"turns":2.0},{"damage":0.0,"enemies":"2 Fungi Beasts","floor":13.0,"turns":2.0},{"damage":0.0,"enemies":"3 Sentries","floor":14.0,"turns":6.0},{"damage":0.0,"enemies":"Slime Boss","floor":16.0,"turns":10.0},{"damage":0.0,"enemies":"Spheric Guardian","floor":18.0,"turns":3.0},{"damage":3.0,"enemies":"3 Byrds","floor":19.0,"turns":4.0},{"damage":0.0,"enemies":"Masked Bandits","floor":22.0,"turns":5.0},{"damage":4.0,"enemies":"Book of Stabbing","floor":24.0,"turns":5.0},{"damage":4.0,"enemies":"3 Cultists","floor":27.0,"turns":5.0},{"damage":0.0,"enemies":"Shelled Parasite and Fungi","floor":28.0,"turns":4.0},{"damage":0.0,"enemies":"Centurion and Healer","floor":30.0,"turns":5.0},{"damage":0.0,"enemies":"Gremlin Leader","floor":31.0,"turns":6.0},{"damage":2.0,"enemies":"Champ","floor":33.0,"turns":9.0},{"damage":1.0,"enemies":"3 Shapes","floor":35.0,"turns":3.0},{"damage":0.0,"enemies":"Giant Head","floor":40.0,"turns":7.0},{"damage":0.0,"enemies":"Orb Walker","floor":42.0,"turns":3.0},{"damage":22.0,"enemies":"Reptomancer","floor":44.0,"turns":7.0},{"damage":0.0,"enemies":"Jaw Worm Horde","floor":45.0,"turns":5.0},{"damage":14.0,"enemies":"3 Darklings","floor":46.0,"turns":6.0},{"damage":2.0,"enemies":"Giant Head","floor":47.0,"turns":6.0},{"damage":5.0,"enemies":"Spire Growth","floor":48.0,"turns":4.0},{"damage":31,"enemies":"Donu and Deca","floor":50,"turns":8},{"damage":22,"enemies":"Shield and Spear","floor":54,"turns":4},{"damage":51,"enemies":"The Heart","floor":55,"turns":8}],"seed_played":"-3748384830384190297","potions_obtained":[{"floor":2.0,"key":"Ancient Potion"},{"floor":4.0,"key":"Regen Potion"},{"floor":10.0,"key":"Energy Potion"},{"floor":12.0,"key":"Explosive Potion"},{"floor":16.0,"key":"Swift Potion"},{"floor":18.0,"key":"SpeedPotion"},{"floor":27.0,"key":"Explosive Potion"},{"floor":28.0,"key":"Energy Potion"},{"floor":40.0,"key":"Poison Potion"},{"floor":46.0,"key":"EssenceOfSteel"},{"floor":54,"key":"Strength Potion"}],"is_trial":false,"path_per_floor":["M","M","M","M","M","R","E","R","T","E","?","M","M","E","R","B",null,"M","M","$","?","?","R","E","R","T","M","M","?","M","E","R","B",null,"M","?","?","$","?","E","R","M","T","E","M","M","E","M","R","B",null,"R","$","E","B",null],"character_chosen":"DEFECT","items_purchased":["Membership Card","Shuriken","Buffer","FTL","Calipers","Mayhem+1","Sunder","FocusPotion","PanicButton"],"campfire_rested":0,"item_purchase_floors":[20,20,20,20,38,38,38,53,53],"current_hp_per_floor":[67,55,53,42,34,34,26,26,26,16,38,38,38,38,38,38,61,61,64,64,64,68,68,68,68,68,68,68,68,68,68,68,68,68,68,59,49,49,49,53,53,61,61,59,68,66,68,65,65,52,64,64,64,46,9],"gold":64,"neow_bonus":"ONE_RARE_RELIC","is_prod":false,"is_daily":false,"chose_seed":false,"campfire_upgraded":8,"win_rate":0,"timestamp":1551375360,"path_taken":["M","?","M","?","M","R","E","R","T","E","?","M","M","E","R","BOSS","M","M","$","?","?","R","E","R","T","M","M","?","M","E","R","BOSS","M","?","?","$","?","E","R","M","T","E","?","M","E","M","R","BOSS","R","$","E","BOSS"],"build_version":"2019-01-23","purchased_purges":2,"victory":true,"max_hp_per_floor":[68,68,68,68,68,68,68,68,68,68,68,68,68,68,68,68,68,68,68,68,68,68,68,68,68,68,68,68,68,68,68,68,68,68,68,68,68,68,68,68,68,68,68,68,68,68,68,68,68,68,68,68,68,68,68],"card_choices":[{"not_picked":["Leap","Steam"],"picked":"Ball Lightning","floor":1.0},{"not_picked":["Beam Cell","Barrage"],"picked":"Leap","floor":2.0},{"not_picked":["Sweeping Beam","Consume"],"picked":"Ball Lightning","floor":3.0},{"not_picked":["Stack","Redo"],"picked":"Seek","floor":4.0},{"not_picked":["Stack","Leap"],"picked":"Cold Snap","floor":5.0},{"not_picked":["Hologram","Conserve Battery"],"picked":"Go for the Eyes","floor":7.0},{"not_picked":["Skim","Amplify"],"picked":"Steam","floor":10.0},{"not_picked":["Conserve Battery","Coolheaded"],"picked":"Chill","floor":12.0},{"not_picked":["Lockon","Melter"],"picked":"Genetic Algorithm","floor":13.0},{"not_picked":["Cold Snap","Barrage"],"picked":"Chill","floor":14.0},{"not_picked":["Thunder Strike","All For One"],"picked":"Creative AI","floor":16.0},{"not_picked":["Turbo","Stack"],"picked":"Barrage","floor":18.0},{"not_picked":["Conserve Battery","Cold Snap"],"picked":"Beam Cell","floor":19.0},{"not_picked":["Reprogram","Barrage"],"picked":"Gash","floor":22.0},{"not_picked":["Cold Snap","Turbo"],"picked":"Doom and Gloom","floor":24.0},{"not_picked":["Hyperbeam","Coolheaded"],"picked":"Streamline","floor":27.0},{"not_picked":["Beam Cell","Cold Snap"],"picked":"Coolheaded","floor":28.0},{"not_picked":["Hologram","Fusion"],"picked":"Rebound","floor":30.0},{"not_picked":["Streamline","Hyperbeam"],"picked":"Rip and Tear","floor":31.0},{"not_picked":["Creative AI+1","Seek"],"picked":"All For One","floor":33.0},{"not_picked":["Auto Shields","Ball Lightning+1"],"picked":"Defragment+1","floor":35.0},{"not_picked":["Dramatic Entrance","Bandage Up"],"picked":"Impatience","floor":37.0},{"not_picked":["PanicButton","The Bomb"],"picked":"Apotheosis","floor":37.0},{"not_picked":["PanicButton","Madness"],"picked":"Transmutation","floor":37.0},{"not_picked":["Genetic Algorithm+1","Streamline"],"picked":"Melter+1","floor":40.0},{"not_picked":["Doom and Gloom+1","Beam Cell"],"picked":"Steam+1","floor":42.0},{"not_picked":["Leap+1","Double Energy"],"picked":"Capacitor+1","floor":44.0},{"not_picked":["Hologram+1","Sweeping Beam+1"],"picked":"FTL+1","floor":45.0},{"not_picked":["Coolheaded","Doom and Gloom+1","Leap"],"picked":"SKIP","floor":46.0},{"not_picked":["Undo","Seek"],"picked":"Sunder+1","floor":47.0},{"not_picked":["Auto Shields+1","Force Field"],"picked":"White Noise+1","floor":48.0},{"not_picked":["Steam+1","Sweeping Beam+1"],"picked":"Storm+1","floor":54}],"player_experience":510140,"relics_obtained":[{"floor":7.0,"key":"Orichalcum"},{"floor":9.0,"key":"Symbiotic Virus"},{"floor":10.0,"key":"Pocketwatch"},{"floor":14.0,"key":"Happy Flower"},{"floor":22.0,"key":"Red Mask"},{"floor":24.0,"key":"Kunai"},{"floor":26.0,"key":"Smiling Mask"},{"floor":31.0,"key":"Frozen Egg 2"},{"floor":40.0,"key":"Dream Catcher"},{"floor":44.0,"key":"Lantern"},{"floor":47.0,"key":"Darkstone Periapt"},{"floor":54,"key":"Blue Candle"}],"event_choices":[{"damage_healed":22.0,"max_hp_gain":0.0,"max_hp_loss":0.0,"gold_gain":0.0,"event_name":"Big Fish","player_choice":"Banana","floor":11.0,"gold_loss":0.0,"damage_taken":0.0},{"damage_healed":0.0,"max_hp_gain":0.0,"max_hp_loss":0.0,"gold_gain":0.0,"event_name":"The Library","player_choice":"Read","floor":21.0,"gold_loss":0.0,"damage_taken":0.0,"cards_obtained":["Reinforced Body"]},{"damage_healed":0.0,"max_hp_gain":0.0,"max_hp_loss":0.0,"gold_gain":0.0,"event_name":"Masked Bandits","player_choice":"Fought Bandits","floor":22.0,"gold_loss":0.0,"damage_taken":0.0},{"damage_healed":0.0,"max_hp_gain":0.0,"max_hp_loss":0.0,"gold_gain":0.0,"event_name":"Back to Basics","player_choice":"Simplicity","floor":29.0,"gold_loss":0.0,"damage_taken":0.0,"cards_upgraded":["Strike_B","Strike_B","Strike_B","Strike_B","Defend_B","Defend_B","Defend_B"]},{"damage_healed":0.0,"max_hp_gain":0.0,"max_hp_loss":0.0,"gold_gain":0.0,"event_name":"Winding Halls","player_choice":"Embrace Madness","floor":36.0,"gold_loss":0.0,"damage_taken":9.0,"cards_obtained":["Madness","Madness"]},{"damage_healed":0.0,"max_hp_gain":0.0,"max_hp_loss":0.0,"gold_gain":0.0,"event_name":"SensoryStone","player_choice":"Memory 3","floor":37.0,"gold_loss":0.0,"damage_taken":10.0},{"cards_removed":["Clumsy"],"damage_healed":0.0,"max_hp_gain":0.0,"max_hp_loss":0.0,"gold_gain":0.0,"event_name":"Bonfire Elementals","player_choice":"Offered Curse","floor":39.0,"gold_loss":0.0,"damage_taken":0.0,"relics_obtained":["Spirit Poop"]}],"is_beta":false,"boss_relics":[{"not_picked":["Velvet Choker","Busted Crown"],"picked":"Cursed Key"},{"not_picked":["Eternal Feather","Astrolabe"],"picked":"Runic Dome"}],"items_purged_floors":[20,53],"is_endless":false,"potions_floor_spawned":[2,4,10,12,16,18,27,28,30,40,46,48,54],"ascension_level":6}