{"path_per_floor":["M","?","M","?","?","E","R","M","T","M","R","M","R","M","R","B",null,"M","?","T","M","M","E","$","R","T","M","?","M","R","?","R"],"character_chosen":"THE_SILENT","items_purchased":["Secret Technique","Escape Plan","Snake Skull","Finisher","Catalyst"],"gold_per_floor":[114,114,139,314,314,350,350,369,369,394,394,418,418,433,433,552,552,573,573,573,593,613,646,54,54,54,77,77,91,91,91,91,91],"floor_reached":33,"campfire_rested":6,"playtime":4148,"current_hp_per_floor":[70,70,65,65,65,25,46,45,45,29,50,38,59,56,56,13,70,45,35,35,27,24,3,3,13,13,11,11,9,19,19,29,0],"items_purged":["Injury"],"gold":91,"score":318,"play_id":"3a02e036-4c04-4e90-81a4-80bc9938e6c6","local_time":"20180404221721","is_prod":false,"is_daily":false,"is_ascension_mode":false,"campfire_upgraded":1,"timestamp":1522905441,"path_taken":["M","?","?","?","?","E","R","?","T","M","R","M","R","M","R","BOSS","M","?","?","M","?","E","$","R","T","M","?","?","R","?","R","BOSS"],"build_version":"2018-03-29v2","purchased_purges":1,"victory":false,"master_deck":["Defend_G","Defend_G","Defend_G","Defend_G","Defend_G","Strike_G","Strike_G","Strike_G","Strike_G","Survivor","Neutralize","Slice","Injury","Prepared","Deadly Poison","Venomology","Noxious Fumes+1","Deflect","Outmaneuver","Adrenaline","Choke+1","Ghostly","Ghostly","Ghostly","Ghostly","Ghostly","Sucker Punch","Acrobatics+1","Catalyst","Secret Technique","Escape Plan","Finisher","Catalyst","Backstab+1","Acrobatics+1"],"max_hp_per_floor":[70,70,70,70,70,70,70,70,70,70,70,70,70,70,70,70,70,70,35,35,35,35,35,35,35,35,35,35,35,35,35,35,35],"relics":["Ring of the Snake","Golden Idol","Bottled Flame","Gremlin Horn","Cursed Key","Omamori","Happy Flower","Snake Skull","Molten Egg 2","Toxic Egg 2"],"card_choices":[{"not_picked":["Dodge and Roll","Bane"],"picked":"Slice","floor":1},{"not_picked":["Bane","Underhanded Strike"],"picked":"Prepared","floor":3},{"not_picked":["Blade Dance","Sucker Punch"],"picked":"Deadly Poison","floor":6},{"not_picked":["Acrobatics","Caltrops"],"picked":"Venomology","floor":8},{"not_picked":["Deadly Poison","Backflip"],"picked":"Noxious Fumes","floor":10},{"not_picked":["Crippling Poison","Terror"],"picked":"Deflect","floor":12},{"not_picked":["Dagger Throw","PiercingWail"],"picked":"Outmaneuver","floor":14},{"not_picked":["Envenom","Bullet Time"],"picked":"Adrenaline","floor":16},{"not_picked":["Expertise","Deadly Poison"],"picked":"Choke","floor":18},{"not_picked":["Riddle With Holes","Heel Hook"],"picked":"Sucker Punch","floor":21},{"not_picked":["Poisoned Stab","Choke"],"picked":"Acrobatics","floor":22},{"not_picked":["A Thousand Cuts","Dash"],"picked":"Catalyst","floor":23},{"not_picked":["Crippling Poison","Flying Knee"],"picked":"Backstab","floor":27},{"not_picked":["Dagger Spray","Poisoned Stab"],"picked":"Acrobatics","floor":29}],"player_experience":53514,"potions_floor_usage":[6,10,16,16,16,16,18,18,21,22,23,27,27,33],"damage_taken":[{"damage":0,"enemies":"Jaw Worm","floor":1,"turns":7},{"damage":5,"enemies":"Small Slimes","floor":3,"turns":4},{"damage":40,"enemies":"Lagavulin","floor":6,"turns":16},{"damage":1,"enemies":"Cultist","floor":8,"turns":3},{"damage":16,"enemies":"Large Slime","floor":10,"turns":9},{"damage":12,"enemies":"2 Fungi Beasts","floor":12,"turns":4},{"damage":3,"enemies":"Red Slaver","floor":14,"turns":4},{"damage":58,"enemies":"Slime Boss","floor":16,"turns":13},{"damage":25,"enemies":"Shell Parasite","floor":18,"turns":6},{"damage":8,"enemies":"Chosen","floor":21,"turns":7},{"damage":3,"enemies":"Snake Plant","floor":22,"turns":5},{"damage":21,"enemies":"Book of Stabbing","floor":23,"turns":7},{"damage":2,"enemies":"Chosen and Byrds","floor":27,"turns":7},{"damage":2,"enemies":"Snecko","floor":29,"turns":6},{"damage":38,"enemies":"Automaton","floor":33,"turns":6}],"event_choices":[{"event_name":"Golden Idol","player_choice":"Take Wound","floor":2,"damage_taken":0},{"event_name":"Liars Game","player_choice":"agreed","floor":4,"damage_taken":0},{"event_name":"Living Wall","player_choice":"Forget","floor":5,"damage_taken":0},{"event_name":"Ghosts","player_choice":"Became a Ghost","floor":19,"damage_taken":0},{"event_name":"The Mausoleum","player_choice":"Yes","floor":28,"damage_taken":0},{"event_name":"Bonfire Elementals","player_choice":"BASIC","floor":31,"damage_taken":0}],"boss_relics":[{"not_picked":["Philosopher\u0027s Stone","Black Star"],"picked":"Cursed Key"}],"potions_floor_spawned":[3,10,16,21,27],"seed_played":"5588775622888796441","killed_by":"Automaton","ascension_level":0,"is_trial":false}