{"gold_per_floor":[116,191,43,43,218,218,233,233,311,329,348,101,117,117,117,245,245,270,345,363,10,34,34,72,72,72,72,92,111,135,50,50,174,174,199,219,219,239,239,239,260,291,291,307,326,23,23,37,37,37],"floor_reached":51,"playtime":2190,"items_purged":["Strike_B","Strike_B"],"score":989,"play_id":"d1c9a83f-131f-402a-8f5e-1ee12747cd07","local_time":"20181228010147","is_ascension_mode":true,"campfire_choices":[{"data":"Gash","floor":6,"key":"SMITH"},{"data":"Seek","floor":8,"key":"SMITH"},{"floor":15,"key":"REST"},{"data":"Gash","floor":23,"key":"SMITH"},{"data":"Gash","floor":25,"key":"SMITH"},{"data":"Reprogram","floor":27,"key":"SMITH"},{"floor":32,"key":"REST"},{"data":"FTL","floor":40,"key":"SMITH"},{"floor":49,"key":"REST"}],"neow_cost":"PERCENT_DAMAGE","seed_source_timestamp":629201215549532,"circlet_count":0,"master_deck":["Strike_B","Strike_B","Defend_B","Defend_B","Defend_B","Defend_B","Zap","Dualcast","Gash+1","Seek+1","Doubt","Go for the Eyes","Reprogram+1","Gash+1","Master of Strategy","Beam Cell","Parasite","All For One","Go for the Eyes","Self Repair","Gash+1","Clumsy","Hologram+1","Steam","FTL+1","Echo Form","Gash+1","All For One","Stack","Reprogram+1","Stack","Steam+1","Pain","Gash+1","Beam Cell+1"],"relics":["Cracked Core","Du-Vu Doll","Golden Idol","Question Card","Cursed Key","Gambling Chip","Bronze Scales","Dead Branch","Art of War","Orrery","Mummified Hand","Regal Pillow","Lantern"],"potions_floor_usage":[16,24,24,29,38,44,48,50,50],"damage_taken":[{"damage":0,"enemies":"2 Louse","floor":1,"turns":1},{"damage":8,"enemies":"Small Slimes","floor":7,"turns":2},{"damage":2,"enemies":"Jaw Worm","floor":10,"turns":3},{"damage":12,"enemies":"Large Slime","floor":11,"turns":4},{"damage":11,"enemies":"3 Louse","floor":13,"turns":2},{"damage":46,"enemies":"Slime Boss","floor":16,"turns":8},{"damage":1,"enemies":"3 Byrds","floor":18,"turns":3},{"damage":3,"enemies":"Chosen","floor":20,"turns":4},{"damage":0,"enemies":"Snecko","floor":22,"turns":2},{"damage":16,"enemies":"Book of Stabbing","floor":24,"turns":4},{"damage":0,"enemies":"Cultist and Chosen","floor":28,"turns":1},{"damage":12,"enemies":"Centurion and Healer","floor":29,"turns":3},{"damage":15,"enemies":"Snake Plant","floor":30,"turns":3},{"damage":11,"enemies":"Automaton","floor":33,"turns":5},{"damage":14,"enemies":"3 Shapes","floor":35,"turns":4},{"damage":0,"enemies":"Orb Walker","floor":36,"turns":2},{"damage":9,"enemies":"Transient","floor":38,"turns":5},{"damage":3,"enemies":"Sphere and 2 Shapes","floor":41,"turns":6},{"damage":0,"enemies":"Reptomancer","floor":42,"turns":5},{"damage":11,"enemies":"Maw","floor":44,"turns":3},{"damage":0,"enemies":"3 Darklings","floor":45,"turns":1},{"damage":16,"enemies":"Writhing Mass","floor":48,"turns":4},{"damage":23,"enemies":"Awakened One","floor":50,"turns":3}],"seed_played":"-8297024106655941853","potions_obtained":[{"floor":1,"key":"SpeedPotion"},{"floor":13,"key":"Swift Potion"},{"floor":16,"key":"Block Potion"},{"floor":22,"key":"SpeedPotion"},{"floor":30,"key":"Weak Potion"},{"floor":33,"key":"LiquidBronze"},{"floor":35,"key":"SkillPotion"},{"floor":41,"key":"Block Potion"},{"floor":44,"key":"AttackPotion"}],"is_trial":false,"path_per_floor":["M","?","$","?","?","R","M","R","T","M","M","$","M","?","R","B",null,"M","?","M","$","M","R","E","R","T","R","M","M","M","?","R","B",null,"M","M","?","M","?","R","M","E","T","M","M","$","?","M","R","B",null],"character_chosen":"DEFECT","items_purchased":["Seek","Master of Strategy","Gash","Gambling Chip","Lantern","FearPotion"],"campfire_rested":3,"item_purchase_floors":[3,12,21,21,46,46],"current_hp_per_floor":[54,43,43,43,43,43,35,35,35,33,21,21,10,27,47,1,52,51,45,42,42,42,42,33,33,33,33,33,28,20,20,40,36,61,47,47,47,45,45,45,49,56,56,45,45,45,45,29,63,40],"gold":37,"neow_bonus":"ONE_RARE_RELIC","is_prod":false,"is_daily":false,"chose_seed":false,"campfire_upgraded":6,"win_rate":0,"timestamp":1545955307,"path_taken":["M","?","$","?","?","R","M","R","T","M","M","?","M","?","R","BOSS","M","?","M","?","M","R","E","R","T","R","M","?","M","?","R","BOSS","M","M","?","M","?","R","M","E","T","M","?","$","?","M","R","BOSS"],"build_version":"2018-12-20","purchased_purges":2,"victory":true,"max_hp_per_floor":[75,75,75,69,69,69,69,69,69,69,69,69,69,69,69,69,69,69,69,69,69,69,69,69,69,69,69,69,69,69,69,69,69,69,69,69,69,69,69,69,69,69,69,69,69,69,66,66,66,66],"card_choices":[{"not_picked":["Undo","Ball Lightning"],"picked":"Gash","floor":1},{"not_picked":["Sweeping Beam","Stack"],"picked":"Go for the Eyes","floor":7},{"not_picked":["Double Energy","BootSequence","Barrage"],"picked":"Reprogram","floor":10},{"not_picked":["FTL","Biased Cognition","Ball Lightning"],"picked":"Gash","floor":11},{"not_picked":["Stack","Hologram","Force Field"],"picked":"Beam Cell","floor":13},{"not_picked":["Fission","Seek","Machine Learning"],"picked":"All For One","floor":16},{"not_picked":["Melter","Redo","Undo"],"picked":"Go for the Eyes","floor":18},{"not_picked":["Loop","Turbo","Stack"],"picked":"Self Repair","floor":20},{"not_picked":["Turbo","Rainbow","Loop","White Noise"],"picked":"SKIP","floor":22},{"not_picked":["Hello World","Tempest+1","Rebound","Beam Cell"],"picked":"SKIP","floor":24},{"not_picked":["Sweeping Beam+1","Coolheaded","Fusion"],"picked":"Hologram+1","floor":28},{"not_picked":["Stack+1","Sweeping Beam","Ball Lightning"],"picked":"Steam","floor":29},{"not_picked":["Static Discharge","Recycle","Compile Driver"],"picked":"FTL","floor":30},{"not_picked":["Electrodynamics","Thunder Strike","Reboot"],"picked":"Echo Form","floor":33},{"not_picked":["Coolheaded","Stack+1","Beam Cell+1"],"picked":"Gash+1","floor":34},{"not_picked":["Steam","Heatsinks","Rebound"],"picked":"All For One","floor":34},{"not_picked":["Capacitor","Compile Driver","Lockon+1"],"picked":"Stack","floor":34},{"not_picked":["White Noise","Redo","Skim+1"],"picked":"Reprogram+1","floor":35},{"not_picked":["Cold Snap","Go for the Eyes","Sweeping Beam"],"picked":"Stack","floor":36},{"not_picked":["Go for the Eyes","Ball Lightning+1","Compile Driver"],"picked":"Steam+1","floor":38},{"not_picked":["Reinforced Body+1","Streamline","Force Field+1","Steam"],"picked":"SKIP","floor":41},{"not_picked":["FTL","Stack","Tempest","Turbo+1"],"picked":"SKIP","floor":42},{"not_picked":["Fission","Doom and Gloom","Beam Cell+1"],"picked":"Gash+1","floor":44},{"not_picked":["Undo+1","Go for the Eyes","Darkness+1","Scrape"],"picked":"SKIP","floor":45},{"not_picked":["Auto Shields+1","Loop","Reprogram"],"picked":"Beam Cell+1","floor":48}],"player_experience":346945,"relics_obtained":[{"floor":9,"key":"Question Card"},{"floor":24,"key":"Bronze Scales"},{"floor":26,"key":"Dead Branch"},{"floor":42,"key":"Mummified Hand"},{"floor":43,"key":"Regal Pillow"}],"event_choices":[{"damage_healed":0,"gold_gain":75,"player_choice":"Gather Gold","damage_taken":11,"max_hp_gain":0,"max_hp_loss":0,"event_name":"World of Goop","floor":2,"gold_loss":0},{"damage_healed":0,"gold_gain":0,"player_choice":"Lose Max HP","damage_taken":0,"relics_obtained":["Golden Idol"],"max_hp_gain":0,"max_hp_loss":6,"event_name":"Golden Idol","floor":4,"gold_loss":0},{"damage_healed":0,"gold_gain":175,"player_choice":"AGREE","damage_taken":0,"max_hp_gain":0,"max_hp_loss":0,"event_name":"Liars Game","floor":5,"gold_loss":0,"cards_obtained":["Doubt"]},{"damage_healed":17,"gold_gain":0,"player_choice":"Healed and dodged fight","damage_taken":0,"max_hp_gain":0,"max_hp_loss":0,"event_name":"Mushrooms","floor":14,"gold_loss":0,"cards_obtained":["Parasite"]},{"damage_healed":0,"gold_gain":75,"player_choice":"Touch","damage_taken":6,"max_hp_gain":0,"max_hp_loss":0,"event_name":"FaceTrader","floor":19,"gold_loss":0},{"damage_healed":0,"gold_gain":0,"player_choice":"Obtained Relic","damage_taken":0,"relics_obtained":["Art of War"],"max_hp_gain":0,"max_hp_loss":0,"event_name":"Addict","floor":31,"gold_loss":85},{"damage_healed":0,"gold_gain":0,"player_choice":"Ignored","damage_taken":0,"max_hp_gain":0,"max_hp_loss":0,"event_name":"Tomb of Lord Red Mask","floor":37,"gold_loss":0},{"damage_healed":0,"gold_gain":0,"player_choice":"Bought 0 Potions","damage_taken":0,"max_hp_gain":0,"max_hp_loss":0,"event_name":"The Woman in Blue","floor":39,"gold_loss":0},{"damage_healed":0,"gold_gain":0,"player_choice":"Max HP","damage_taken":0,"max_hp_gain":0,"max_hp_loss":3,"event_name":"Winding Halls","floor":47,"gold_loss":0}],"is_beta":false,"boss_relics":[{"not_picked":["Pandora\u0027s Box","Busted Crown"],"picked":"Cursed Key"},{"not_picked":["Runic Pyramid","White Beast Statue"],"picked":"Orrery"}],"items_purged_floors":[12,46],"is_endless":false,"potions_floor_spawned":[1,13,16,22,30,33,35,36,41,44],"ascension_level":5}