{"gold_per_floor":[116,41,141,118,132,164,164,176,176,176,203,203,218,80,80,176,176,190,119,119,119,132,132,142,174,247,247,265,265,283,300,300,396,396,416,429,439,456,474,499,518,518,570,599,599,610,610,630,630,630],"floor_reached":50,"playtime":1611,"items_purged":["Defend_R","Defend_R"],"score":561,"play_id":"907a9ee4-be24-49d1-9d0c-ec4a9e7e7b9e","local_time":"20180704130406","is_ascension_mode":false,"campfire_choices":[{"data":"Clash","floor":7,"key":"SMITH"},{"data":"Sever Soul","floor":12,"key":"SMITH"},{"data":"Rampage","floor":15,"key":"SMITH"},{"data":"Sword Boomerang","floor":23,"key":"SMITH"},{"data":"Inflame","floor":27,"key":"SMITH"},{"data":"Metallicize","floor":29,"key":"SMITH"},{"data":"Iron Wave","floor":32,"key":"SMITH"},{"data":"Fiend Fire","floor":42,"key":"SMITH"},{"data":"Bludgeon","floor":45,"key":"SMITH"},{"data":"Bash","floor":49,"key":"SMITH"}],"neow_cost":"NONE","seed_source_timestamp":298914384976747,"circlet_count":0,"master_deck":["Strike_R","Strike_R","Strike_R","Strike_R","Strike_R","Bash+1","Clash+1","Clash+1","Sever Soul+1","Sword Boomerang+1","Rampage+1","Battle Trance+1","Bludgeon+1","Immolate+1","Sever Soul+1","Intimidate+1","Iron Wave+1","Metallicize+1","Flex+1","Inflame+1","Havoc+1","Fiend Fire+1","Havoc+1","Warcry+1","Offering+1","Pummel+1","PanicButton+1"],"relics":["Burning Blood","NeowsBlessing","Bird Faced Urn","Red Skull","Toxic Egg 2","Astrolabe","Orichalcum","Frozen Egg 2","Coffee Dripper","Omamori","Bronze Scales","Juzu Bracelet"],"potions_floor_usage":[22,33,33,50,50],"damage_taken":[{"damage":0,"enemies":"Small Slimes","floor":1,"turns":1},{"damage":0,"enemies":"Cultist","floor":5,"turns":1},{"damage":0,"enemies":"Lagavulin","floor":6,"turns":1},{"damage":1,"enemies":"Jaw Worm","floor":8,"turns":2},{"damage":14,"enemies":"Gremlin Nob","floor":11,"turns":3},{"damage":9,"enemies":"3 Louse","floor":13,"turns":2},{"damage":35,"enemies":"The Guardian","floor":16,"turns":7},{"damage":18,"enemies":"Shell Parasite","floor":18,"turns":4},{"damage":10,"enemies":"3 Byrds","floor":22,"turns":4},{"damage":34,"enemies":"Snake Plant","floor":24,"turns":3},{"damage":22,"enemies":"Gremlin Leader","floor":25,"turns":4},{"damage":2,"enemies":"Cultist and Chosen","floor":28,"turns":3},{"damage":9,"enemies":"Snecko","floor":30,"turns":3},{"damage":0,"enemies":"Centurion and Healer","floor":31,"turns":3},{"damage":54,"enemies":"Collector","floor":33,"turns":8},{"damage":9,"enemies":"3 Shapes","floor":35,"turns":1},{"damage":3,"enemies":"Flame Bruiser 1 Orb","floor":36,"turns":3},{"damage":22,"enemies":"4 Shapes","floor":37,"turns":2},{"damage":3,"enemies":"Spire Growth","floor":38,"turns":4},{"damage":15,"enemies":"3 Darklings","floor":39,"turns":2},{"damage":28,"enemies":"2 Orb Walkers","floor":40,"turns":4},{"damage":4,"enemies":"Maw","floor":41,"turns":4},{"damage":16,"enemies":"Nemesis","floor":44,"turns":3},{"damage":0,"enemies":"Transient","floor":46,"turns":5},{"damage":23,"enemies":"4 Shapes","floor":48,"turns":4},{"damage":58,"enemies":"Time Eater","floor":50,"turns":6}],"seed_played":"-7282368743688895243","potions_obtained":[{"floor":5,"key":"BloodPotion"},{"floor":8,"key":"PowerPotion"},{"floor":22,"key":"Swift Potion"},{"floor":28,"key":"Weak Potion"},{"floor":31,"key":"BloodPotion"},{"floor":35,"key":"Swift Potion"},{"floor":38,"key":"LiquidBronze"},{"floor":46,"key":"Fire Potion"}],"is_trial":false,"path_per_floor":["M","$","?","$","M","E","R","M","T","?","E","R","M","$","R","B",null,"M","$","?","?","M","R","M","E","T","R","M","R","M","M","R","B",null,"M","M","M","M","M","E","M","R","T","E","R","M","?","M","R"],"character_chosen":"IRONCLAD","items_purchased":["Clash","Battle Trance+1","Metallicize"],"campfire_rested":0,"item_purchase_floors":[4,14,19],"current_hp_per_floor":[80,80,80,80,80,80,80,80,80,80,72,72,69,69,69,40,80,68,68,68,68,68,68,42,28,28,28,36,36,33,41,41,13,80,77,80,64,69,60,40,46,46,46,38,38,48,48,35,35,0],"gold":630,"neow_bonus":"THREE_ENEMY_KILL","is_prod":false,"is_daily":false,"chose_seed":false,"campfire_upgraded":10,"win_rate":0,"timestamp":1530723846,"path_taken":["M","$","?","$","M","E","R","M","T","?","E","R","M","?","R","BOSS","M","$","?","?","?","R","M","E","T","R","M","R","M","M","R","BOSS","M","M","M","M","M","E","M","R","T","E","R","M","?","M","R","BOSS"],"build_version":"2018-07-02","purchased_purges":2,"victory":false,"max_hp_per_floor":[80,80,80,80,80,80,80,80,80,80,80,80,80,80,80,80,80,80,80,80,80,80,80,80,80,80,80,80,80,80,80,80,80,80,80,80,80,80,80,80,80,80,80,80,80,80,80,80,80,80],"card_choices":[{"not_picked":["Rage","Flex"],"picked":"Perfected Strike","floor":1},{"not_picked":["Dropkick","Havoc"],"picked":"Clash","floor":5},{"not_picked":["Ghostly Armor","Pommel Strike"],"picked":"Sever Soul","floor":6},{"not_picked":["Entrench","Armaments","Burning Pact"],"picked":"SKIP","floor":8},{"not_picked":["Rupture","Ghostly Armor"],"picked":"Sword Boomerang","floor":11},{"not_picked":["Flame Barrier+1","Flex+1"],"picked":"Rampage","floor":13},{"not_picked":["Barricade","Brutality"],"picked":"Bludgeon","floor":16},{"not_picked":["Shrug It Off+1","Iron Wave","Clothesline"],"picked":"SKIP","floor":18},{"not_picked":["Shrug It Off+1","Clothesline"],"picked":"Iron Wave","floor":18},{"not_picked":["Warcry+1","Iron Wave"],"picked":"Flex+1","floor":22},{"not_picked":["Body Slam","Ghostly Armor+1","Shrug It Off+1"],"picked":"SKIP","floor":24},{"not_picked":["Anger+1","Berserk"],"picked":"Inflame","floor":25},{"not_picked":["Second Wind+1","Twin Strike+1"],"picked":"Havoc+1","floor":28},{"not_picked":["Rupture+1","Shrug It Off+1","Anger"],"picked":"SKIP","floor":30},{"not_picked":["Sword Boomerang","Body Slam","Perfected Strike+1"],"picked":"SKIP","floor":31},{"not_picked":["Berserk+1","Exhume+1"],"picked":"Fiend Fire","floor":33},{"not_picked":["True Grit+1","Wild Strike+1"],"picked":"Havoc+1","floor":35},{"not_picked":["Anger","Combust+1"],"picked":"Warcry+1","floor":36},{"not_picked":["Clothesline+1","True Grit+1","Shrug It Off+1"],"picked":"SKIP","floor":37},{"not_picked":["Sword Boomerang","Carnage"],"picked":"Offering+1","floor":38},{"not_picked":["Wild Strike+1","Corruption+1"],"picked":"Pummel+1","floor":39},{"not_picked":["Warcry+1","Seeing Red+1","Perfected Strike"],"picked":"SKIP","floor":40},{"not_picked":["Armaments+1","Shrug It Off+1","Brutality+1"],"picked":"SKIP","floor":41},{"not_picked":["Havoc+1","Shrug It Off+1","Body Slam"],"picked":"SKIP","floor":44},{"not_picked":["Warcry+1","Heavy Blade","Pommel Strike+1"],"picked":"SKIP","floor":46},{"not_picked":["Panache+1","Madness+1"],"picked":"PanicButton+1","floor":47},{"not_picked":["Armaments+1","Headbutt","Clothesline+1"],"picked":"SKIP","floor":48}],"player_experience":588044,"relics_obtained":[{"floor":6,"key":"Bird Faced Urn"},{"floor":9,"key":"Red Skull"},{"floor":11,"key":"Toxic Egg 2"},{"floor":25,"key":"Orichalcum"},{"floor":26,"key":"Frozen Egg 2"},{"floor":40,"key":"Omamori"},{"floor":43,"key":"Bronze Scales"},{"floor":44,"key":"Juzu Bracelet"}],"event_choices":[{"event_name":"Golden Shrine","player_choice":"Pray","floor":3,"damage_taken":0},{"event_name":"Upgrade Shrine","player_choice":"Upgraded","floor":10,"damage_taken":0},{"event_name":"Ghosts","player_choice":"Ignored","floor":20,"damage_taken":0},{"event_name":"Drug Dealer","player_choice":"Ignored","floor":21,"damage_taken":0},{"event_name":"SensoryStone","player_choice":"Memory 1","floor":47,"damage_taken":0}],"boss_relics":[{"not_picked":["Runic Cube","Orrery"],"picked":"Astrolabe"},{"not_picked":["Black Star","White Beast Statue"],"picked":"Coffee Dripper"}],"items_purged_floors":[2,14],"is_endless":false,"potions_floor_spawned":[5,8,22,28,30,31,35,38,40,46,48],"killed_by":"Time Eater","ascension_level":0}