{"path_per_floor":["M","M","?","M","M","E","R","E","T","E","$","M","M","?","R","B",null,"M","$","?","?","M"],"character_chosen":"THE_SILENT","items_purchased":["Regal Pillow","Envenom"],"gold_per_floor":[117,134,134,151,163,190,190,220,220,248,24,42,57,57,57,156,156,167,21,21,21,33,33],"floor_reached":23,"campfire_rested":1,"playtime":4120,"current_hp_per_floor":[68,62,48,46,18,35,35,27,27,17,17,17,11,11,51,25,84,64,64,56,56,37,0],"items_purged":["Strike_G"],"gold":33,"score":243,"play_id":"161ca11f-a80f-42eb-89b5-b9cf070d0721","local_time":"20180417195724","is_prod":false,"is_daily":false,"chose_seed":false,"is_ascension_mode":true,"campfire_upgraded":1,"timestamp":1524009444,"path_taken":["M","M","?","M","M","E","R","E","T","E","$","?","M","?","R","BOSS","M","$","?","?","M","E"],"build_version":"2018-04-12","seed_source_timestamp":1451471155382174,"purchased_purges":1,"victory":false,"master_deck":["Defend_G","Defend_G","Defend_G","Defend_G","Defend_G","Strike_G","Strike_G","Strike_G","Strike_G+1","Survivor+1","Neutralize+1","Dash","Deadly Poison","Choke","Heel Hook","Sucker Punch","Leg Sweep","Escape Plan","Underhanded Strike","Glass Knife","Quick Slash","Envenom"],"max_hp_per_floor":[70,70,70,70,70,70,70,84,84,84,84,84,84,84,84,84,84,84,84,84,84,84,84],"relics":["Lizard Tail","Happy Flower","Mango","Ginger","Blue Candle","Regal Pillow","Snecko Eye"],"card_choices":[{"not_picked":["Flying Knee","Underhanded Strike"],"picked":"Dash","floor":2},{"not_picked":["Underhanded Strike","PiercingWail"],"picked":"Deadly Poison","floor":4},{"not_picked":["Calculated Gamble","Poisoned Stab"],"picked":"Choke","floor":5},{"not_picked":["Crippling Poison","Finisher"],"picked":"Heel Hook","floor":6},{"not_picked":["Distraction","Backflip"],"picked":"Sucker Punch","floor":8},{"not_picked":["Backflip","Acrobatics"],"picked":"Leg Sweep","floor":10},{"not_picked":["Reflex","Flying Knee"],"picked":"Escape Plan","floor":12},{"not_picked":["Tools of the Trade","Finisher"],"picked":"Underhanded Strike","floor":13},{"not_picked":["A Thousand Cuts","Storm of Steel"],"picked":"Glass Knife","floor":16},{"not_picked":["Expertise","Dagger Throw"],"picked":"Quick Slash","floor":18}],"player_experience":362478,"potions_floor_usage":[6,23,23],"damage_taken":[{"damage":2,"enemies":"Cultist","floor":1,"turns":5},{"damage":6,"enemies":"2 Louse","floor":2,"turns":3},{"damage":2,"enemies":"Jaw Worm","floor":4,"turns":4},{"damage":28,"enemies":"Exordium Thugs","floor":5,"turns":6},{"damage":22,"enemies":"3 Sentries","floor":6,"turns":12},{"damage":22,"enemies":"Lagavulin","floor":8,"turns":7},{"damage":10,"enemies":"Gremlin Nob","floor":10,"turns":4},{"damage":0,"enemies":"Blue Slaver","floor":12,"turns":3},{"damage":6,"enemies":"2 Fungi Beasts","floor":13,"turns":4},{"damage":26,"enemies":"Hexaghost","floor":16,"turns":12},{"damage":20,"enemies":"3 Byrds","floor":18,"turns":5},{"damage":19,"enemies":"Shell Parasite","floor":22,"turns":6},{"damage":37,"enemies":"Book of Stabbing","floor":23,"turns":3}],"event_choices":[{"event_name":"Shining Light","player_choice":"Entered Light","floor":3,"damage_taken":0},{"event_name":"Liars Game","player_choice":"disagreed","floor":14,"damage_taken":0},{"event_name":"Knowing Skull","player_choice":"","floor":20,"damage_taken":0},{"event_name":"Drug Dealer","player_choice":"Ignored","floor":21,"damage_taken":0}],"boss_relics":[{"not_picked":["Runic Dome","Pandora\u0027s Box"],"picked":"Snecko Eye"}],"potions_floor_spawned":[4,5,10,12,16],"seed_played":"-1191135773440066395","killed_by":"Book of Stabbing","ascension_level":3,"is_trial":false}