{"path_per_floor":["M","$","M","?","?","R","M","M","T","?","R","T","$","?","R","B",null,"M","?","$","M","M","R","M","R","T","R","M","?","M","$","R","B",null,"M","?","?","?","$","R","E","M","T","R","M","E","R","M","R"],"character_chosen":"DEFECT","items_purchased":["FTL","Reboot","Sunder","Capacitor","FTL"],"gold_per_floor":[119,10,23,23,23,23,39,56,56,131,131,185,22,22,22,124,124,136,136,36,50,64,64,78,78,78,78,95,95,111,33,33,132,132,152,152,152,152,23,23,58,74,98,98,114,176,176,196,196,196],"floor_reached":50,"campfire_rested":4,"playtime":5275,"current_hp_per_floor":[68,68,66,54,54,54,54,53,53,42,42,42,42,75,75,28,63,61,47,47,46,45,45,34,34,44,44,27,11,11,11,38,14,71,61,50,50,50,50,50,14,12,12,39,37,16,43,30,57,0],"items_purged":["Strike_B","Strike_B"],"gold":196,"score":659,"play_id":"18b7eb5f-9b1e-49ca-9c77-2532446c53fa","local_time":"20180501221557","is_prod":false,"is_daily":false,"chose_seed":false,"is_ascension_mode":true,"campfire_upgraded":7,"timestamp":1525238157,"path_taken":["M","?","?","?","?","R","M","M","T","?","R","?","$","?","R","BOSS","M","?","$","M","M","R","M","R","T","R","M","?","M","$","R","BOSS","M","?","?","?","$","R","E","M","T","R","?","E","R","M","R","BOSS"],"build_version":"2018-05-01","seed_source_timestamp":0,"purchased_purges":2,"victory":false,"master_deck":["Strike_B","Defend_B","Defend_B","Defend_B","Defend_B","Zap+1","Dualcast+1","Go for the Eyes+1","FTL+1","Hologram+1","Reboot+1","Echo Form","Chaos+1","Cold Snap+1","Consume+1","Chill","Necronomicurse","Sunder+1","Creative AI","Turbo+1","Madness","Madness","Capacitor+1","FTL+1","Scrape+1","Glacier"],"max_hp_per_floor":[75,75,75,75,75,75,75,75,75,75,75,75,75,75,75,75,75,75,80,80,80,80,80,80,80,90,90,90,90,90,90,90,90,90,90,90,90,90,90,90,90,90,90,90,90,90,90,90,90,90],"relics":["Cracked Core","Torii","Molten Egg 2","Orichalcum","Sozu","Pear","Necronomicon","Nuclear Battery","Mercury Hourglass","Oddly Smooth Stone","Tiny Chest"],"card_choices":[{"not_picked":["Loop","Beam Cell"],"picked":"Go for the Eyes","floor":1.0},{"not_picked":["Reprogram","Stack"],"picked":"Hologram","floor":3.0},{"not_picked":["Creative AI","Fusion"],"picked":"Echo Form","floor":16.0},{"not_picked":["Impulse","Genetic Algorithm"],"picked":"Chaos","floor":18.0},{"not_picked":["Go for the Eyes","Stack"],"picked":"Cold Snap","floor":21.0},{"not_picked":["Stack","Turbo"],"picked":"Consume","floor":24.0},{"not_picked":["Rebound","Ball Lightning"],"picked":"Chill","floor":28.0},{"not_picked":["Meteor Strike","Rainbow"],"picked":"Creative AI","floor":33.0},{"not_picked":["Consume","Cold Snap"],"picked":"Turbo","floor":35.0},{"not_picked":["Go for the Eyes","Turbo"],"picked":"Scrape","floor":45},{"not_picked":["Turbo","Chaos"],"picked":"Glacier","floor":46}],"player_experience":512565,"potions_floor_usage":[],"damage_taken":[{"damage":0.0,"enemies":"Cultist","floor":1.0,"turns":3.0},{"damage":2.0,"enemies":"2 Louse","floor":3.0,"turns":2.0},{"damage":0.0,"enemies":"Jaw Worm","floor":7.0,"turns":2.0},{"damage":1.0,"enemies":"3 Louse","floor":8.0,"turns":2.0},{"damage":47.0,"enemies":"Hexaghost","floor":16.0,"turns":11.0},{"damage":2.0,"enemies":"3 Byrds","floor":18.0,"turns":4.0},{"damage":1.0,"enemies":"2 Thieves","floor":21.0,"turns":3.0},{"damage":1.0,"enemies":"Snecko","floor":22.0,"turns":5.0},{"damage":11.0,"enemies":"Sentry and Sphere","floor":24.0,"turns":5.0},{"damage":17.0,"enemies":"Snake Plant","floor":28.0,"turns":5.0},{"damage":0.0,"enemies":"3 Cultists","floor":30.0,"turns":5.0},{"damage":39.0,"enemies":"Champ","floor":33.0,"turns":8.0},{"damage":10.0,"enemies":"3 Darklings","floor":35.0,"turns":4.0},{"damage":36.0,"enemies":"2 Orb Walkers","floor":41.0,"turns":7.0},{"damage":2.0,"enemies":"3 Shapes","floor":42.0,"turns":2.0},{"damage":2,"enemies":"Flame Bruiser 2 Orb","floor":45,"turns":5},{"damage":21,"enemies":"Nemesis","floor":46,"turns":5},{"damage":13,"enemies":"Maw","floor":48,"turns":7},{"damage":57,"enemies":"Time Eater","floor":50,"turns":5}],"event_choices":[{"event_name":"Scrap Ooze","player_choice":"success","floor":4.0,"damage_taken":12.0},{"event_name":"Living Wall","player_choice":"Forget","floor":5.0,"damage_taken":0.0},{"event_name":"World of Goop","player_choice":"Gather Gold","floor":10.0,"damage_taken":0.0},{"event_name":"Wheel of Change","player_choice":"Full Heal","floor":14.0,"damage_taken":0.0},{"event_name":"Forgotten Altar","player_choice":"Shed Blood","floor":19.0,"damage_taken":0.0},{"event_name":"Cursed Tome","player_choice":"Obtained Book","floor":29.0,"damage_taken":0.0},{"event_name":"Winding Halls","player_choice":"Embrace Madness","floor":36.0,"damage_taken":0.0},{"event_name":"Tomb of Lord Red Mask","player_choice":"Ignored","floor":37.0,"damage_taken":0.0},{"event_name":"Mysterious Sphere","player_choice":"Ignore","floor":38.0,"damage_taken":0.0}],"boss_relics":[],"potions_floor_spawned":[1,8,16,21,22,24,35,41],"seed_played":"-2913935303426181682","killed_by":"Time Eater","ascension_level":6,"is_trial":false}