{"path_per_floor":["M","M","M","M","$","E","R","M","T","?","R","M","M","?","R","B",null,"M","M","?","$","?","R","E","R","T","M","E","R","M","M","R"],"character_chosen":"IRONCLAD","items_purchased":["Gremlin Horn","Heavy Blade"],"gold_per_floor":[217,227,238,258,17,49,49,66,66,66,66,83,93,93,93,195,195,212,230,230,110,210,210,236,236,236,254,279,279,295,315,315],"floor_reached":33,"campfire_rested":6,"playtime":909,"current_hp_per_floor":[80,75,80,72,72,46,46,31,31,31,55,39,38,38,62,30,80,67,39,39,39,39,63,17,41,41,43,11,35,24,9,33],"items_purged":["Strike_R"],"gold":315,"score":347,"play_id":"77d5b006-d735-457a-8b21-a79d10b4e73f","local_time":"20180320235143","is_prod":false,"is_daily":false,"is_ascension_mode":true,"campfire_upgraded":1,"timestamp":1521604303,"path_taken":["M","M","M","M","$","E","R","M","T","?","R","M","M","?","R","BOSS","M","M","?","?","?","R","E","R","T","M","E","R","M","M","R","BOSS"],"build_version":"2018-03-15v3","purchased_purges":1,"victory":false,"master_deck":["Strike_R+1","Strike_R+1","Strike_R","Strike_R","Defend_R","Defend_R","Defend_R","Defend_R","Bash","Pommel Strike","Infernal Blade","Flex+1","Demon Form+1","Battle Trance","Offering+1","Heavy Blade","Shrug It Off+1","Evolve"],"max_hp_per_floor":[80,80,80,80,80,80,80,80,80,80,80,80,80,80,80,80,80,80,80,80,80,80,80,80,80,80,80,80,80,80,80,80],"relics":["Burning Blood","Gremlin Horn","Red Skull","Torii","Mark of Pain","Whetstone","Unceasing Top","Orichalcum"],"card_choices":[{"not_picked":["Warcry","Headbutt"],"picked":"Pommel Strike"},{"not_picked":["True Grit","Uppercut"],"picked":"Infernal Blade"},{"not_picked":["Evolve","Power Through"],"picked":"Flex"},{"not_picked":["Clash","Uppercut"],"picked":"Demon Form"},{"not_picked":["Shockwave","Bloodletting"],"picked":"Battle Trance"},{"not_picked":["Brutality","Barricade"],"picked":"Offering"},{"not_picked":["Anger","Inflame"],"picked":"Shrug It Off"},{"not_picked":["Cleave","Clash"],"picked":"Evolve"}],"player_experience":223530,"potions_floor_usage":[28,28,28,31],"damage_taken":[{"damage":5,"enemies":"Small Slimes","floor":1,"turns":3},{"damage":11,"enemies":"Cultist","floor":2,"turns":4},{"damage":1,"enemies":"2 Louse","floor":3,"turns":2},{"damage":14,"enemies":"Red Slaver","floor":4,"turns":2},{"damage":32,"enemies":"Gremlin Nob","floor":6,"turns":4},{"damage":21,"enemies":"3 Louse","floor":8,"turns":2},{"damage":22,"enemies":"Blue Slaver","floor":12,"turns":4},{"damage":7,"enemies":"Exordium Thugs","floor":13,"turns":4},{"damage":38,"enemies":"Slime Boss","floor":16,"turns":6},{"damage":19,"enemies":"3 Byrds","floor":18,"turns":5},{"damage":34,"enemies":"Spheric Guardian","floor":19,"turns":4},{"damage":52,"enemies":"Book of Stabbing","floor":24,"turns":4},{"damage":4,"enemies":"Snecko","floor":27,"turns":2},{"damage":47,"enemies":"Slavers","floor":28,"turns":5},{"damage":17,"enemies":"Snake Plant","floor":30,"turns":2},{"damage":21,"enemies":"Centurion and Healer","floor":31,"turns":4},{"damage":63,"enemies":"Collector","floor":33,"turns":6}],"event_choices":[{"event_name":"Scrap Ooze","player_choice":"unsuccessful","floor":10,"damage_taken":0},{"event_name":"Upgrade Shrine","player_choice":"Upgraded","floor":14,"damage_taken":0},{"event_name":"Upgrade Shrine","player_choice":"Upgraded","floor":20,"damage_taken":0},{"event_name":"Golden Shrine","player_choice":"Pray","floor":22,"damage_taken":0}],"boss_relics":[{"not_picked":["Astrolabe","White Beast Statue"],"picked":"Mark of Pain"}],"potions_floor_spawned":[3,4,8,16,18,19,27,28,31],"seed_played":"-3817964103092296740","killed_by":"Collector","ascension_level":4,"is_trial":false}