{"path_per_floor":["M","?","?","?","$","R","E","R","T","M","R","E","$","M","R","B",null,"M","?","$","M","$","R","M","R","T","?","E","R","M","M","R","B",null,"M","M","$","?","M","$","M","R","T","R","E","?","?","E","R","B",null,"M","$","M","M","M","R","M","R","T","E","M","M","?","?","R","B",null,"M","?","$","M","$","R","M","R","T","M","E","R","?","M","R","B",null,"M","M","$","T","M","$","M","R","T","R","E","$","E","M","R","B",null,"M","$","M","M","M","R","M","R","T","M","E","?","?","M","R","B",null,"M","?","$","M","$","R","T","?","T","R","?","$","R","M","R","B",null,"M","M","$","?","M","$","M","R","T","$","E","?","?","?","R"],"character_chosen":"IRONCLAD","items_purchased":["Searing Blow","Dual Wield","Bottled Flame","Armaments","Blue Candle","Lantern","Paper Frog","Offering","Omamori","Matryoshka","Gremlin Horn","Bag of Preparation","Mango","Peace Pipe"],"gold_per_floor":[119,119,194,194,120,120,155,155,155,180,180,215,103,128,128,247,247,260,359,57,76,26,26,42,42,42,42,78,78,98,111,111,231,231,244,259,16,75,100,50,74,74,150,150,194,194,0,43,43,174,174,187,137,156,181,202,202,226,226,226,266,287,311,311,311,311,432,432,457,457,283,298,248,248,272,272,272,293,354,354,453,473,473,598,598,613,633,331,331,355,186,199,199,199,199,230,180,220,233,233,358,358,372,322,346,359,383,383,406,406,433,446,790,890,890,915,915,1045,1045,1063,1063,812,831,166,166,166,81,81,81,81,31,31,46,46,170,170,183,197,147,369,393,102,121,121,121,71,112,112,112,112,112,112],"floor_reached":152,"campfire_rested":1,"playtime":3245,"item_purchase_floors":[5,13,20,20,37,71,88,88,91,122,124,124,124,142],"current_hp_per_floor":[80,60,49,49,49,49,55,55,55,61,61,64,64,70,70,34,80,80,80,80,80,80,80,80,80,80,80,54,54,60,62,62,25,80,72,69,69,75,67,67,64,64,64,64,66,66,66,68,68,43,80,80,80,80,80,80,80,80,80,80,80,80,80,73,90,90,90,90,90,90,90,90,90,90,90,90,90,90,90,90,90,90,90,90,90,90,90,90,90,83,83,84,84,84,84,90,90,90,90,90,90,90,88,88,90,90,59,59,65,65,65,75,73,73,73,83,83,84,90,90,90,90,90,104,104,117,127,133,133,133,133,133,135,135,100,137,139,141,141,141,133,133,50,110,116,116,77,83,83,129,129,0],"items_purged":["Strike_R","Strike_R","Strike_R","Strike_R","Strike_R","Defend_R","Defend_R","Normality","Decay","Normality","Clumsy","Blood for Blood","Shockwave","Uppercut","Doubt","Doubt","Clothesline+1","Thunderclap"],"gold":112,"score":3501,"play_id":"5a127924-adb8-4460-b4a1-2cad373f5f74","local_time":"20180615224126","is_prod":false,"is_daily":false,"chose_seed":false,"is_ascension_mode":false,"campfire_upgraded":28,"win_rate":0,"timestamp":1529116886,"campfire_choices":[{"data":"Searing Blow","floor":6,"key":"SMITH"},{"data":"Searing Blow+1","floor":8,"key":"SMITH"},{"data":"Searing Blow+2","floor":11,"key":"SMITH"},{"data":"Searing Blow+3","floor":15,"key":"SMITH"},{"data":"Searing Blow+4","floor":23,"key":"SMITH"},{"data":"Searing Blow+5","floor":25,"key":"SMITH"},{"data":"Searing Blow+6","floor":29,"key":"SMITH"},{"data":"Searing Blow+7","floor":32,"key":"SMITH"},{"data":"Searing Blow+8","floor":42,"key":"SMITH"},{"data":"Searing Blow+9","floor":44,"key":"SMITH"},{"data":"Searing Blow+10","floor":49,"key":"SMITH"},{"data":"Searing Blow+11","floor":57,"key":"SMITH"},{"data":"Searing Blow+12","floor":59,"key":"SMITH"},{"data":"Searing Blow+13","floor":66,"key":"SMITH"},{"data":"Searing Blow+15","floor":74,"key":"SMITH"},{"data":"Searing Blow+16","floor":76,"key":"SMITH"},{"data":"Searing Blow+17","floor":80,"key":"SMITH"},{"data":"Searing Blow+18","floor":83,"key":"SMITH"},{"data":"Searing Blow+19","floor":93,"key":"SMITH"},{"data":"Dual Wield","floor":95,"key":"SMITH"},{"data":"Searing Blow+20","floor":100,"key":"SMITH"},{"data":"Whirlwind","floor":108,"key":"SMITH"},{"data":"Flex","floor":110,"key":"SMITH"},{"data":"Secret Weapon","floor":117,"key":"SMITH"},{"data":"Seeing Red","floor":125,"key":"SMITH"},{"data":"Clothesline","floor":129,"key":"SMITH"},{"data":"Bash","floor":132,"key":"SMITH"},{"data":"Offering","floor":134,"key":"SMITH"},{"floor":144,"key":"REST"},{"floor":151,"key":"DIG"}],"path_taken":["M","?","?","?","$","R","E","R","T","M","R","E","?","M","R","BOSS","M","?","$","M","$","R","M","R","T","?","E","R","?","M","R","BOSS","M","M","$","?","M","$","M","R","T","R","E","?","?","E","R","BOSS","M","$","M","M","M","R","M","R","T","E","M","M","?","?","R","BOSS","M","?","$","M","$","R","M","R","T","?","E","R","?","M","R","BOSS","M","M","$","?","M","$","M","R","T","R","E","?","E","M","R","BOSS","M","$","M","M","M","R","M","R","T","M","E","?","?","M","R","BOSS","M","?","$","M","$","R","?","?","T","R","?","$","R","M","R","BOSS","M","M","$","?","M","$","M","R","T","$","E","?","?","?","R","BOSS"],"build_version":"2018-06-14v2","seed_source_timestamp":1387869702601809,"purchased_purges":18,"victory":false,"master_deck":["Bash+1","Disarm+1","Seeing Red+1","Dual Wield+1","Warcry+1","Offering","Secret Weapon+1","Offering+1","Battle Trance","Offering","Offering","Whirlwind+1","Flex+1","Normality","Finesse","Clumsy","Writhe"],"max_hp_per_floor":[80,80,80,80,80,80,80,80,80,80,80,80,80,80,80,80,80,80,80,80,80,80,80,80,80,80,80,80,80,80,80,80,80,80,80,80,80,80,80,80,80,80,80,80,80,80,80,80,80,80,80,80,80,80,80,80,80,80,80,80,80,80,80,80,90,90,90,90,90,90,90,90,90,90,90,90,90,90,90,90,90,90,90,90,90,90,90,90,90,90,90,90,90,90,90,90,90,90,90,90,90,90,90,90,90,90,90,90,90,90,90,90,90,90,90,90,90,90,90,90,90,90,90,104,104,117,127,133,133,133,133,133,135,135,137,137,139,141,141,141,143,143,145,147,153,153,155,161,161,167,167,167],"relics":["Black Blood","NeowsBlessing","Golden Idol","Smiling Mask","Thread and Needle","The Courier","Cursed Key","Bottled Flame","Bag of Marbles","Runic Dome","Blue Candle","Dead Branch","Bottled Lightning","Dream Catcher","Red Mask","Regal Pillow","Runic Cube","Turnip","Toolbox","Mercury Hourglass","Lantern","Pantograph","Empty Cage","Paper Frog","Self Forming Clay","Omamori","Ice Cream","Darkstone Periapt","Calipers","Philosopher\u0027s Stone","Juzu Bracelet","Old Coin","Busted Crown","Matryoshka","Gremlin Horn","Bag of Preparation","Mango","Singing Bowl","Strawberry","Pear","Art of War","Centennial Puzzle","Nloth\u0027s Gift","Fusion Hammer","Peace Pipe","Du-Vu Doll","Shovel","Torii"],"card_choices":[{"not_picked":["Infernal Blade","True Grit"],"picked":"Disarm","floor":1},{"not_picked":["Impervious","Armaments"],"picked":"Headbutt","floor":7},{"not_picked":["Ghostly Armor","Infernal Blade"],"picked":"Seeing Red","floor":10},{"not_picked":["Rampage","Uppercut","Cleave"],"picked":"SKIP","floor":12},{"not_picked":["Headbutt","Searing Blow"],"picked":"Thunderclap","floor":14},{"not_picked":["Limit Break","Demon Form"],"picked":"Impervious","floor":16},{"not_picked":["Hemokinesis","Havoc","Flex"],"picked":"SKIP","floor":18},{"not_picked":["Headbutt","Iron Wave+1","Armaments"],"picked":"SKIP","floor":21},{"not_picked":["Wild Strike","Rage+1","Havoc"],"picked":"SKIP","floor":24},{"not_picked":["Sword Boomerang","Heavy Blade"],"picked":"Warcry+1","floor":28},{"not_picked":["Shrug It Off","Fire Breathing"],"picked":"Offering","floor":30},{"not_picked":["Ghostly Armor","Infernal Blade","Power Through"],"picked":"SKIP","floor":31},{"not_picked":["Cleave","Thunderclap"],"picked":"Seeing Red","floor":35},{"not_picked":["Sentinel","Rampage","Dual Wield"],"picked":"SKIP","floor":36},{"not_picked":["Twin Strike","Heavy Blade+1","Warcry+1"],"picked":"SKIP","floor":39},{"not_picked":["Metallicize","Burning Pact","Sword Boomerang"],"picked":"SKIP","floor":41},{"not_picked":["Dark Embrace","Entrench","Combust+1"],"picked":"SKIP","floor":45},{"not_picked":["Swift Strike","Magnetism"],"picked":"Secret Weapon","floor":46},{"not_picked":["Evolve","True Grit+1","Heavy Blade"],"picked":"SKIP","floor":48},{"not_picked":["Metallicize","Perfected Strike","Rampage"],"picked":"SKIP","floor":52},{"not_picked":["Cleave","Spot Weakness","Clothesline"],"picked":"SKIP","floor":54},{"not_picked":["Twin Strike","Spot Weakness","Iron Wave"],"picked":"SKIP","floor":55},{"not_picked":["Anger","Heavy Blade","Havoc"],"picked":"SKIP","floor":56},{"not_picked":["Double Tap","Intimidate","Warcry"],"picked":"SKIP","floor":58},{"not_picked":["Entrench","Dual Wield","Wild Strike"],"picked":"SKIP","floor":61},{"not_picked":["Seeing Red","Iron Wave","Warcry"],"picked":"SKIP","floor":62},{"not_picked":["Cleave","Heavy Blade","Havoc"],"picked":"SKIP","floor":63},{"not_picked":["Limit Break","Feed"],"picked":"Offering","floor":67},{"not_picked":["Infernal Blade","Cleave","Headbutt"],"picked":"SKIP","floor":69},{"not_picked":["Body Slam+1","Havoc","Heavy Blade"],"picked":"SKIP","floor":72},{"not_picked":["Sentinel","Twin Strike","Pummel+1"],"picked":"SKIP","floor":75},{"not_picked":["Rampage","Anger+1","Hemokinesis"],"picked":"SKIP","floor":78},{"not_picked":["Thunderclap","Body Slam"],"picked":"Battle Trance","floor":79},{"not_picked":["Metallicize","Warcry","Havoc"],"picked":"SKIP","floor":82},{"not_picked":["Reaper","Juggernaut"],"picked":"Offering","floor":84},{"not_picked":["Thunderclap","Clothesline+1","Bloodletting+1"],"picked":"SKIP","floor":86},{"not_picked":["Hemokinesis","Seeing Red","Clash+1"],"picked":"SKIP","floor":87},{"not_picked":["Body Slam","Second Wind","Clothesline"],"picked":"SKIP","floor":90},{"not_picked":["Wild Strike","Power Through+1","Clothesline"],"picked":"SKIP","floor":92},{"not_picked":["Second Wind+1","Perfected Strike+1","Evolve+1"],"picked":"SKIP","floor":96},{"not_picked":["Reaper","Twin Strike","Havoc"],"picked":"SKIP","floor":98},{"not_picked":["Pommel Strike","Twin Strike","Shrug It Off+1"],"picked":"SKIP","floor":99},{"not_picked":["Armaments","Inflame","Sword Boomerang"],"picked":"SKIP","floor":103},{"not_picked":["Reckless Charge","Sentinel"],"picked":"Whirlwind","floor":105},{"not_picked":["Havoc","Anger","Pommel Strike"],"picked":"SKIP","floor":106},{"not_picked":["Anger","Second Wind","Dropkick"],"picked":"SKIP","floor":107},{"not_picked":["Dual Wield","Wild Strike"],"picked":"Flex","floor":109},{"not_picked":["Blood for Blood","Wild Strike","Reckless Charge"],"picked":"SKIP","floor":112},{"not_picked":["Uppercut","Feel No Pain","Clash"],"picked":"SKIP","floor":113},{"not_picked":["Intimidate","Seeing Red","Second Wind"],"picked":"SKIP","floor":116},{"not_picked":["True Grit+1"],"picked":"SKIP","floor":120},{"not_picked":["Clothesline"],"picked":"SKIP","floor":123},{"not_picked":["Headbutt"],"picked":"Singing Bowl","floor":133},{"not_picked":["Feed"],"picked":"Singing Bowl","floor":135},{"not_picked":["Evolve+1"],"picked":"Singing Bowl","floor":137},{"not_picked":["Whirlwind+1"],"picked":"Singing Bowl","floor":138},{"not_picked":["Anger"],"picked":"Singing Bowl","floor":141},{"not_picked":["Anger"],"picked":"Singing Bowl","floor":143},{"not_picked":["Armaments+1"],"picked":"Singing Bowl","floor":144},{"not_picked":["Bludgeon"],"picked":"Singing Bowl","floor":147}],"player_experience":558408,"potions_floor_usage":[12,28,28,50,50,135,135],"damage_taken":[{"damage":0,"enemies":"Jaw Worm","floor":1,"turns":1},{"damage":0,"enemies":"Lagavulin","floor":7,"turns":1},{"damage":0,"enemies":"Cultist","floor":10,"turns":1},{"damage":3,"enemies":"3 Sentries","floor":12,"turns":5},{"damage":0,"enemies":"2 Louse","floor":14,"turns":3},{"damage":42,"enemies":"Hexaghost","floor":16,"turns":8},{"damage":3,"enemies":"3 Byrds","floor":18,"turns":6},{"damage":0,"enemies":"Spheric Guardian","floor":21,"turns":5},{"damage":0,"enemies":"Snake Plant","floor":24,"turns":3},{"damage":32,"enemies":"Gremlin Leader","floor":28,"turns":4},{"damage":0,"enemies":"Chosen and Byrds","floor":30,"turns":4},{"damage":4,"enemies":"Snecko","floor":31,"turns":1},{"damage":43,"enemies":"Automaton","floor":33,"turns":5},{"damage":14,"enemies":"3 Darklings","floor":35,"turns":5},{"damage":9,"enemies":"3 Shapes","floor":36,"turns":3},{"damage":0,"floor":38,"turns":2},{"damage":14,"enemies":"3 Darklings","floor":39,"turns":2},{"damage":9,"enemies":"4 Shapes","floor":41,"turns":3},{"damage":4,"enemies":"Giant Head","floor":45,"turns":1},{"damage":4,"enemies":"Nemesis","floor":48,"turns":1},{"damage":31,"enemies":"Awakened One","floor":50,"turns":4},{"damage":0,"enemies":"Jaw Worm","floor":52,"turns":1},{"damage":0,"enemies":"Cultist","floor":54,"turns":1},{"damage":0,"enemies":"2 Louse","floor":55,"turns":1},{"damage":0,"enemies":"Exordium Wildlife","floor":56,"turns":1},{"damage":0,"enemies":"2 Fungi Beasts","floor":58,"turns":1},{"damage":1,"enemies":"Gremlin Nob","floor":61,"turns":1},{"damage":0,"enemies":"Blue Slaver","floor":62,"turns":1},{"damage":0,"enemies":"Exordium Thugs","floor":63,"turns":1},{"damage":0,"enemies":"The Guardian","floor":67,"turns":1},{"damage":0,"enemies":"2 Thieves","floor":69,"turns":1},{"damage":0,"enemies":"Shell Parasite","floor":72,"turns":1},{"damage":0,"enemies":"Snecko","floor":75,"turns":1},{"damage":0,"enemies":"Sentry and Sphere","floor":78,"turns":1},{"damage":10,"enemies":"Slavers","floor":79,"turns":2},{"damage":0,"enemies":"Centurion and Healer","floor":82,"turns":1},{"damage":0,"enemies":"Automaton","floor":84,"turns":1},{"damage":0,"enemies":"Flame Bruiser 1 Orb","floor":86,"turns":1},{"damage":0,"enemies":"Orb Walker","floor":87,"turns":1},{"damage":17,"enemies":"Transient","floor":90,"turns":1},{"damage":9,"enemies":"Sphere and 2 Shapes","floor":92,"turns":2},{"damage":0,"enemies":"Nemesis","floor":96,"turns":1},{"damage":0,"enemies":"2 Orb Walkers","floor":98,"turns":1},{"damage":0,"enemies":"Flame Bruiser 2 Orb","floor":99,"turns":1},{"damage":0,"enemies":"Time Eater","floor":101,"turns":1},{"damage":12,"enemies":"Cultist","floor":103,"turns":1},{"damage":4,"enemies":"Jaw Worm","floor":105,"turns":1},{"damage":8,"enemies":"2 Louse","floor":106,"turns":1},{"damage":41,"enemies":"Exordium Wildlife","floor":107,"turns":2},{"damage":4,"enemies":"2 Fungi Beasts","floor":109,"turns":1},{"damage":0,"enemies":"Large Slime","floor":112,"turns":1},{"damage":12,"enemies":"Lagavulin","floor":113,"turns":1},{"damage":0,"enemies":"Gremlin Gang","floor":116,"turns":1},{"damage":16,"enemies":"Slime Boss","floor":118,"turns":2},{"damage":8,"enemies":"Spheric Guardian","floor":120,"turns":1},{"damage":8,"enemies":"Chosen","floor":123,"turns":2},{"damage":9,"enemies":"Centurion and Healer","floor":133,"turns":1},{"damage":47,"enemies":"Champ","floor":135,"turns":4},{"damage":4,"enemies":"3 Darklings","floor":137,"turns":1},{"damage":4,"enemies":"3 Shapes","floor":138,"turns":1},{"damage":20,"enemies":"Spire Growth","floor":141,"turns":1},{"damage":95,"enemies":"Maw","floor":143,"turns":4},{"damage":51,"enemies":"2 Orb Walkers","floor":147,"turns":2},{"damage":177,"enemies":"Time Eater","floor":152,"turns":5}],"relics_obtained":[{"floor":7,"key":"Smiling Mask"},{"floor":9,"key":"Thread and Needle"},{"floor":12,"key":"The Courier"},{"floor":28,"key":"Bag of Marbles"},{"floor":38,"key":"Dead Branch"},{"floor":43,"key":"Bottled Lightning"},{"floor":45,"key":"Dream Catcher"},{"floor":48,"key":"Regal Pillow"},{"floor":60,"key":"Turnip"},{"floor":61,"key":"Toolbox"},{"floor":77,"key":"Pantograph"},{"floor":79,"key":"Tiny Chest"},{"floor":89,"key":"Self Forming Clay"},{"floor":94,"key":"Ice Cream"},{"floor":96,"key":"Darkstone Periapt"},{"floor":98,"key":"Calipers"},{"floor":111,"key":"Juzu Bracelet"},{"floor":113,"key":"Old Coin"},{"floor":126,"key":"Singing Bowl"},{"floor":126,"key":"Strawberry"},{"floor":128,"key":"Art of War"},{"floor":128,"key":"Centennial Puzzle"},{"floor":145,"key":"Du-Vu Doll"},{"floor":147,"key":"Shovel"},{"floor":151,"key":"Torii"}],"event_choices":[{"event_name":"Golden Idol","player_choice":"Take Damage","floor":2,"damage_taken":0},{"event_name":"World of Goop","player_choice":"Gather Gold","floor":3,"damage_taken":0},{"event_name":"Living Wall","player_choice":"Grow","floor":4,"damage_taken":0},{"event_name":"Nest","player_choice":"Stole From Cult","floor":19,"damage_taken":0},{"event_name":"Addict","player_choice":"Ignored","floor":27,"damage_taken":0},{"event_name":"Mysterious Sphere","player_choice":"Fight","floor":38,"damage_taken":0},{"event_name":"SensoryStone","player_choice":"Memory 1","floor":46,"damage_taken":0},{"event_name":"Tomb of Lord Red Mask","player_choice":"Paid","floor":47,"damage_taken":0},{"event_name":"Scrap Ooze","player_choice":"success","floor":64,"damage_taken":7},{"event_name":"Bonfire Elementals","player_choice":"RARE","floor":65,"damage_taken":0},{"event_name":"Accursed Blacksmith","player_choice":"Forge","floor":70,"damage_taken":0},{"event_name":"Nest","player_choice":"Stole From Cult","floor":81,"damage_taken":0},{"event_name":"Golden Shrine","player_choice":"Pray","floor":114,"damage_taken":0},{"event_name":"The Woman in Blue","player_choice":"Bought 0 Potions","floor":115,"damage_taken":0},{"event_name":"Ghosts","player_choice":"Ignored","floor":121,"damage_taken":0},{"event_name":"Addict","player_choice":"Obtained Relic","floor":127,"damage_taken":0},{"event_name":"N\u0027loth","player_choice":"Traded a Tiny Chest","floor":130,"damage_taken":0},{"event_name":"Tomb of Lord Red Mask","player_choice":"Wore Mask","floor":140,"damage_taken":0},{"event_name":"Match and Keep!","player_choice":"2 cards matched","floor":148,"damage_taken":0},{"event_name":"The Moai Head","player_choice":"Ignored","floor":149,"damage_taken":0},{"event_name":"Winding Halls","player_choice":"Writhe","floor":150,"damage_taken":0}],"boss_relics":[{"not_picked":["Calling Bell","Pandora\u0027s Box"],"picked":"Cursed Key"},{"not_picked":["Sozu","Snecko Eye"],"picked":"Runic Dome"},{"not_picked":["Orrery","White Beast Statue"],"picked":"Runic Cube"},{"not_picked":["Fusion Hammer","Ectoplasm"],"picked":"Black Blood"},{"not_picked":["Astrolabe","Orrery"],"picked":"Empty Cage"},{"not_picked":["Pandora\u0027s Box","Sozu"],"picked":"Philosopher\u0027s Stone"},{"not_picked":["Black Star","Sozu"],"picked":"Busted Crown"},{"not_picked":["White Beast Statue","Tiny House"],"picked":"Fusion Hammer"}],"items_purged_floors":[13,20,22,37,40,53,71,73,88,91,97,104,122,124,131,139,142,146],"is_endless":true,"potions_floor_spawned":[1,14,16,24,28,31,35,38,45,50,52,61,63,67,79,84,86,90,101,103,109,112,116,123,135,141],"seed_played":"7071684469468370739","killed_by":"Time Eater","ascension_level":0,"potions_obtained":[{"floor":1,"key":"Explosive Potion"},{"floor":14,"key":"SteroidPotion"},{"floor":16,"key":"GamblersBrew"},{"floor":24,"key":"Explosive Potion"},{"floor":28,"key":"Swift Potion"},{"floor":31,"key":"SkillPotion"},{"floor":50,"key":"SkillPotion"},{"floor":52,"key":"Weak Potion"},{"floor":135,"key":"LiquidBronze"},{"floor":141,"key":"EssenceOfSteel"}],"is_trial":false}