{"gold_per_floor":[117,47,47,58,58,58,91,91,91,105,105,120,131,131,131,229,229,196,196,196,196,21,21,21,21],"floor_reached":25,"playtime":1011,"items_purged":[],"score":224,"play_id":"4ec231da-e1fd-4f67-9a82-b8ede527a559","local_time":"20190913132026","is_ascension_mode":false,"campfire_choices":[{"data":"Devotion","floor":6,"key":"SMITH"},{"data":"DeceiveReality","floor":8,"key":"SMITH"},{"data":"Perseverance","floor":11,"key":"SMITH"},{"data":"Vigilance","floor":15,"key":"SMITH"},{"floor":23,"key":"REST"}],"neow_cost":"NONE","seed_source_timestamp":171171606393500,"circlet_count":0,"master_deck":["Strike_P","Strike_P","Strike_P","Strike_P","Defend_P","Defend_P","Defend_P","Defend_P","Eruption","Vigilance+1","Devotion+1","DeceiveReality+1","Prostrate","Perseverance+1","Devotion","Metaphysics","EmptyFist","RitualDagger","Apotheosis"],"relics":["PureWater","Kunai","Meat on the Bone","SacredBark","PreservedInsect"],"potions_floor_usage":[10,14,16,18],"damage_taken":[{"damage":1,"enemies":"Cultist","floor":1,"turns":3},{"damage":6,"enemies":"2 Louse","floor":4,"turns":3},{"damage":0,"enemies":"Lagavulin","floor":7,"turns":7},{"damage":0,"enemies":"Small Slimes","floor":10,"turns":3},{"damage":6,"enemies":"Exordium Wildlife","floor":12,"turns":6},{"damage":2,"enemies":"Large Slime","floor":13,"turns":11},{"damage":8,"enemies":"Gremlin Gang","floor":14,"turns":2},{"damage":12,"enemies":"Slime Boss","floor":16,"turns":13},{"damage":29,"enemies":"2 Thieves","floor":18,"turns":5},{"damage":46,"enemies":"Gremlin Leader","floor":25,"turns":5}],"seed_played":"3237877685130040394","potions_obtained":[{"floor":1,"key":"Weak Potion"},{"floor":4,"key":"Swift Potion"},{"floor":7,"key":"SmokeBomb"},{"floor":16,"key":"SneckoOil"},{"floor":18,"key":"SkillPotion"}],"is_trial":false,"path_per_floor":["M","$","$","M","$","R","E","R","T","M","R","M","M","M","R","B",null,"M","?","$","?","$","R","?","E"],"character_chosen":"WATCHER","items_purchased":["DeceiveReality","Apotheosis"],"campfire_rested":1,"item_purchase_floors":[2,22],"current_hp_per_floor":[70,70,70,64,64,64,64,64,64,64,64,58,56,48,48,36,71,42,36,36,23,23,45,45,0],"gold":21,"neow_bonus":"TEN_PERCENT_HP_BONUS","is_prod":false,"is_daily":false,"chose_seed":false,"campfire_upgraded":4,"win_rate":0,"timestamp":1568395226,"path_taken":["M","?","$","?","?","R","E","R","T","M","R","M","M","M","R","BOSS","M","?","$","?","$","R","?","E"],"build_version":"2019-09-11v2","purchased_purges":0,"victory":false,"max_hp_per_floor":[71,71,71,71,71,71,71,71,71,71,71,71,71,71,71,71,71,71,71,71,76,76,76,76,76],"card_choices":[{"not_picked":["FlyingSleeves","Crescendo"],"picked":"Devotion","floor":1},{"not_picked":["Fasting","JustLucky"],"picked":"Prostrate","floor":4},{"not_picked":["Evaluate","JustLucky","FearNoEvil"],"picked":"SKIP","floor":7},{"not_picked":["MentalFortress","Meditate"],"picked":"Perseverance","floor":10},{"not_picked":["JustLucky","Weave"],"picked":"Devotion","floor":12},{"not_picked":["EmptyBody","InnerPeace","Unraveling"],"picked":"SKIP","floor":13},{"not_picked":["Unraveling","FlowState"],"picked":"Metaphysics","floor":16},{"not_picked":["Crescendo","DeceiveReality"],"picked":"EmptyFist","floor":18}],"player_experience":1013393,"relics_obtained":[{"floor":7,"key":"Kunai"},{"floor":9,"key":"Meat on the Bone"}],"event_choices":[{"damage_healed":0,"gold_gain":0,"player_choice":"Joined the Cult","damage_taken":6,"max_hp_gain":0,"max_hp_loss":0,"event_name":"Nest","floor":19,"gold_loss":0,"cards_obtained":["RitualDagger"]},{"damage_healed":0,"gold_gain":0,"player_choice":"Shed Blood","damage_taken":18,"max_hp_gain":5,"max_hp_loss":0,"event_name":"Forgotten Altar","floor":21,"gold_loss":0},{"damage_healed":0,"gold_gain":0,"player_choice":"Gave Potion","damage_taken":0,"relics_obtained":["PreservedInsect"],"max_hp_gain":0,"max_hp_loss":0,"event_name":"WeMeetAgain","floor":24,"gold_loss":0}],"is_beta":true,"boss_relics":[{"not_picked":["Empty Cage","Calling Bell"],"picked":"SacredBark"}],"items_purged_floors":[],"is_endless":false,"potions_floor_spawned":[1,4,7,14,16,18],"killed_by":"Gremlin Leader","ascension_level":0}