{"gold_per_floor":[113,129,143,143,156,156,172,172,172,172,172,189,216,216,216,314,314,333,352,267,283,17,17,17,17,90,106,131,131],"floor_reached":29,"playtime":741,"items_purged":[],"score":245,"play_id":"bf8c6211-f58f-4b7c-a226-1d24384cf661","local_time":"20190825194715","is_ascension_mode":false,"campfire_choices":[{"data":"Madness","floor":6,"key":"SMITH"},{"data":"Bludgeon","floor":8,"key":"SMITH"},{"data":"Disarm","floor":10,"key":"SMITH"},{"data":"Bash","floor":15,"key":"SMITH"},{"floor":24,"key":"REST"}],"neow_cost":"NONE","seed_source_timestamp":359139953264200,"circlet_count":0,"master_deck":["Strike_R+1","Strike_R+1","Strike_R+1","Strike_R+1","Strike_R+1","Defend_R+1","Defend_R+1","Defend_R+1","Defend_R+1","Bash+1","Madness+1","Cleave","Bludgeon+1","Disarm+1","Twin Strike","Demon Form","Headbutt","Metallicize+1","Juggernaut","Combust","Thunderclap"],"relics":["Burning Blood","Dodecahedron","Mummified Hand","Paper Frog","FaceOfCleric","Black Star","Smiling Mask","MealTicket","Ornamental Fan","Ancient Tea Set","Meat on the Bone"],"potions_floor_usage":[28,28,29],"damage_taken":[{"damage":5,"enemies":"Cultist","floor":1,"turns":4},{"damage":11,"enemies":"Jaw Worm","floor":2,"turns":3},{"damage":3,"enemies":"2 Louse","floor":3,"turns":3},{"damage":10,"enemies":"Exordium Thugs","floor":5,"turns":4},{"damage":5,"enemies":"3 Louse","floor":7,"turns":3},{"damage":11,"enemies":"Exordium Wildlife","floor":12,"turns":2},{"damage":14,"enemies":"Gremlin Nob","floor":13,"turns":3},{"damage":28,"enemies":"The Guardian","floor":16,"turns":7},{"damage":27,"enemies":"3 Byrds","floor":18,"turns":6},{"damage":29,"enemies":"Shell Parasite","floor":19,"turns":6},{"damage":28,"enemies":"3 Cultists","floor":21,"turns":6},{"damage":27,"enemies":"Cultist and Chosen","floor":27,"turns":5},{"damage":25,"enemies":"Gremlin Leader","floor":28,"turns":5},{"damage":23,"enemies":"Snake Plant","floor":29,"turns":3}],"seed_played":"6630203995644313156","potions_obtained":[{"floor":3,"key":"Ancient Potion"},{"floor":5,"key":"LiquidBronze"},{"floor":16,"key":"SkillPotion"}],"is_trial":false,"path_per_floor":["M","M","M","?","M","R","M","R","T","R","?","M","E","?","R","B",null,"M","M","?","M","$","?","R","$","T","M","E","M"],"character_chosen":"IRONCLAD","items_purchased":["MealTicket","Combust"],"campfire_rested":1,"item_purchase_floors":[22,22],"current_hp_per_floor":[80,75,78,75,71,71,72,72,72,72,72,67,59,59,59,38,81,61,39,39,18,18,18,43,58,58,38,20,0],"gold":131,"neow_bonus":"RANDOM_COLORLESS","is_prod":false,"is_daily":false,"chose_seed":false,"campfire_upgraded":4,"win_rate":0,"timestamp":1566776835,"path_taken":["M","?","M","?","M","R","M","R","T","R","?","M","E","?","R","BOSS","M","M","?","M","$","?","R","?","T","M","E","M"],"build_version":"2019-08-23","purchased_purges":0,"victory":false,"max_hp_per_floor":[80,80,80,80,80,80,80,80,80,80,80,80,80,80,80,81,81,82,83,83,84,84,84,84,84,84,85,86,86],"card_choices":[{"not_picked":["Wild Strike","Clothesline"],"picked":"Cleave","floor":1},{"not_picked":["Clash","Spot Weakness"],"picked":"Bludgeon","floor":2},{"not_picked":["Thunderclap","Rage"],"picked":"Disarm","floor":3},{"not_picked":["Seeing Red","Anger"],"picked":"Twin Strike","floor":5},{"not_picked":["True Grit","Hemokinesis","Havoc"],"picked":"SKIP","floor":7},{"not_picked":["Shockwave","Clash","Clothesline"],"picked":"SKIP","floor":12},{"not_picked":["Flex","Rage","Seeing Red"],"picked":"SKIP","floor":13},{"not_picked":["Barricade","Impervious"],"picked":"Demon Form","floor":16},{"not_picked":["Havoc","Armaments"],"picked":"Headbutt","floor":18},{"not_picked":["Bloodletting","Sentinel"],"picked":"Metallicize+1","floor":19},{"not_picked":["Dual Wield","Havoc+1"],"picked":"Juggernaut","floor":21},{"not_picked":["Cleave","Ghostly Armor","Thunderclap"],"picked":"SKIP","floor":27},{"not_picked":["Cleave","Ghostly Armor"],"picked":"Thunderclap","floor":27},{"not_picked":["Feel No Pain","Immolate","Clothesline+1"],"picked":"SKIP","floor":28}],"player_experience":982686,"relics_obtained":[{"floor":9,"key":"Mummified Hand"},{"floor":13,"key":"Paper Frog"},{"floor":26,"key":"Ornamental Fan"},{"floor":28,"key":"Ancient Tea Set"},{"floor":28,"key":"Meat on the Bone"}],"event_choices":[{"damage_healed":0,"gold_gain":0,"player_choice":"Success","damage_taken":3,"relics_obtained":["Dodecahedron"],"max_hp_gain":0,"max_hp_loss":0,"event_name":"Scrap Ooze","floor":4,"gold_loss":0},{"damage_healed":0,"gold_gain":0,"player_choice":"Ignored","damage_taken":0,"max_hp_gain":0,"max_hp_loss":0,"event_name":"Liars Game","floor":11,"gold_loss":0},{"damage_healed":0,"gold_gain":0,"player_choice":"Trade","damage_taken":0,"relics_obtained":["FaceOfCleric"],"max_hp_gain":0,"max_hp_loss":0,"event_name":"FaceTrader","floor":14,"gold_loss":0},{"damage_healed":0,"gold_gain":0,"player_choice":"Obtained Relic","damage_taken":0,"relics_obtained":["Smiling Mask"],"max_hp_gain":0,"max_hp_loss":0,"event_name":"Addict","floor":20,"gold_loss":85},{"damage_healed":0,"gold_gain":0,"player_choice":"Simplicity","damage_taken":0,"max_hp_gain":0,"max_hp_loss":0,"event_name":"Back to Basics","floor":23,"gold_loss":0,"cards_upgraded":["Strike_R","Strike_R","Strike_R","Strike_R","Strike_R","Defend_R","Defend_R","Defend_R","Defend_R"]}],"is_beta":true,"boss_relics":[{"not_picked":["Philosopher\u0027s Stone","Black Blood"],"picked":"Black Star"}],"items_purged_floors":[],"is_endless":false,"potions_floor_spawned":[3,5,16,21],"killed_by":"Snake Plant","ascension_level":0}