{"gold_per_floor":[113,36,36,49,68,68,88,88,114,124,137,137,137,206,206,310,317,338,338,364,378,393,393],"floor_reached":23,"playtime":510,"items_purged":[],"score":284,"play_id":"3ae5c34a-6a72-40af-ade2-39287f019027","local_time":"20190910151607","is_ascension_mode":true,"campfire_choices":[{"data":"White Noise","floor":6.0,"key":"SMITH"},{"data":"Hyperbeam","floor":8.0,"key":"SMITH"},{"data":"Zap","floor":12.0,"key":"SMITH"},{"floor":15.0,"key":"REST"}],"neow_cost":"NONE","seed_source_timestamp":650531416563000,"circlet_count":0,"master_deck":["AscendersBane","Strike_B","Defend_B","Defend_B","Defend_B","Defend_B","Zap+1","Dualcast","Rip and Tear","White Noise+1","Static Discharge","Hyperbeam+1","Echo Form","Reboot+1","CurseOfTheBell","Conserve Battery+1","Hologram+1","Reprogram+1","Hello World"],"special_seed":0,"relics":["Cracked Core","CeramicFish","Toxic Egg 2","Regal Pillow","Calling Bell","Vajra","Matryoshka","Ginger"],"potions_floor_usage":[],"damage_taken":[{"damage":1.0,"enemies":"Cultist","floor":1.0,"turns":3.0},{"damage":0.0,"enemies":"Small Slimes","floor":4.0,"turns":3.0},{"damage":0.0,"enemies":"2 Louse","floor":5.0,"turns":1.0},{"damage":7.0,"enemies":"Lots of Slimes","floor":7.0,"turns":2.0},{"damage":0.0,"enemies":"Large Slime","floor":10.0,"turns":4.0},{"damage":0.0,"enemies":"3 Louse","floor":11.0,"turns":1.0},{"damage":16.0,"enemies":"Gremlin Nob","floor":14.0,"turns":3.0},{"damage":62.0,"enemies":"The Guardian","floor":16.0,"turns":8.0},{"damage":25.0,"enemies":"Spheric Guardian","floor":18.0,"turns":5.0},{"damage":14.0,"enemies":"Shell Parasite","floor":20.0,"turns":2.0},{"damage":0.0,"enemies":"Centurion and Healer","floor":22.0,"turns":2.0},{"damage":27,"enemies":"Slavers","floor":23,"turns":2}],"seed_played":"-1396510230933573767","potions_obtained":[{"floor":4.0,"key":"SteroidPotion"},{"floor":7.0,"key":"Poison Potion"},{"floor":16.0,"key":"EssenceOfSteel"},{"floor":19.0,"key":"DuplicationPotion"},{"floor":19.0,"key":"Fruit Juice"}],"is_trial":false,"path_per_floor":["M","$","$","M","M","R","M","R","T","M","M","R","T","?","R","B",null,"M","?","M","?","M","E"],"character_chosen":"DEFECT","items_purchased":["Static Discharge"],"campfire_rested":1,"item_purchase_floors":[2],"current_hp_per_floor":[67,67,67,67,67,67,60,60,60,60,60,60,60,44,75,13,60,35,35,26,26,26,0],"gold":393,"neow_bonus":"TRANSFORM_CARD","is_prod":false,"is_daily":false,"chose_seed":false,"campfire_upgraded":3,"win_rate":0,"timestamp":1568146567,"path_taken":["M","?","$","M","?","R","M","R","T","M","M","R","?","?","R","BOSS","M","?","?","?","M","E"],"build_version":"2019-09-09","purchased_purges":0,"victory":false,"max_hp_per_floor":[75,75,75,75,75,75,75,75,75,75,75,75,75,75,75,75,75,75,75,80,80,80,80],"card_choices":[{"not_picked":["Redo","Compile Driver"],"picked":"White Noise","floor":1.0},{"not_picked":["Cold Snap","Beam Cell"],"picked":"Hyperbeam","floor":4.0},{"not_picked":["Conserve Battery","Compile Driver","Sunder"],"picked":"SKIP","floor":5.0},{"not_picked":["Ball Lightning","Reprogram","Stack"],"picked":"SKIP","floor":7.0},{"not_picked":["Go for the Eyes","Sunder","Conserve Battery"],"picked":"SKIP","floor":10.0},{"not_picked":["Turbo","Barrage","Heatsinks"],"picked":"SKIP","floor":11.0},{"not_picked":["Go for the Eyes","Turbo+1"],"picked":"Echo Form","floor":14.0},{"not_picked":["Machine Learning","All For One"],"picked":"Reboot+1","floor":16.0},{"not_picked":["Turbo+1","Barrage"],"picked":"Conserve Battery+1","floor":18.0},{"not_picked":["Chaos+1","Streamline+1"],"picked":"Hologram+1","floor":20.0},{"not_picked":["Compile Driver","Steam+1","Rebound+1"],"picked":"SKIP","floor":22.0}],"player_experience":1275136,"relics_obtained":[{"floor":9.0,"key":"CeramicFish"},{"floor":13.0,"key":"Toxic Egg 2"},{"floor":14.0,"key":"Regal Pillow"},{"floor":17.0,"key":"Vajra"},{"floor":17.0,"key":"Matryoshka"},{"floor":17.0,"key":"Ginger"}],"event_choices":[{"damage_healed":0.0,"max_hp_gain":0.0,"max_hp_loss":0.0,"gold_gain":0.0,"event_name":"Dead Adventurer","player_choice":"Searched \u00271\u0027 times","floor":14.0,"gold_loss":0.0,"damage_taken":0.0},{"damage_healed":0.0,"max_hp_gain":0.0,"max_hp_loss":0.0,"gold_gain":0.0,"event_name":"Lab","player_choice":"Got Potions","floor":19.0,"gold_loss":0.0,"damage_taken":0.0},{"damage_healed":0.0,"max_hp_gain":0.0,"max_hp_loss":0.0,"gold_gain":0.0,"cards_transformed":["Strike_B","Strike_B"],"event_name":"Drug Dealer","player_choice":"Became Test Subject","floor":21.0,"gold_loss":0.0,"damage_taken":0.0,"cards_obtained":["Reprogram","Hello World"]}],"is_beta":true,"boss_relics":[{"not_picked":["FrozenCore","Black Star"],"picked":"Calling Bell"}],"items_purged_floors":[],"is_endless":false,"potions_floor_spawned":[4,7,16],"killed_by":"Slavers","ascension_level":11}