{"path_per_floor":["M","$","?","$","M","E","M","?","T","E","M","$","R","E","R","B",null,"M","M","$","M","M","R","E","$","T","$","M","R","M","M","R","B",null,"M","$","M","M","M","E","T","?","T","T","R","M","M","M","R"],"character_chosen":"THE_SILENT","items_purchased":["Oddly Smooth Stone","Juzu Bracelet"],"gold_per_floor":[115,40,40,40,50,78,97,97,122,151,169,24,24,56,56,151,151,164,183,83,96,106,106,165,40,40,40,52,52,63,73,73,172,172,183,32,48,68,85,112,112,212,238,238,238,250,269,282,282],"floor_reached":50,"campfire_rested":6,"playtime":2742,"current_hp_per_floor":[70,70,75,75,75,75,74,59,59,51,50,50,74,64,64,23,82,82,71,71,55,34,58,43,43,43,43,31,55,35,12,36,22,82,66,66,45,29,16,15,15,15,15,15,39,37,36,26,50],"items_purged":["Defend_G","Strike_G","Strike_G"],"gold":282,"score":622,"play_id":"3584a893-0806-4cbe-b13a-ce5d7c5f199e","local_time":"20180321171329","is_prod":false,"is_daily":false,"is_ascension_mode":true,"campfire_upgraded":1,"timestamp":1521666809,"path_taken":["M","$","?","$","?","E","M","?","T","E","M","$","R","E","R","BOSS","M","?","$","M","M","R","E","$","T","$","M","R","M","M","R","BOSS","M","$","M","M","M","E","?","?","T","?","R","M","M","M","R","BOSS"],"build_version":"2018-03-15v3","purchased_purges":3,"victory":false,"master_deck":["Defend_G","Defend_G","Defend_G","Defend_G","Strike_G","Strike_G","Strike_G","Survivor","Neutralize+1","Distraction+1","Sucker Punch","A Thousand Cuts+1","Well Laid Plans","Dagger Spray","Infinite Blades","Glass Knife","Backflip","Backstab","A Thousand Cuts","Footwork","Blur","Escape Plan","Storm of Steel","Malaise","Blur","Caltrops","Heel Hook","Cloak And Dagger+1","Bullet Time"],"max_hp_per_floor":[70,70,75,75,75,75,75,75,75,82,82,82,82,82,82,82,82,82,82,82,82,82,82,82,82,82,82,82,82,82,82,82,82,82,82,82,82,82,82,82,82,82,82,82,82,82,82,82,82],"relics":["Ring of the Snake","NeowsBlessing","Torii","Bag of Marbles","Strawberry","Oddly Smooth Stone","Pen Nib","Sozu","Tiny Chest","Frozen Eye","Lizard Tail","Juzu Bracelet","Dodecahedron","Thread and Needle","Bronze Scales","Vajra"],"card_choices":[{"not_picked":["Dagger Throw","Acrobatics"],"picked":"Distraction"},{"not_picked":["PiercingWail","Distraction"],"picked":"Sucker Punch"},{"not_picked":["Blur","Deflect"],"picked":"A Thousand Cuts"},{"not_picked":["Flying Knee","Poisoned Stab"],"picked":"Well Laid Plans"},{"not_picked":["Prepared","Catalyst"],"picked":"Dagger Spray"},{"not_picked":["Acrobatics","Deadly Poison"],"picked":"Infinite Blades"},{"not_picked":["Tactician","Burst"],"picked":"Glass Knife"},{"not_picked":["Slice","Dagger Spray"],"picked":"Backflip"},{"not_picked":["Outmaneuver","Poisoned Stab"],"picked":"Backstab"},{"not_picked":["Poisoned Stab","Dodge and Roll"],"picked":"A Thousand Cuts"},{"not_picked":["Deflect","Dagger Spray"],"picked":"Footwork"},{"not_picked":["Phantasmal Killer","Slice"],"picked":"Blur"},{"not_picked":["Leg Sweep","Caltrops"],"picked":"Escape Plan"},{"not_picked":["Doppelganger","A Thousand Cuts"],"picked":"Storm of Steel"},{"not_picked":["Backflip","Eviscerate"],"picked":"Malaise"},{"not_picked":["Deadly Poison","Reflex"],"picked":"Blur"},{"not_picked":["PiercingWail","Wraith Form"],"picked":"Caltrops"},{"not_picked":["Quick Slash","Skewer"],"picked":"Heel Hook"},{"not_picked":["Dagger Spray","Deflect"],"picked":"Cloak And Dagger"},{"not_picked":["Poisoned Stab","Sucker Punch"],"picked":"Bullet Time"}],"player_experience":234734,"potions_floor_usage":[33,33,33],"damage_taken":[{"damage":0,"enemies":"Small Slimes","floor":1,"turns":1},{"damage":0,"enemies":"2 Louse","floor":5,"turns":1},{"damage":0,"enemies":"Gremlin Nob","floor":6,"turns":1},{"damage":1,"enemies":"Cultist","floor":7,"turns":3},{"damage":15,"enemies":"3 Sentries","floor":10,"turns":5},{"damage":1,"enemies":"Large Slime","floor":11,"turns":4},{"damage":10,"enemies":"Lagavulin","floor":14,"turns":7},{"damage":41,"enemies":"The Guardian","floor":16,"turns":13},{"damage":0,"enemies":"Chosen","floor":18,"turns":3},{"damage":11,"enemies":"Shell Parasite","floor":19,"turns":4},{"damage":16,"enemies":"Snake Plant","floor":21,"turns":5},{"damage":21,"enemies":"Snecko","floor":22,"turns":4},{"damage":15,"enemies":"Gremlin Leader","floor":24,"turns":5},{"damage":12,"enemies":"Cultist and Chosen","floor":28,"turns":5},{"damage":20,"enemies":"Centurion and Healer","floor":30,"turns":4},{"damage":23,"enemies":"Slaver and Parasite","floor":31,"turns":6},{"damage":29,"enemies":"Collector","floor":33,"turns":10},{"damage":16,"enemies":"Orb Walker","floor":35,"turns":3},{"damage":21,"enemies":"3 Darklings","floor":37,"turns":5},{"damage":16,"enemies":"4 Shapes","floor":38,"turns":7},{"damage":13,"enemies":"Maw","floor":39,"turns":8},{"damage":57,"enemies":"Nemesis","floor":40,"turns":9},{"damage":2,"enemies":"Sphere and 2 Shapes","floor":46,"turns":5},{"damage":1,"enemies":"4 Shapes","floor":47,"turns":4},{"damage":10,"enemies":"3 Darklings","floor":48,"turns":4},{"damage":50,"enemies":"Awakened One","floor":50,"turns":13}],"event_choices":[{"event_name":"Big Fish","player_choice":"Donut","floor":3,"damage_taken":0},{"event_name":"Shining Light","player_choice":"Entered Light","floor":8,"damage_taken":0},{"event_name":"Golden Shrine","player_choice":"Pray","floor":42,"damage_taken":0}],"boss_relics":[{"not_picked":["White Beast Statue","Astrolabe"],"picked":"Sozu"},{"not_picked":["Orrery","Eternal Feather"],"picked":"Lizard Tail"}],"potions_floor_spawned":[1,7,14,22,28,31,33,39,46,47,48],"seed_played":"5787293399072141428","killed_by":"Awakened One","ascension_level":3,"is_trial":false}