{"gold_per_floor":[12,30,42,42,60,86,101,101,101,111,139,139,155,155,155,255,255,265,265,278,9,9,9,42,52,99,24,24],"floor_reached":28,"playtime":2024,"items_purged":["Strike_R"],"score":375,"play_id":"4ef0292e-20b8-4962-8a37-33167750dcd6","local_time":"20190314153444","is_ascension_mode":true,"campfire_choices":[{"data":"Metallicize","floor":8,"key":"SMITH"},{"data":"Shockwave","floor":12,"key":"SMITH"},{"data":"Feel No Pain","floor":15,"key":"SMITH"},{"data":"Mayhem","floor":23,"key":"SMITH"}],"neow_cost":"NO_GOLD","seed_source_timestamp":22482133539865,"circlet_count":0,"master_deck":["AscendersBane","Strike_R","Strike_R","Strike_R","Strike_R","Defend_R","Defend_R","Defend_R","Defend_R","Bash","Pommel Strike","Heavy Blade","Metallicize+1","Shockwave+1","Feel No Pain+1","Flame Barrier","Armaments+1","Exhume+1","Flex+1","Shrug It Off+1","Mayhem+1","Jack Of All Trades+1","Disarm+1","Metallicize+1"],"relics":["Burning Blood","Thread and Needle","Incense Burner","Blue Candle","Toxic Egg 2","Bird Faced Urn","Mark of Pain","CultistMask","Meat on the Bone","Bag of Marbles"],"potions_floor_usage":[6,11,16,16,24],"damage_taken":[{"damage":1,"enemies":"Cultist","floor":1,"turns":4},{"damage":1,"enemies":"Small Slimes","floor":2,"turns":3},{"damage":0,"enemies":"Jaw Worm","floor":3,"turns":5},{"damage":3,"enemies":"2 Fungi Beasts","floor":5,"turns":4},{"damage":30,"enemies":"Lagavulin","floor":6,"turns":10},{"damage":20,"enemies":"Exordium Thugs","floor":7,"turns":8},{"damage":5,"enemies":"Blue Slaver","floor":10,"turns":4},{"damage":5,"enemies":"Gremlin Nob","floor":11,"turns":5},{"damage":0,"enemies":"Red Slaver","floor":13,"turns":3},{"damage":36,"enemies":"Hexaghost","floor":16,"turns":12},{"damage":8,"enemies":"Spheric Guardian","floor":18,"turns":8},{"damage":5,"enemies":"Shell Parasite","floor":20,"turns":6},{"damage":5,"enemies":"Book of Stabbing","floor":24,"turns":6},{"damage":8,"enemies":"Snake Plant","floor":25,"turns":3},{"damage":72,"enemies":"Gremlin Leader","floor":28,"turns":4}],"seed_played":"-7146056978568795463","potions_obtained":[{"floor":1,"key":"GamblersBrew"},{"floor":2,"key":"LiquidBronze"},{"floor":3,"key":"Dexterity Potion"},{"floor":5,"key":"PowerPotion"},{"floor":10,"key":"SneckoOil"},{"floor":18,"key":"SteroidPotion"},{"floor":24,"key":"GamblersBrew"},{"floor":25,"key":"SpeedPotion"}],"is_trial":false,"path_per_floor":["M","M","M","$","M","E","M","R","T","M","E","R","M","?","R","B",null,"M","?","M","$","?","R","E","M","T","$","E"],"character_chosen":"IRONCLAD","items_purchased":["Mayhem","Jack Of All Trades+1"],"campfire_rested":0,"item_purchase_floors":[21,21],"current_hp_per_floor":[77,80,80,80,80,56,42,42,42,43,44,44,50,50,50,24,66,68,53,58,58,58,58,65,65,65,65,0],"gold":24,"neow_bonus":"ONE_RARE_RELIC","is_prod":false,"is_daily":false,"chose_seed":false,"campfire_upgraded":4,"win_rate":0,"timestamp":1552574084,"path_taken":["M","M","M","$","M","E","M","R","T","M","E","R","M","?","R","BOSS","M","?","M","$","?","R","E","?","T","$","E"],"build_version":"2019-01-23","purchased_purges":1,"victory":false,"max_hp_per_floor":[80,80,80,80,80,80,80,80,80,80,80,80,80,80,80,80,80,80,85,85,85,85,85,85,85,85,85,85],"card_choices":[{"not_picked":["Reckless Charge","Dropkick","Blood for Blood"],"picked":"SKIP","floor":1},{"not_picked":["Havoc","Clothesline"],"picked":"Pommel Strike","floor":2},{"not_picked":["Rage","Cleave"],"picked":"Heavy Blade","floor":3},{"not_picked":["Searing Blow","Cleave"],"picked":"Metallicize","floor":5},{"not_picked":["Carnage","Headbutt"],"picked":"Shockwave","floor":6},{"not_picked":["Clothesline","Body Slam"],"picked":"Feel No Pain","floor":7},{"not_picked":["Power Through","Bloodletting"],"picked":"Flame Barrier","floor":10},{"not_picked":["Twin Strike","Sword Boomerang","Dual Wield"],"picked":"SKIP","floor":11},{"not_picked":["Heavy Blade","Pommel Strike"],"picked":"Armaments+1","floor":13},{"not_picked":["Berserk","Bludgeon"],"picked":"Exhume+1","floor":16},{"not_picked":["Sword Boomerang","Rupture"],"picked":"Flex+1","floor":18},{"not_picked":["Armaments+1","Feel No Pain"],"picked":"Shrug It Off+1","floor":20},{"not_picked":["Iron Wave","Inflame"],"picked":"Disarm+1","floor":24},{"not_picked":["Sever Soul","Power Through+1"],"picked":"Metallicize+1","floor":25}],"player_experience":382797,"relics_obtained":[{"floor":6,"key":"Incense Burner"},{"floor":9,"key":"Blue Candle"},{"floor":11,"key":"Toxic Egg 2"},{"floor":24,"key":"Meat on the Bone"},{"floor":26,"key":"Bag of Marbles"}],"event_choices":[{"damage_healed":0,"gold_gain":0,"player_choice":"Searched \u00271\u0027 times","damage_taken":0,"relics_obtained":["Bird Faced Urn"],"max_hp_gain":0,"max_hp_loss":0,"event_name":"Dead Adventurer","floor":14,"gold_loss":0},{"damage_healed":0,"gold_gain":0,"player_choice":"Shed Blood","damage_taken":20,"max_hp_gain":5,"max_hp_loss":0,"event_name":"Forgotten Altar","floor":19,"gold_loss":0},{"damage_healed":0,"gold_gain":0,"player_choice":"Trade","damage_taken":0,"relics_obtained":["CultistMask"],"max_hp_gain":0,"max_hp_loss":0,"event_name":"FaceTrader","floor":22,"gold_loss":0}],"is_beta":false,"boss_relics":[{"not_picked":["Eternal Feather","Ectoplasm"],"picked":"Mark of Pain"}],"items_purged_floors":[27],"is_endless":false,"potions_floor_spawned":[1,2,3,5,10,18,24,25],"killed_by":"Gremlin Leader","ascension_level":10}