{"path_per_floor":["M","M","M","M","?","R","M","R","T","M","?","E","M","?","R","B",null,"M","M","?","?","M","R","M","R","T","R","M"],"character_chosen":"IRONCLAD","items_purchased":[],"gold_per_floor":[109,129,145,156,156,156,168,168,192,209,209,244,255,229,229,333,333,347,360,360,389,409,409,426,426,452,452,464,464],"floor_reached":29,"campfire_rested":1,"playtime":4450,"item_purchase_floors":[],"current_hp_per_floor":[80,79,80,75,59,59,45,45,45,41,41,45,44,44,44,15,83,70,50,50,32,25,25,16,16,16,45,21,0],"items_purged":[],"gold":464,"score":254,"play_id":"fa005594-e413-4df2-b393-07cb817a8872","local_time":"20180614171236","is_prod":false,"is_daily":false,"chose_seed":false,"is_ascension_mode":false,"campfire_upgraded":5,"win_rate":0,"timestamp":1529010756,"campfire_choices":[{"data":"Perfected Strike","floor":6,"key":"SMITH"},{"data":"Uppercut","floor":8,"key":"SMITH"},{"data":"Feed","floor":15,"key":"SMITH"},{"data":"Shockwave","floor":23,"key":"SMITH"},{"data":"Feed","floor":25,"key":"SMITH"},{"floor":27,"key":"REST"}],"path_taken":["M","M","M","M","?","R","M","R","T","M","?","E","M","?","R","BOSS","M","M","?","?","?","R","M","R","T","R","M","M"],"build_version":"2018-06-13v3","seed_source_timestamp":1280500621250879,"purchased_purges":0,"victory":false,"master_deck":["Strike_R","Strike_R","Strike_R+1","Strike_R","Defend_R+1","Defend_R","Defend_R","Defend_R","Bash","Thunderclap","Sword Boomerang","Perfected Strike+1","Sword Boomerang","Uppercut+1","Disarm+1","Feed+1","Anger","Feed+1","Dropkick","Shockwave+1","Flex","Corruption+1","Flex"],"max_hp_per_floor":[80,80,80,80,80,80,80,80,80,80,80,80,83,83,83,83,83,87,87,87,91,95,95,98,98,98,98,98,102],"relics":["Burning Blood","Oddly Smooth Stone","Ancient Tea Set","Black Star","Red Mask","Potion Belt"],"card_choices":[{"not_picked":["Combust","Wild Strike"],"picked":"Thunderclap","floor":1},{"not_picked":["Thunderclap","Rupture"],"picked":"Sword Boomerang","floor":2},{"not_picked":["Rupture","Clothesline"],"picked":"Perfected Strike","floor":3},{"not_picked":["Body Slam","Headbutt"],"picked":"Sword Boomerang","floor":4},{"not_picked":["Anger","Pommel Strike"],"picked":"Uppercut","floor":7},{"not_picked":["Burning Pact","Body Slam"],"picked":"Disarm","floor":10},{"not_picked":["Inflame","Twin Strike"],"picked":"Feed","floor":12},{"not_picked":["Wild Strike","Body Slam"],"picked":"Anger","floor":13},{"not_picked":["Brutality","Double Tap"],"picked":"Feed","floor":16},{"not_picked":["Armaments","Clash+1","Spot Weakness+1"],"picked":"SKIP","floor":18},{"not_picked":["Perfected Strike","Sentinel"],"picked":"Dropkick","floor":19},{"not_picked":["Wild Strike","Iron Wave"],"picked":"Flex","floor":22},{"not_picked":["Sever Soul+1","Rage"],"picked":"Corruption+1","floor":24},{"not_picked":["Reckless Charge","Sword Boomerang"],"picked":"Flex","floor":28}],"player_experience":547888,"potions_floor_usage":[12],"damage_taken":[{"damage":2,"enemies":"Small Slimes","floor":1,"turns":4},{"damage":7,"enemies":"2 Louse","floor":2,"turns":3},{"damage":1,"enemies":"Jaw Worm","floor":3,"turns":3},{"damage":11,"enemies":"Large Slime","floor":4,"turns":9},{"damage":20,"enemies":"Lots of Slimes","floor":7,"turns":3},{"damage":10,"enemies":"2 Fungi Beasts","floor":10,"turns":2},{"damage":2,"enemies":"3 Sentries","floor":12,"turns":5},{"damage":10,"enemies":"3 Louse","floor":13,"turns":3},{"damage":35,"enemies":"The Guardian","floor":16,"turns":11},{"damage":23,"enemies":"Shell Parasite","floor":18,"turns":7},{"damage":26,"enemies":"Spheric Guardian","floor":19,"turns":5},{"damage":28,"floor":21,"turns":5},{"damage":17,"enemies":"Centurion and Healer","floor":22,"turns":8},{"damage":18,"enemies":"Snake Plant","floor":24,"turns":4},{"damage":30,"enemies":"Slaver and Parasite","floor":28,"turns":6},{"damage":30,"enemies":"Chosen and Byrds","floor":29,"turns":7}],"relics_obtained":[{"floor":9,"key":"Oddly Smooth Stone"},{"floor":12,"key":"Ancient Tea Set"},{"floor":21,"key":"Red Mask"},{"floor":26,"key":"Potion Belt"}],"event_choices":[{"event_name":"Shining Light","player_choice":"Entered Light","floor":5,"damage_taken":0},{"event_name":"Accursed Blacksmith","player_choice":"Forge","floor":11,"damage_taken":0},{"event_name":"World of Goop","player_choice":"Left","floor":14,"damage_taken":0},{"event_name":"The Library","player_choice":"Read","floor":20,"damage_taken":0},{"event_name":"Masked Bandits","player_choice":"Fought over 360 gold","floor":21,"damage_taken":0}],"boss_relics":[{"not_picked":["Fusion Hammer","Eternal Feather"],"picked":"Black Star"}],"items_purged_floors":[],"potions_floor_spawned":[3,4,13,16,18,19],"seed_played":"957812019346631095","killed_by":"Chosen and Byrds","ascension_level":0,"potions_obtained":[{"floor":3,"key":"Weak Potion"},{"floor":4,"key":"PowerPotion"},{"floor":13,"key":"SpeedPotion"},{"floor":16,"key":"Explosive Potion"}],"is_trial":false}