{"path_per_floor":["M","M","M","M","M","R","E","M","T","?","M","M","$","E","R","B",null,"M","M","$","?","M","R","$","R","T","R","E","M","M","M","R"],"character_chosen":"THE_SILENT","items_purchased":["Blood Vial","Leg Sweep","Pen Nib"],"gold_per_floor":[111,124,138,152,163,163,191,201,227,192,203,216,67,99,99,195,195,209,221,152,202,215,215,68,68,92,92,119,135,152,171,171,171],"floor_reached":33,"campfire_rested":4,"playtime":2012,"current_hp_per_floor":[70,58,58,49,41,62,45,39,39,56,58,51,51,45,67,25,76,50,39,39,39,31,55,55,55,55,55,38,37,25,24,49,0],"items_purged":[],"gold":171,"score":350,"play_id":"b565f092-153a-4737-846d-c0cf5e623c4e","local_time":"20180403171635","is_prod":false,"is_daily":false,"is_ascension_mode":true,"campfire_upgraded":2,"timestamp":1522790195,"path_taken":["M","M","M","M","M","R","E","M","T","?","M","M","$","E","R","BOSS","M","M","$","?","M","R","$","R","T","R","E","M","?","M","R","BOSS"],"build_version":"2018-03-29v2","purchased_purges":0,"victory":false,"master_deck":["Defend_G","Defend_G","Defend_G","Defend_G","Defend_G","Strike_G","Strike_G","Survivor","Neutralize","Dodge and Roll","Backflip","Dagger Throw","Endless Agony+1","Backstab","Unload","Dagger Spray","Caltrops","Sucker Punch","Venomology","Sucker Punch","Adrenaline+1","Expertise+1","Phantasmal Killer+1","Poisoned Stab+1","Cloak And Dagger","Leg Sweep","Blur"],"max_hp_per_floor":[70,70,70,70,70,70,70,70,70,70,72,74,74,76,76,76,76,78,78,78,78,80,80,80,80,80,80,82,84,84,86,86,86],"relics":["Orrery","Lantern","Singing Bowl","Blood Vial","Vajra","Astrolabe","Pen Nib","Omamori","Sundial"],"card_choices":[{"not_picked":["Blade Dance","Masterful Stab"],"picked":"Dodge and Roll","floor":0},{"not_picked":["Eviscerate","Endless Agony"],"picked":"Backflip","floor":0},{"not_picked":["Underhanded Strike","Acrobatics"],"picked":"Dagger Throw","floor":0},{"not_picked":["Bane","Deflect"],"picked":"Endless Agony","floor":0},{"not_picked":["Leg Sweep","Backflip"],"picked":"Backstab","floor":0},{"not_picked":["Dagger Spray","Flying Knee"],"picked":"Unload","floor":1},{"not_picked":["Prepared","Infinite Blades"],"picked":"Dagger Spray","floor":2},{"not_picked":["Escape Plan","Deflect"],"picked":"Caltrops","floor":3},{"not_picked":["Calculated Gamble","Slice"],"picked":"Sucker Punch","floor":4},{"not_picked":["Deadly Poison","Acrobatics"],"picked":"Venomology","floor":7},{"not_picked":["Reflex","Malaise"],"picked":"Sucker Punch","floor":8},{"not_picked":["Glass Knife","Corpse Explosion"],"picked":"Adrenaline","floor":16},{"not_picked":["Underhanded Strike","Expertise"],"picked":"Cloak And Dagger","floor":19},{"not_picked":["Eviscerate","Accuracy"],"picked":"Blur","floor":30}],"player_experience":298669,"potions_floor_usage":[8,8,14,16,16,22,29,30,33,33,33,33],"damage_taken":[{"damage":0,"enemies":"Small Slimes","floor":1,"turns":3},{"damage":12,"enemies":"Jaw Worm","floor":2,"turns":2},{"damage":0,"enemies":"2 Louse","floor":3,"turns":2},{"damage":9,"enemies":"Red Slaver","floor":4,"turns":4},{"damage":8,"enemies":"3 Louse","floor":5,"turns":3},{"damage":17,"enemies":"Gremlin Nob","floor":7,"turns":4},{"damage":6,"enemies":"Exordium Thugs","floor":8,"turns":3},{"damage":0,"enemies":"2 Fungi Beasts","floor":11,"turns":2},{"damage":9,"enemies":"Blue Slaver","floor":12,"turns":2},{"damage":19,"enemies":"3 Sentries","floor":14,"turns":5},{"damage":44,"enemies":"Slime Boss","floor":16,"turns":9},{"damage":28,"enemies":"Spheric Guardian","floor":18,"turns":4},{"damage":13,"enemies":"Chosen","floor":19,"turns":5},{"damage":12,"enemies":"Snecko","floor":22,"turns":5},{"damage":21,"enemies":"Gremlin Leader","floor":28,"turns":9},{"damage":5,"enemies":"Centurion and Healer","floor":29,"turns":5},{"damage":14,"enemies":"Chosen and Byrds","floor":30,"turns":5},{"damage":5,"enemies":"Snecko","floor":31,"turns":3},{"damage":51,"enemies":"Champ","floor":33,"turns":13}],"event_choices":[{"event_name":"The Cleric","player_choice":"Healed","floor":10,"damage_taken":0},{"event_name":"The Joust","player_choice":"Bet on Murderer","floor":21,"damage_taken":0}],"boss_relics":[{"not_picked":["White Beast Statue","The Specimen"],"picked":"Astrolabe"}],"potions_floor_spawned":[1,2,4,11,14,18,29,30],"seed_played":"-1450100479730282330","killed_by":"Champ","ascension_level":3,"is_trial":false}