{"gold_per_floor":[114,114,129,144,159,159,189,85,85,100,130,145,160,190,190,290,290,305,205,220,235,235,265,265],"floor_reached":24,"playtime":1235,"items_purged":["Strike_G","Strike_G"],"score":240,"play_id":"351bffa6-af59-4c9c-b460-f71160a1bd33","local_time":"20181114172500","daily_mods":["Heirloom","Red Cards","Elite Swarm"],"is_ascension_mode":false,"campfire_choices":[{"data":"Catalyst","floor":6,"key":"SMITH"},{"floor":15,"key":"REST"}],"neow_cost":"","seed_source_timestamp":0,"circlet_count":0,"master_deck":["Defend_G","Defend_G+1","Defend_G","Defend_G","Defend_G","Strike_G","Strike_G","Strike_G","Survivor+1","Neutralize","Slice","Catalyst+1","Ghostly Armor","Corruption","Offering","Noxious Fumes","Dagger Spray","Malaise","Whirlwind","After Image","Corpse Explosion","Dodge and Roll","Noxious Fumes","True Grit+1","Pommel Strike"],"special_seed":17849,"relics":["Ring of the Snake","FossilizedHelix","MawBank","Bronze Scales","Calipers","Prayer Wheel","Cursed Key","Unceasing Top"],"potions_floor_usage":[7,13,13,14,23,23],"damage_taken":[{"damage":5,"enemies":"2 Louse","floor":1,"turns":3},{"damage":0,"enemies":"Jaw Worm","floor":3,"turns":5},{"damage":0,"enemies":"Cultist","floor":4,"turns":4},{"damage":1,"enemies":"2 Fungi Beasts","floor":5,"turns":5},{"damage":18,"enemies":"3 Sentries","floor":7,"turns":11},{"damage":0,"enemies":"Large Slime","floor":10,"turns":7},{"damage":18,"enemies":"Gremlin Nob","floor":11,"turns":5},{"damage":0,"enemies":"Blue Slaver","floor":12,"turns":4},{"damage":0,"enemies":"Exordium Thugs","floor":13,"turns":3},{"damage":7,"enemies":"3 Sentries","floor":14,"turns":5},{"damage":22,"enemies":"Slime Boss","floor":16,"turns":13},{"damage":12,"enemies":"2 Thieves","floor":18,"turns":3},{"damage":0,"enemies":"Shell Parasite","floor":20,"turns":5},{"damage":45,"enemies":"Sentry and Sphere","floor":21,"turns":7},{"damage":10,"enemies":"Gremlin Leader","floor":23,"turns":7},{"damage":9,"enemies":"Shelled Parasite and Fungi","floor":24,"turns":2}],"seed_played":"3344532573171370413","potions_obtained":[{"floor":1,"key":"Fire Potion"},{"floor":5,"key":"GhostInAJar"},{"floor":10,"key":"Explosive Potion"},{"floor":12,"key":"Regen Potion"},{"floor":16,"key":"SpeedPotion"},{"floor":20,"key":"SneckoOil"}],"is_trial":false,"path_per_floor":["M","?","M","M","M","R","E","$","T","M","E","M","M","E","R","B",null,"M","$","M","M","?","E","M"],"character_chosen":"THE_SILENT","items_purchased":["Noxious Fumes"],"campfire_rested":1,"item_purchase_floors":[8],"current_hp_per_floor":[65,51,51,51,50,50,32,32,32,32,14,14,23,16,37,15,70,58,58,58,13,13,3,0],"gold":265,"neow_bonus":"","is_prod":false,"is_daily":true,"chose_seed":false,"campfire_upgraded":1,"win_rate":0,"timestamp":1542212700,"path_taken":["M","?","M","M","M","R","E","$","T","M","E","M","M","E","R","BOSS","M","$","M","M","?","E","M"],"build_version":"2018-11-08","purchased_purges":2,"victory":false,"max_hp_per_floor":[70,70,70,70,70,70,70,70,70,70,70,70,70,70,70,70,70,70,70,70,70,70,70,70],"card_choices":[{"not_picked":["Intimidate","Backflip"],"picked":"Slice","floor":1},{"not_picked":["Skewer","PiercingWail"],"picked":"Catalyst","floor":3},{"not_picked":["Anger","Dual Wield"],"picked":"Ghostly Armor","floor":4},{"not_picked":["Prepared","Reckless Charge"],"picked":"Corruption","floor":5},{"not_picked":["Adrenaline","Bullet Time"],"picked":"Offering","floor":7},{"not_picked":["Terror","True Grit"],"picked":"Dagger Spray","floor":10},{"not_picked":["Doppelganger","Wraith Form v2"],"picked":"Malaise","floor":11},{"not_picked":["Shrug It Off","Underhanded Strike"],"picked":"Whirlwind","floor":12},{"not_picked":["Body Slam","Perfected Strike","Thunderclap"],"picked":"SKIP","floor":13},{"not_picked":["Juggernaut","Limit Break"],"picked":"After Image","floor":14},{"not_picked":["Phantasmal Killer","Doppelganger"],"picked":"Corpse Explosion","floor":16},{"not_picked":["Iron Wave","PiercingWail"],"picked":"Dodge and Roll","floor":18},{"not_picked":["Searing Blow","PiercingWail"],"picked":"Noxious Fumes","floor":18},{"not_picked":["Blade Dance+1","Concentrate"],"picked":"True Grit+1","floor":20},{"not_picked":["Blood for Blood","Clash+1"],"picked":"Pommel Strike","floor":20},{"not_picked":["Prepared","Feed","Evolve+1"],"picked":"SKIP","floor":21},{"not_picked":["Dagger Throw","Corruption","Cloak And Dagger"],"picked":"SKIP","floor":21},{"not_picked":["Tools of the Trade","Night Terror","Die Die Die"],"picked":"SKIP","floor":23}],"player_experience":211627,"relics_obtained":[{"floor":7,"key":"MawBank"},{"floor":9,"key":"Bronze Scales"},{"floor":11,"key":"Calipers"},{"floor":14,"key":"Prayer Wheel"},{"floor":23,"key":"Unceasing Top"}],"event_choices":[{"damage_healed":0,"gold_gain":0,"player_choice":"Entered Light","damage_taken":14,"max_hp_gain":0,"max_hp_loss":0,"event_name":"Shining Light","floor":2,"gold_loss":0,"cards_upgraded":["Survivor","Defend_G"]},{"damage_healed":0,"gold_gain":0,"player_choice":"Ignored","damage_taken":0,"max_hp_gain":0,"max_hp_loss":0,"event_name":"Vampires","floor":22,"gold_loss":0}],"is_beta":false,"boss_relics":[{"not_picked":["Ectoplasm","HoveringKite"],"picked":"Cursed Key"}],"items_purged_floors":[8,19],"is_endless":false,"potions_floor_spawned":[1,5,10,12,16,20],"killed_by":"Shelled Parasite and Fungi","ascension_level":0}