{"path_per_floor":["M","M","M","T","$","R","E","?","T","R","M","R","M","?","R","B",null,"M","?","?","?","M","R","M","M","T","M","$"],"character_chosen":"DEFECT","items_purchased":["Doom and Gloom","Core Surge"],"gold_per_floor":[118,138,148,171,63,63,92,192,245,245,265,265,283,304,304,402,402,422,422,422,347,366,366,376,389,414,431,288,288],"floor_reached":29,"campfire_rested":1,"playtime":959,"item_purchase_floors":[5,28],"current_hp_per_floor":[75,75,75,75,75,75,54,54,54,54,54,54,54,54,54,18,75,55,41,25,25,1,25,14,14,14,21,21,0],"items_purged":["Strike_B"],"gold":288,"score":225,"play_id":"ffc40ac9-02e6-4ad8-adfb-4ae91ffdc750","local_time":"20180522155558","is_prod":false,"is_daily":false,"chose_seed":false,"is_ascension_mode":false,"campfire_upgraded":4,"timestamp":1527018958,"campfire_choices":[{"data":"Redo","floor":6,"key":"SMITH"},{"data":"Zap","floor":10,"key":"SMITH"},{"data":"Sunder","floor":12,"key":"SMITH"},{"data":"Loop","floor":15,"key":"SMITH"},{"floor":23,"key":"REST"}],"path_taken":["M","M","?","?","$","R","E","?","T","R","M","R","?","?","R","BOSS","M","?","?","?","M","R","M","M","T","M","$","M"],"build_version":"2018-05-21v2","seed_source_timestamp":1794517286359886,"purchased_purges":1,"victory":false,"master_deck":["Strike_B","Strike_B","Defend_B","Defend_B","Defend_B","Defend_B","Zap+1","Dualcast","Redo+1","FTL","Lockon","Doom and Gloom","Go for the Eyes","Sunder+1","Loop+1","Reboot","Beam Cell","Fusion","Leap","Axe Kick","White Noise","Loop+1","Double Energy","Consume+1","Leap","Core Surge"],"max_hp_per_floor":[75,75,75,75,75,75,75,75,75,75,75,75,75,75,75,75,75,75,80,80,80,80,80,80,80,80,80,80,80],"relics":["Cracked Core","Ancient Tea Set","Bag of Marbles","Pen Nib","Vajra","Odd Mushroom","Orrery","Enchiridion","Art of War"],"card_choices":[{"not_picked":["Axe Kick","Conserve Battery"],"picked":"Redo","floor":1},{"not_picked":["Cold Snap","Rebound"],"picked":"FTL","floor":2},{"not_picked":["Axe Kick","Melter"],"picked":"Lockon","floor":3},{"not_picked":["Streamline","Skim"],"picked":"Go for the Eyes","floor":7},{"not_picked":["Sweeping Beam","Beam Cell"],"picked":"Sunder","floor":11},{"not_picked":["Self Repair","Fission"],"picked":"Loop","floor":13},{"not_picked":["Hyperbeam","Biased Cognition"],"picked":"Reboot","floor":16},{"not_picked":["Hologram","Hello World"],"picked":"Beam Cell","floor":17},{"not_picked":["Hello World","Leap"],"picked":"Fusion","floor":17},{"not_picked":["Undo","Coolheaded"],"picked":"Leap","floor":17},{"not_picked":["Storm","Streamline"],"picked":"Axe Kick","floor":17},{"not_picked":["Consume","Ball Lightning"],"picked":"White Noise","floor":17},{"not_picked":["Coolheaded","Fission"],"picked":"Loop+1","floor":18},{"not_picked":["Streamline","Coolheaded"],"picked":"Double Energy","floor":22},{"not_picked":["Redo","Cold Snap","Streamline"],"picked":"SKIP","floor":24},{"not_picked":["Reinforced Body","Axe Kick"],"picked":"Consume+1","floor":25},{"not_picked":["Axe Kick","Genetic Algorithm+1"],"picked":"Leap","floor":27}],"player_experience":479479,"potions_floor_usage":[13,14,27],"damage_taken":[{"damage":0,"enemies":"Cultist","floor":1,"turns":3},{"damage":0,"enemies":"Jaw Worm","floor":2,"turns":4},{"damage":0,"enemies":"Small Slimes","floor":3,"turns":3},{"damage":21,"enemies":"Lagavulin","floor":7,"turns":5},{"damage":0,"enemies":"Gremlin Gang","floor":11,"turns":3},{"damage":0,"enemies":"3 Louse","floor":13,"turns":1},{"damage":0,"enemies":"The Mushroom Lair","floor":14,"turns":2},{"damage":36,"enemies":"The Guardian","floor":16,"turns":6},{"damage":27,"enemies":"Spheric Guardian","floor":18,"turns":4},{"damage":24,"enemies":"Shell Parasite","floor":22,"turns":5},{"damage":18,"enemies":"Centurion and Healer","floor":24,"turns":6},{"damage":0,"enemies":"Snecko","floor":25,"turns":2},{"damage":0,"enemies":"Sentry and Sphere","floor":27,"turns":3},{"damage":23,"enemies":"Snake Plant","floor":29,"turns":2}],"relics_obtained":[{"floor":4,"key":"Bag of Marbles"},{"floor":7,"key":"Pen Nib"},{"floor":9,"key":"Vajra"},{"floor":14,"key":"Odd Mushroom"},{"floor":20,"key":"Enchiridion"},{"floor":26,"key":"Art of War"}],"event_choices":[{"event_name":"Golden Shrine","player_choice":"Pray","floor":8,"damage_taken":0},{"event_name":"Mushrooms","player_choice":"Fought Mushrooms","floor":14,"damage_taken":0},{"event_name":"Forgotten Altar","player_choice":"Shed Blood","floor":19,"damage_taken":0},{"event_name":"Cursed Tome","player_choice":"Obtained Book","floor":20,"damage_taken":0},{"event_name":"Beggar","player_choice":"Gave Gold","floor":21,"damage_taken":0}],"boss_relics":[{"not_picked":["Eternal Feather","Sozu"],"picked":"Orrery"}],"items_purged_floors":[5],"potions_floor_spawned":[1,3,7,11,16,18,24,25],"seed_played":"-4325541382195302590","killed_by":"Snake Plant","ascension_level":0,"potions_obtained":[{"floor":1,"key":"Dexterity Potion"},{"floor":3,"key":"Poison Potion"},{"floor":7,"key":"Block Potion"},{"floor":16,"key":"Ancient Potion"},{"floor":18,"key":"Strength Potion"},{"floor":25,"key":"AttackPotion"}],"is_trial":false}