{"gold_per_floor":[109,109,109,122,132,132,163,163,163,190,63,50,50,61,61,158,158,178,197,51,51],"floor_reached":21,"playtime":619,"items_purged":["Doubt","Perfected Strike"],"score":347,"play_id":"e5229eaa-2b8d-4f64-99b3-f28d456c8bf5","local_time":"20181017202810","is_ascension_mode":true,"campfire_choices":[{"data":"Swift Strike","floor":6,"key":"SMITH"},{"floor":8,"key":"REST"},{"data":"Demon Form","floor":13,"key":"SMITH"},{"data":"Disarm","floor":15,"key":"SMITH"}],"neow_cost":"CURSE","seed_source_timestamp":882458478575487,"circlet_count":0,"master_deck":["Bash","Finesse","Swift Strike+1","Disarm+1","Demon Form+1","Sword Boomerang","Twin Strike","Disarm","Double Tap","Pommel Strike","Pommel Strike","Armaments","Pommel Strike","Corruption","Seeing Red","Body Slam","Havoc","Sword Boomerang","Metallicize+1","Shrug It Off"],"relics":["Burning Blood","Pantograph","Pear","Meat on the Bone","Paper Frog","Pandora\u0027s Box"],"potions_floor_usage":[7,16,18,21],"damage_taken":[{"damage":9,"enemies":"2 Louse","floor":1,"turns":3},{"damage":10,"enemies":"Small Slimes","floor":4,"turns":5},{"damage":12,"enemies":"Jaw Worm","floor":5,"turns":4},{"damage":30,"enemies":"Gremlin Nob","floor":7,"turns":5},{"damage":21,"enemies":"Lagavulin","floor":10,"turns":7},{"damage":21,"enemies":"Exordium Thugs","floor":12,"turns":4},{"damage":11,"enemies":"Looter","floor":14,"turns":2},{"damage":1,"enemies":"The Guardian","floor":16,"turns":11},{"damage":37,"enemies":"2 Thieves","floor":18,"turns":3},{"damage":11,"enemies":"3 Byrds","floor":19,"turns":6},{"damage":63,"enemies":"3 Cultists","floor":21,"turns":5}],"seed_played":"770462333238211048","potions_obtained":[{"floor":1,"key":"Weak Potion"},{"floor":4,"key":"Strength Potion"},{"floor":10,"key":"EntropicBrew"},{"floor":18,"key":"AttackPotion"}],"is_trial":false,"path_per_floor":["M","?","?","M","M","R","E","R","T","E","$","M","R","M","R","B",null,"M","M","$"],"character_chosen":"IRONCLAD","items_purchased":["Twin Strike","Shrug It Off"],"campfire_rested":1,"item_purchase_floors":[11,20],"current_hp_per_floor":[69,44,44,40,34,34,20,47,47,44,44,41,41,48,48,78,87,56,63,63,0],"gold":51,"neow_bonus":"RANDOM_COLORLESS_2","is_prod":false,"is_daily":false,"chose_seed":false,"campfire_upgraded":3,"win_rate":0,"timestamp":1539822490,"path_taken":["M","?","?","M","M","R","E","R","T","E","$","M","R","?","R","BOSS","M","M","$","M"],"build_version":"2018-10-17v2","purchased_purges":2,"victory":false,"max_hp_per_floor":[80,80,80,80,80,80,90,90,90,90,90,90,90,90,90,90,90,90,90,90,90],"card_choices":[{"not_picked":["Armaments","Twin Strike"],"picked":"Disarm","floor":1},{"not_picked":["True Grit","Twin Strike"],"picked":"Demon Form","floor":4},{"not_picked":["True Grit","Warcry"],"picked":"Sword Boomerang","floor":5},{"not_picked":["Dual Wield","Warcry","Brutality"],"picked":"SKIP","floor":7},{"not_picked":["Body Slam","Shockwave","Power Through"],"picked":"SKIP","floor":10},{"not_picked":["Shrug It Off","Flex"],"picked":"Disarm","floor":12},{"not_picked":["Entrench","Seeing Red","Feel No Pain"],"picked":"SKIP","floor":14},{"not_picked":["Juggernaut","Berserk"],"picked":"Double Tap","floor":16},{"not_picked":["Body Slam","True Grit+1"],"picked":"Sword Boomerang","floor":18},{"not_picked":["Perfected Strike","Hemokinesis"],"picked":"Metallicize+1","floor":19}],"player_experience":922366,"relics_obtained":[{"floor":7,"key":"Pear"},{"floor":9,"key":"Meat on the Bone"},{"floor":10,"key":"Paper Frog"}],"event_choices":[{"damage_healed":0,"gold_gain":0,"player_choice":"Success","damage_taken":25,"relics_obtained":["Pantograph"],"max_hp_gain":0,"max_hp_loss":0,"event_name":"Scrap Ooze","floor":2,"gold_loss":0},{"damage_healed":0,"gold_gain":0,"player_choice":"Ignored","damage_taken":0,"max_hp_gain":0,"max_hp_loss":0,"event_name":"Shining Light","floor":3,"gold_loss":0}],"is_beta":true,"boss_relics":[{"not_picked":["Snecko Eye","Black Blood"],"picked":"Pandora\u0027s Box"}],"items_purged_floors":[11,20],"is_endless":false,"potions_floor_spawned":[1,4,10,18,19],"killed_by":"3 Cultists","ascension_level":9}