{"path_per_floor":["M","M","?","$","?","R","M","E","T","?","M","M","M","M","R","B",null,"M","M","?","M","$","?","?"],"character_chosen":"THE_SILENT","items_purchased":["Blur","Backstab"],"gold_per_floor":[117,132,132,97,97,97,117,149,175,175,193,210,222,234,234,331,331,302,322,322,336,189,114,29,29],"floor_reached":25,"campfire_rested":1,"playtime":983,"item_purchase_floors":[4,22],"current_hp_per_floor":[64,64,50,50,50,50,50,17,17,17,13,13,11,5,26,21,70,41,41,28,13,13,13,13,0],"items_purged":["Defend_G"],"gold":29,"score":236,"play_id":"f25f4311-01c7-4a7e-8cd3-4075825c327e","local_time":"20180625165643","is_prod":false,"is_daily":false,"chose_seed":false,"is_ascension_mode":true,"campfire_upgraded":1,"win_rate":0,"timestamp":1529960203,"campfire_choices":[{"data":"Crippling Poison","floor":6,"key":"SMITH"},{"floor":15,"key":"REST"}],"path_taken":["M","M","?","?","?","R","M","E","T","?","M","M","M","M","R","BOSS","M","M","?","M","$","?","?","M"],"build_version":"2018-06-21","seed_source_timestamp":2233451397154406,"purchased_purges":1,"circlet_count":0,"victory":false,"master_deck":["Defend_G","Defend_G","Defend_G+1","Defend_G","Strike_G+1","Strike_G+1","Strike_G+1","Survivor","Neutralize+1","Crippling Poison+1","Deflect","Blur","Sucker Punch","A Thousand Cuts","Backflip","Malaise","Dodge and Roll","Deflect","Dash","Tools of the Trade","Dagger Spray+1","Escape Plan","Backstab"],"max_hp_per_floor":[70,70,70,70,70,70,70,70,70,70,70,70,70,70,70,70,70,70,70,75,75,75,75,75,75],"relics":["Ring of the Snake","Art of War","Whetstone","Orichalcum","Black Star","Vajra"],"card_choices":[{"not_picked":["Backflip","Calculated Gamble"],"picked":"Crippling Poison","floor":1},{"not_picked":["Acrobatics","Prepared"],"picked":"Deflect","floor":2},{"not_picked":["Dodge and Roll","Quick Slash"],"picked":"Sucker Punch","floor":7},{"not_picked":["Outmaneuver","Dagger Throw"],"picked":"A Thousand Cuts","floor":8},{"not_picked":["Underhanded Strike","Riddle With Holes"],"picked":"Malaise","floor":11},{"not_picked":["Crippling Poison","PiercingWail"],"picked":"Dodge and Roll","floor":12},{"not_picked":["Quick Slash","Poisoned Stab"],"picked":"Deflect","floor":13},{"not_picked":["Outmaneuver","Dodge and Roll"],"picked":"Dash","floor":14},{"not_picked":["Storm of Steel","Grand Finale"],"picked":"Tools of the Trade","floor":16},{"not_picked":["Catalyst","Crippling Poison+1"],"picked":"Dagger Spray+1","floor":18},{"not_picked":["Outmaneuver","PiercingWail","Flying Knee"],"picked":"SKIP","floor":19},{"not_picked":["Cloak And Dagger","PiercingWail+1"],"picked":"Escape Plan","floor":21}],"player_experience":564761,"potions_floor_usage":[8,16,16,25],"damage_taken":[{"damage":6,"enemies":"Jaw Worm","floor":1,"turns":7},{"damage":0,"enemies":"2 Louse","floor":2,"turns":3},{"damage":0,"enemies":"Cultist","floor":7,"turns":3},{"damage":33,"enemies":"Gremlin Nob","floor":8,"turns":5},{"damage":4,"enemies":"Large Slime","floor":11,"turns":7},{"damage":0,"enemies":"Blue Slaver","floor":12,"turns":4},{"damage":2,"enemies":"Looter","floor":13,"turns":3},{"damage":6,"enemies":"2 Fungi Beasts","floor":14,"turns":4},{"damage":5,"enemies":"Slime Boss","floor":16,"turns":14},{"damage":29,"enemies":"2 Thieves","floor":18,"turns":5},{"damage":0,"enemies":"3 Byrds","floor":19,"turns":3},{"damage":15,"enemies":"Centurion and Healer","floor":21,"turns":13},{"damage":21,"enemies":"Sentry and Sphere","floor":25,"turns":7}],"relics_obtained":[{"floor":8,"key":"Whetstone"},{"floor":9,"key":"Orichalcum"}],"event_choices":[{"event_name":"Shining Light","player_choice":"Entered Light","floor":3,"damage_taken":0},{"event_name":"Living Wall","player_choice":"Grow","floor":5,"damage_taken":0},{"event_name":"Transmorgrifier","player_choice":"Transform","floor":10,"damage_taken":0},{"event_name":"Forgotten Altar","player_choice":"Shed Blood","floor":20,"damage_taken":0},{"event_name":"Beggar","player_choice":"Gave Gold","floor":23,"damage_taken":0},{"event_name":"Addict","player_choice":"Obtained Relic","floor":24,"damage_taken":0}],"boss_relics":[{"not_picked":["Busted Crown","Empty Cage"],"picked":"Black Star"}],"items_purged_floors":[22],"is_endless":false,"potions_floor_spawned":[1,2,8,12],"seed_played":"2191956862411580310","killed_by":"Sentry and Sphere","ascension_level":3,"potions_obtained":[{"floor":1,"key":"EssenceOfSteel"},{"floor":2,"key":"Explosive Potion"},{"floor":8,"key":"EssenceOfSteel"},{"floor":12,"key":"GhostInAJar"}],"is_trial":false}