{"gold_per_floor":[119,25,200,216,216,248,248,274,342,342,356,356,369,381,381,477,477,495,515,515,528,578,578,597,597,648,648,376,386,315,327,327,422,422,438,368,378,390,390,390,490,490,490,522,522,532,26,26],"floor_reached":48,"playtime":2077,"items_purged":["Writhe","Strike_B"],"score":753,"play_id":"8010b4f0-e7cd-4bf0-9399-2b926214aaf7","local_time":"20190101053613","is_ascension_mode":true,"campfire_choices":[{"data":"Redo","floor":7.0,"key":"SMITH"},{"data":"Zap","floor":10.0,"key":"SMITH"},{"data":"Dualcast","floor":12.0,"key":"SMITH"},{"floor":15.0,"key":"REST"},{"data":"Hologram","floor":23.0,"key":"SMITH"},{"floor":25.0,"key":"REST"},{"data":"Echo Form","floor":27.0,"key":"SMITH"},{"floor":32.0,"key":"REST"},{"floor":40,"key":"REST"},{"data":"Capacitor","floor":42,"key":"SMITH"},{"floor":45,"key":"REST"}],"neow_cost":"NONE","seed_source_timestamp":991393183416366,"circlet_count":0,"master_deck":["AscendersBane","Strike_B","Strike_B","Strike_B","Defend_B","Defend_B","Defend_B","Defend_B","Zap+1","Dualcast+1","Echo Form+1","Redo+1","Leap","Hologram+1","Electrodynamics","Buffer+1","Capacitor+1","BootSequence","Ball Lightning","Reinforced Body","White Noise","Leap+1","Capacitor","Finesse","Normality","Chrysalis"],"special_seed":0,"relics":["Cracked Core","Spirit Poop","Oddly Smooth Stone","Question Card","Pear","Cursed Key","Orichalcum","Busted Crown","Bird Faced Urn","Meat on the Bone","Molten Egg 2","Membership Card","Mercury Hourglass"],"potions_floor_usage":[38,44,48],"damage_taken":[{"damage":0.0,"enemies":"2 Louse","floor":1.0,"turns":2.0},{"damage":1.0,"enemies":"Cultist","floor":4.0,"turns":4.0},{"damage":14.0,"enemies":"Lagavulin","floor":6.0,"turns":8.0},{"damage":22.0,"enemies":"3 Sentries","floor":8.0,"turns":9.0},{"damage":0.0,"enemies":"Jaw Worm","floor":11.0,"turns":3.0},{"damage":20.0,"enemies":"Gremlin Gang","floor":13.0,"turns":3.0},{"damage":5.0,"enemies":"Looter","floor":14.0,"turns":3.0},{"damage":40.0,"enemies":"Hexaghost","floor":16.0,"turns":11.0},{"damage":8.0,"enemies":"Shell Parasite","floor":18.0,"turns":6.0},{"damage":18.0,"enemies":"Chosen","floor":19.0,"turns":5.0},{"damage":5.0,"enemies":"Centurion and Healer","floor":21.0,"turns":9.0},{"damage":16.0,"enemies":"Shelled Parasite and Fungi","floor":24.0,"turns":6.0},{"damage":1.0,"enemies":"Snake Plant","floor":29.0,"turns":5.0},{"damage":8.0,"enemies":"3 Cultists","floor":31.0,"turns":4.0},{"damage":33.0,"enemies":"Automaton","floor":33.0,"turns":14.0},{"damage":0.0,"enemies":"3 Darklings","floor":35.0,"turns":4.0},{"damage":0,"enemies":"Orb Walker","floor":37,"turns":4},{"damage":41,"enemies":"Sphere and 2 Shapes","floor":38,"turns":8},{"damage":3,"enemies":"Mind Bloom Boss Battle","floor":41,"turns":9},{"damage":37,"enemies":"Giant Head","floor":44,"turns":14},{"damage":45,"enemies":"Spire Growth","floor":46,"turns":7},{"damage":88,"enemies":"Reptomancer","floor":48,"turns":2}],"seed_played":"-9081803187966628507","potions_obtained":[{"floor":8.0,"key":"Weak Potion"},{"floor":11.0,"key":"SteroidPotion"},{"floor":13.0,"key":"EntropicBrew"},{"floor":16.0,"key":"SkillPotion"},{"floor":21.0,"key":"Fire Potion"},{"floor":31.0,"key":"SpeedPotion"},{"floor":38,"key":"Block Potion"},{"floor":46,"key":"Swift Potion"}],"is_trial":false,"path_per_floor":["M","$","?","M","?","E","R","E","T","R","M","R","M","M","R","B",null,"M","M","?","M","?","R","M","R","T","R","$","M","$","M","R","B",null,"M","$","M","M","?","R","?","R","T","E","R","M","$","E"],"character_chosen":"DEFECT","items_purchased":["Leap","PowerPotion","Capacitor","BootSequence","Ball Lightning","Reinforced Body","Capacitor","Membership Card","Chrysalis","Mercury Hourglass"],"campfire_rested":5,"item_purchase_floors":[2,2,28,28,28,30,36,47,47,47],"current_hp_per_floor":[68,68,68,67,67,53,53,31,41,41,41,41,21,16,41,1,64,56,38,38,33,33,33,17,42,42,42,42,41,41,33,58,25,70,70,70,70,29,29,54,51,51,51,42,67,50,50,0],"gold":26,"neow_bonus":"ONE_RANDOM_RARE_CARD","is_prod":false,"is_daily":false,"chose_seed":false,"campfire_upgraded":6,"win_rate":0,"timestamp":1546317373,"path_taken":["M","$","?","M","?","E","R","E","T","R","?","R","M","M","R","BOSS","M","M","?","?","?","R","M","R","T","R","$","?","$","M","R","BOSS","M","$","M","M","?","R","?","R","T","E","R","M","$","E"],"build_version":"2018-12-20","purchased_purges":2,"victory":false,"max_hp_per_floor":[75,75,75,75,75,75,75,75,85,85,85,85,85,85,85,85,85,85,85,85,85,85,85,85,85,85,85,85,85,85,85,85,85,85,85,85,85,85,85,85,85,85,85,85,85,85,85,85],"card_choices":[{"not_picked":["Beam Cell","Go for the Eyes"],"picked":"Redo","floor":1.0},{"not_picked":["Stack","Barrage"],"picked":"Hologram","floor":4.0},{"not_picked":["Conserve Battery","Sweeping Beam","Steam"],"picked":"SKIP","floor":6.0},{"not_picked":["Steam Power","Auto Shields"],"picked":"Electrodynamics","floor":8.0},{"not_picked":["Go for the Eyes","Beam Cell","Double Energy","Streamline"],"picked":"SKIP","floor":11.0},{"not_picked":["Sunder","Coolheaded","Streamline","Ball Lightning"],"picked":"SKIP","floor":13.0},{"not_picked":["Turbo","Go for the Eyes","Blizzard","Reprogram"],"picked":"SKIP","floor":14.0},{"not_picked":["Hyperbeam","Core Surge","Meteor Strike"],"picked":"Buffer","floor":16.0},{"not_picked":["Steam Power","Rebound","Undo+1","Sweeping Beam"],"picked":"SKIP","floor":18.0},{"not_picked":["Rebound+1","Recycle","Darkness","Beam Cell"],"picked":"SKIP","floor":19.0},{"not_picked":["Force Field","Redo","Reboot","Barrage"],"picked":"SKIP","floor":21.0},{"not_picked":["Sweeping Beam","Redo","Static Discharge","Force Field"],"picked":"SKIP","floor":24.0},{"not_picked":["Cold Snap","Blizzard+1","Compile Driver","Barrage"],"picked":"SKIP","floor":29.0},{"not_picked":["Hologram","Cold Snap","Amplify"],"picked":"White Noise","floor":31.0},{"not_picked":["Rip and Tear"],"picked":"Leap+1","floor":35.0},{"not_picked":["Conserve Battery+1","Compile Driver+1"],"picked":"SKIP","floor":37},{"not_picked":["Chaos","Turbo+1"],"picked":"SKIP","floor":38},{"not_picked":["Violence"],"picked":"Finesse","floor":39},{"not_picked":["Fusion+1","Double Energy"],"picked":"SKIP","floor":44},{"not_picked":["Scrape+1","Cold Snap+1"],"picked":"SKIP","floor":46}],"player_experience":376422,"relics_obtained":[{"floor":6.0,"key":"Oddly Smooth Stone"},{"floor":8.0,"key":"Question Card"},{"floor":9.0,"key":"Pear"},{"floor":26.0,"key":"Orichalcum"},{"floor":41,"key":"Bird Faced Urn"},{"floor":43,"key":"Meat on the Bone"},{"floor":44,"key":"Molten Egg 2"}],"event_choices":[{"damage_healed":0.0,"max_hp_gain":0.0,"max_hp_loss":0.0,"gold_gain":175.0,"event_name":"Liars Game","player_choice":"AGREE","floor":3.0,"gold_loss":0.0,"damage_taken":0.0,"cards_obtained":["Doubt"]},{"cards_removed":["Doubt"],"damage_healed":0.0,"max_hp_gain":0.0,"max_hp_loss":0.0,"gold_gain":0.0,"event_name":"Bonfire Elementals","player_choice":"Offered Curse","floor":5.0,"gold_loss":0.0,"damage_taken":0.0,"relics_obtained":["Spirit Poop"]},{"damage_healed":0.0,"max_hp_gain":0.0,"max_hp_loss":0.0,"gold_gain":0.0,"event_name":"Accursed Blacksmith","player_choice":"Forge","floor":20.0,"gold_loss":0.0,"damage_taken":0.0,"cards_upgraded":["Buffer"]},{"damage_healed":0.0,"max_hp_gain":0.0,"max_hp_loss":0.0,"gold_gain":100.0,"event_name":"The Joust","player_choice":"Bet on Murderer","floor":22.0,"gold_loss":50.0,"damage_taken":0.0},{"damage_healed":0,"gold_gain":0,"player_choice":"Memory 1","damage_taken":0,"max_hp_gain":0,"max_hp_loss":0,"event_name":"SensoryStone","floor":39,"gold_loss":0},{"damage_healed":0,"gold_gain":0,"player_choice":"Fight","damage_taken":0,"max_hp_gain":0,"max_hp_loss":0,"event_name":"MindBloom","floor":41,"gold_loss":0}],"is_beta":false,"boss_relics":[{"not_picked":["Pandora\u0027s Box","Coffee Dripper"],"picked":"Cursed Key"},{"not_picked":["Black Star","Snecko Eye"],"picked":"Busted Crown"}],"items_purged_floors":[28,47],"is_endless":false,"potions_floor_spawned":[8,11,13,16,18,21,31,38,41,46],"killed_by":"Reptomancer","ascension_level":11}