{"gold_per_floor":[362,74,4,17,17,17,31,31,31,31,65,76,90,113,125,214,226,256,268,293,320,343,355,393,405,470,482],"floor_reached":27,"playtime":2505,"items_purged":["Regret"],"score":466,"play_id":"e1a73b7b-6c18-48dc-b324-3fdea956e545","local_time":"20190826132131","is_ascension_mode":true,"campfire_choices":[{"data":"Defragment","floor":6.0,"key":"SMITH"},{"data":"Zap","floor":8.0,"key":"SMITH"},{"data":"Dualcast","floor":10.0,"key":"SMITH"},{"data":"Coolheaded","floor":15.0,"key":"SMITH"},{"floor":23,"key":"REST"},{"data":"Buffer","floor":25,"key":"SMITH"}],"neow_cost":"CURSE","seed_source_timestamp":255650243897308,"circlet_count":0,"master_deck":["AscendersBane","Strike_B","Strike_B","Strike_B","Strike_B","Defend_B","Defend_B","Defend_B","Defend_B","Zap+1","Dualcast+1","Defragment+1","BootSequence","Undo","Chill","Gash","Coolheaded+1","Buffer+1","Self Repair","Ball Lightning+1","Coolheaded"],"special_seed":0,"relics":["Cracked Core","OrangePellets","Mummified Hand","Bottled Lightning","PreservedInsect","MawBank","Snecko Eye","Strawberry","Bag of Marbles"],"potions_floor_usage":[22,27],"damage_taken":[{"damage":12.0,"enemies":"Small Slimes","floor":1.0,"turns":3.0},{"damage":2.0,"enemies":"Cultist","floor":4.0,"turns":4.0},{"damage":0.0,"enemies":"Jaw Worm","floor":7.0,"turns":4.0},{"damage":10.0,"enemies":"Lagavulin","floor":11.0,"turns":6.0},{"damage":0.0,"enemies":"Blue Slaver","floor":12.0,"turns":3.0},{"damage":0.0,"enemies":"Exordium Wildlife","floor":13.0,"turns":4.0},{"damage":34.0,"enemies":"Slime Boss","floor":16.0,"turns":14.0},{"damage":0.0,"enemies":"Shell Parasite","floor":18.0,"turns":7.0},{"damage":14.0,"enemies":"3 Byrds","floor":20.0,"turns":8.0},{"damage":4.0,"enemies":"Snecko","floor":21.0,"turns":7.0},{"damage":0,"enemies":"Chosen and Byrds","floor":22,"turns":7},{"damage":34,"enemies":"Slavers","floor":24,"turns":6},{"damage":54,"enemies":"Gremlin Leader","floor":27,"turns":7}],"seed_played":"-8636283455910325818","potions_obtained":[{"floor":7.0,"key":"Fire Potion"},{"floor":13.0,"key":"EntropicBrew"},{"floor":20.0,"key":"SpeedPotion"},{"floor":24,"key":"Regen Potion"}],"is_trial":false,"path_per_floor":["M","$","?","M","$","R","M","R","T","R","E","M","M","T","R","B",null,"M","?","M","M","M","R","E","R","T","E"],"character_chosen":"DEFECT","items_purchased":["OrangePellets"],"campfire_rested":1,"item_purchase_floors":[2],"current_hp_per_floor":[52,52,52,50,50,50,50,50,50,50,40,40,40,40,40,6,55,55,35,21,24,31,53,33,33,33,0],"gold":482,"neow_bonus":"TWO_FIFTY_GOLD","is_prod":false,"is_daily":false,"chose_seed":false,"campfire_upgraded":5,"win_rate":0,"timestamp":1566850891,"path_taken":["M","$","?","?","$","R","M","R","T","R","E","M","?","?","R","BOSS","M","?","M","M","M","R","E","R","T","E"],"build_version":"2019-07-17","purchased_purges":1,"victory":false,"max_hp_per_floor":[71,71,71,71,71,71,71,71,71,71,71,71,71,71,71,71,71,71,76,76,76,76,76,83,83,83,83],"card_choices":[{"not_picked":["Sweeping Beam","Barrage"],"picked":"Defragment","floor":1.0},{"not_picked":["Auto Shields","Heatsinks"],"picked":"BootSequence","floor":4.0},{"not_picked":["Sweeping Beam","Turbo"],"picked":"Undo","floor":7.0},{"not_picked":["Leap","Rainbow"],"picked":"Chill","floor":11.0},{"not_picked":["Streamline","Reprogram"],"picked":"Gash","floor":12.0},{"not_picked":["Melter","Go for the Eyes"],"picked":"Coolheaded","floor":13.0},{"not_picked":["Amplify","Thunder Strike"],"picked":"Buffer","floor":16.0},{"not_picked":["Reprogram","Storm","Chaos"],"picked":"SKIP","floor":18.0},{"not_picked":["Gash+1","Stack+1"],"picked":"Self Repair","floor":20.0},{"not_picked":["Streamline","Redo"],"picked":"Ball Lightning+1","floor":21.0},{"not_picked":["Leap","Redo","Beam Cell"],"picked":"SKIP","floor":22},{"not_picked":["Reprogram","Darkness"],"picked":"Coolheaded","floor":24}],"player_experience":781898,"relics_obtained":[{"floor":9.0,"key":"Bottled Lightning"},{"floor":11.0,"key":"PreservedInsect"},{"floor":14.0,"key":"MawBank"},{"floor":24,"key":"Strawberry"},{"floor":26,"key":"Bag of Marbles"}],"event_choices":[{"damage_healed":0.0,"max_hp_gain":0.0,"max_hp_loss":0.0,"gold_gain":0.0,"event_name":"WeMeetAgain","player_choice":"Paid Gold","floor":3.0,"gold_loss":70.0,"damage_taken":0.0,"relics_obtained":["Mummified Hand"]},{"damage_healed":0.0,"max_hp_gain":5.0,"max_hp_loss":0.0,"gold_gain":0.0,"event_name":"Forgotten Altar","player_choice":"Shed Blood","floor":19.0,"gold_loss":0.0,"damage_taken":25.0}],"is_beta":false,"boss_relics":[{"not_picked":["Runic Dome","FrozenCore"],"picked":"Snecko Eye"}],"items_purged_floors":[2],"is_endless":false,"potions_floor_spawned":[7,13,20,24],"killed_by":"Gremlin Leader","ascension_level":20}