{"gold_per_floor":[119,130,130,130,142,142,161,181,205,233,256,268,292,322,334,446,458,436,228,228,246,263,263,275,275,275,275,289,289,304,315,315,315],"floor_reached":33,"playtime":971,"items_purged":["Strike_R"],"score":247,"play_id":"7d9c3f66-2062-4775-8f97-ea6b4da4372a","local_time":"20190912160649","is_ascension_mode":false,"campfire_choices":[{"floor":6,"key":"REST"},{"data":"Whirlwind","floor":12,"key":"SMITH"},{"data":"Juggernaut","floor":15,"key":"SMITH"},{"floor":23,"key":"REST"},{"floor":27,"key":"REST"},{"floor":32,"key":"REST"}],"neow_cost":"NONE","seed_source_timestamp":2288589364809900,"circlet_count":0,"master_deck":["Strike_R","Strike_R","Strike_R","Defend_R","Defend_R","Defend_R","Bash","Whirlwind+1","Juggernaut+1","Impervious+1","Writhe","Clumsy","Doubt","Flex+1","Flex+1","Flex+1","Seeing Red+1","Infernal Blade+1"],"relics":["Burning Blood","Orichalcum","Toxic Egg 2","MawBank","Calling Bell","Centennial Puzzle","Meat on the Bone","FossilizedHelix","Strawberry","Bottled Flame"],"potions_floor_usage":[7,11,16,16,21,22,33],"damage_taken":[{"damage":10,"enemies":"2 Louse","floor":1,"turns":3},{"damage":6,"enemies":"Jaw Worm","floor":2,"turns":3},{"damage":0,"enemies":"Cultist","floor":5,"turns":3},{"damage":7,"enemies":"2 Fungi Beasts","floor":7,"turns":3},{"damage":2,"enemies":"Large Slime","floor":8,"turns":7},{"damage":8,"enemies":"Looter","floor":10,"turns":3},{"damage":13,"enemies":"Blue Slaver","floor":11,"turns":3},{"damage":0,"enemies":"3 Louse","floor":13,"turns":1},{"damage":4,"enemies":"Looter","floor":14,"turns":2},{"damage":45,"enemies":"Slime Boss","floor":16,"turns":9},{"damage":35,"enemies":"2 Thieves","floor":18,"turns":5},{"damage":31,"enemies":"Shell Parasite","floor":21,"turns":7},{"damage":44,"enemies":"Cultist and Chosen","floor":22,"turns":7},{"damage":18,"enemies":"Centurion and Healer","floor":24,"turns":5},{"damage":14,"enemies":"Sentry and Sphere","floor":28,"turns":4},{"damage":25,"enemies":"Cultist and Chosen","floor":30,"turns":6},{"damage":16,"enemies":"Snecko","floor":31,"turns":5},{"damage":80,"enemies":"Champ","floor":33,"turns":10}],"seed_played":"-3606568300113905367","potions_obtained":[{"floor":5,"key":"Fruit Juice"},{"floor":7,"key":"Swift Potion"},{"floor":10,"key":"SteroidPotion"},{"floor":14,"key":"SkillPotion"},{"floor":18,"key":"SpeedPotion"},{"floor":21,"key":"Fire Potion"},{"floor":31,"key":"Ancient Potion"}],"is_trial":false,"path_per_floor":["M","M","?","T","M","R","M","M","T","M","M","R","M","M","R","B",null,"M","$","?","M","M","R","M","?","T","R","M","?","M","M","R","B"],"character_chosen":"IRONCLAD","items_purchased":["Strawberry"],"campfire_rested":4,"item_purchase_floors":[19],"current_hp_per_floor":[76,76,51,51,57,80,84,85,85,83,76,76,82,84,84,45,85,56,63,63,50,24,51,51,51,51,78,70,70,63,53,80,0],"gold":315,"neow_bonus":"REMOVE_CARD","is_prod":false,"is_daily":false,"chose_seed":false,"campfire_upgraded":2,"win_rate":0,"timestamp":1568318809,"path_taken":["M","M","?","?","?","R","M","M","T","M","M","R","M","M","R","BOSS","M","$","?","M","M","R","M","?","T","R","M","?","?","M","R","BOSS"],"build_version":"2019-07-17","purchased_purges":1,"victory":false,"max_hp_per_floor":[80,80,80,80,80,80,85,85,85,85,85,85,85,85,85,85,85,85,92,92,92,92,92,92,92,92,92,92,92,92,92,92,92],"card_choices":[{"not_picked":["Shrug It Off","Headbutt","Battle Trance"],"picked":"SKIP","floor":1},{"not_picked":["Rampage","Clash","Armaments"],"picked":"SKIP","floor":2},{"not_picked":["Evolve","Shrug It Off+1","Thunderclap"],"picked":"SKIP","floor":5},{"not_picked":["Thunderclap","Sever Soul","Sword Boomerang"],"picked":"SKIP","floor":7},{"not_picked":["Clothesline","Corruption","Feel No Pain"],"picked":"SKIP","floor":8},{"not_picked":["Dropkick","Flame Barrier+1"],"picked":"Whirlwind","floor":10},{"not_picked":["Sword Boomerang","Hemokinesis","Iron Wave"],"picked":"SKIP","floor":11},{"not_picked":["Body Slam","Evolve"],"picked":"Juggernaut","floor":13},{"not_picked":["Havoc+1","Rupture","Armaments+1"],"picked":"SKIP","floor":14},{"not_picked":["Brutality","Dark Embrace"],"picked":"Impervious+1","floor":16},{"not_picked":["Clothesline","True Grit+1"],"picked":"Flex+1","floor":18},{"not_picked":["Hemokinesis","Headbutt+1"],"picked":"Flex+1","floor":21},{"not_picked":["Barricade","Body Slam","True Grit+1"],"picked":"SKIP","floor":22},{"not_picked":["Twin Strike+1","Perfected Strike"],"picked":"Flex+1","floor":24},{"not_picked":["Armaments+1","Twin Strike"],"picked":"Seeing Red+1","floor":28},{"not_picked":["Intimidate+1","Burning Pact+1","Cleave"],"picked":"SKIP","floor":30},{"not_picked":["Carnage+1","Warcry+1","Berserk"],"picked":"SKIP","floor":31}],"player_experience":391786,"relics_obtained":[{"floor":4,"key":"Toxic Egg 2"},{"floor":9,"key":"MawBank"},{"floor":17,"key":"Centennial Puzzle"},{"floor":17,"key":"Meat on the Bone"},{"floor":17,"key":"FossilizedHelix"},{"floor":26,"key":"Bottled Flame"}],"event_choices":[{"damage_healed":0,"gold_gain":0,"player_choice":"Success","damage_taken":25,"relics_obtained":["Orichalcum"],"max_hp_gain":0,"max_hp_loss":0,"event_name":"Scrap Ooze","floor":3,"gold_loss":0},{"cards_removed":["Strike_R"],"damage_healed":0,"gold_gain":0,"player_choice":"Elegance","damage_taken":0,"max_hp_gain":0,"max_hp_loss":0,"event_name":"Back to Basics","floor":20,"gold_loss":0},{"damage_healed":0,"gold_gain":0,"player_choice":"Ignored","damage_taken":0,"max_hp_gain":0,"max_hp_loss":0,"event_name":"Vampires","floor":25,"gold_loss":0},{"damage_healed":0,"gold_gain":0,"player_choice":"Read","damage_taken":0,"max_hp_gain":0,"max_hp_loss":0,"event_name":"The Library","floor":29,"gold_loss":0,"cards_obtained":["Infernal Blade"]}],"is_beta":false,"boss_relics":[{"not_picked":["Snecko Eye","Orrery"],"picked":"Calling Bell"}],"items_purged_floors":[19],"is_endless":false,"potions_floor_spawned":[5,7,10,14,18,21,31],"killed_by":"Champ","ascension_level":0}