{"gold_per_floor":[119,119,119,133,144,177,191,210,210,210,242,242,267,287,287,383,383,401,500,514,514,47,47,65,65],"floor_reached":25,"playtime":1033,"items_purged":[],"score":234,"play_id":"95b789a9-fc29-4f61-8f55-57841f368336","local_time":"20190916010959","is_ascension_mode":true,"campfire_choices":[{"data":"Perfected Strike","floor":10,"key":"SMITH"},{"data":"Whirlwind","floor":12,"key":"SMITH"},{"floor":15,"key":"REST"},{"data":"True Grit","floor":23,"key":"SMITH"}],"neow_cost":"NONE","seed_source_timestamp":386525834169100,"circlet_count":0,"master_deck":["Strike_R","Strike_R","Strike_R","Strike_R","Strike_R","Defend_R","Bash","True Grit+1","Perfected Strike+1","Thunderclap","Feel No Pain","Headbutt","Whirlwind+1","Fire Breathing","Dark Embrace","Impervious+1","Berserk+1","Uppercut+1","Bloodletting+1","Pain","Corruption","Flash of Steel","Sentinel"],"relics":["Burning Blood","Pen Nib","Incense Burner","Toy Ornithopter","Regal Pillow","Bottled Lightning","MealTicket","Astrolabe","WarpedTongs","Dead Branch"],"potions_floor_usage":[16,24,25],"damage_taken":[{"damage":3,"enemies":"2 Louse","floor":1,"turns":3},{"damage":6,"enemies":"Jaw Worm","floor":4,"turns":4},{"damage":0,"enemies":"Cultist","floor":5,"turns":3},{"damage":34,"enemies":"3 Sentries","floor":6,"turns":7},{"damage":4,"enemies":"2 Fungi Beasts","floor":7,"turns":3},{"damage":9,"enemies":"Exordium Wildlife","floor":8,"turns":5},{"damage":10,"enemies":"Gremlin Nob","floor":11,"turns":4},{"damage":36,"enemies":"Lagavulin","floor":13,"turns":5},{"damage":13,"enemies":"Exordium Thugs","floor":14,"turns":4},{"damage":40,"enemies":"Hexaghost","floor":16,"turns":9},{"damage":30,"enemies":"Spheric Guardian","floor":18,"turns":4},{"damage":42,"enemies":"Shell Parasite","floor":20,"turns":6},{"damage":34,"enemies":"Centurion and Healer","floor":24,"turns":8},{"damage":39,"enemies":"Book of Stabbing","floor":25,"turns":2}],"seed_played":"7458138998053593143","potions_obtained":[{"floor":1,"key":"Ancient Potion"},{"floor":6,"key":"Poison Potion"},{"floor":13,"key":"PowerPotion"},{"floor":18,"key":"SpeedPotion"},{"floor":20,"key":"BloodPotion"}],"is_trial":false,"path_per_floor":["M","?","?","M","M","E","M","M","T","R","E","R","E","M","R","B",null,"M","?","M","?","$","R","M","E"],"character_chosen":"IRONCLAD","items_purchased":["Dead Branch","Corruption","Flash of Steel"],"campfire_rested":1,"item_purchase_floors":[22,22,22],"current_hp_per_floor":[80,80,77,77,80,52,54,51,51,51,47,47,17,10,49,20,80,56,56,20,20,35,35,32,0],"gold":65,"neow_bonus":"RANDOM_COMMON_RELIC","is_prod":false,"is_daily":false,"chose_seed":false,"campfire_upgraded":3,"win_rate":0,"timestamp":1568610599,"path_taken":["M","?","?","M","M","E","?","M","T","R","E","R","E","M","R","BOSS","M","?","M","?","$","R","M","E"],"build_version":"2019-09-12","purchased_purges":0,"victory":false,"max_hp_per_floor":[80,80,80,80,80,80,80,80,80,80,80,80,80,80,80,80,80,80,80,80,80,80,80,80,80],"card_choices":[{"not_picked":["Second Wind","Clothesline"],"picked":"True Grit","floor":1},{"not_picked":["Pummel","Armaments"],"picked":"Perfected Strike","floor":4},{"not_picked":["Clothesline","Rupture"],"picked":"Thunderclap","floor":5},{"not_picked":["Perfected Strike","Havoc","Warcry"],"picked":"SKIP","floor":6},{"not_picked":["Twin Strike","True Grit"],"picked":"Feel No Pain","floor":7},{"not_picked":["Pommel Strike","Twin Strike"],"picked":"Headbutt","floor":8},{"not_picked":["Rupture","Headbutt"],"picked":"Whirlwind","floor":11},{"not_picked":["Combust","Entrench","Offering"],"picked":"SKIP","floor":13},{"not_picked":["Cleave","Carnage"],"picked":"Fire Breathing","floor":14},{"not_picked":["Juggernaut","Offering"],"picked":"Dark Embrace","floor":16},{"not_picked":["Perfected Strike","Whirlwind"],"picked":"Bloodletting+1","floor":18},{"not_picked":["Heavy Blade","Clash","Hemokinesis"],"picked":"SKIP","floor":20},{"not_picked":["Body Slam","Iron Wave"],"picked":"Sentinel","floor":24}],"player_experience":1018191,"relics_obtained":[{"floor":6,"key":"Toy Ornithopter"},{"floor":9,"key":"Regal Pillow"},{"floor":11,"key":"Bottled Lightning"},{"floor":13,"key":"MealTicket"}],"event_choices":[{"damage_healed":0,"gold_gain":0,"player_choice":"Ignored","damage_taken":0,"max_hp_gain":0,"max_hp_loss":0,"event_name":"Liars Game","floor":2,"gold_loss":0},{"damage_healed":0,"gold_gain":0,"player_choice":"Success","damage_taken":3,"relics_obtained":["Incense Burner"],"max_hp_gain":0,"max_hp_loss":0,"event_name":"Scrap Ooze","floor":3,"gold_loss":0},{"damage_healed":0,"gold_gain":99,"player_choice":"Stole From Cult","damage_taken":0,"max_hp_gain":0,"max_hp_loss":0,"event_name":"Nest","floor":19,"gold_loss":0},{"damage_healed":0,"gold_gain":0,"player_choice":"Rummage","damage_taken":0,"relics_obtained":["WarpedTongs"],"max_hp_gain":0,"max_hp_loss":0,"event_name":"Accursed Blacksmith","floor":21,"gold_loss":0,"cards_obtained":["Pain"]}],"is_beta":true,"boss_relics":[{"not_picked":["Velvet Choker","Fusion Hammer"],"picked":"Astrolabe"}],"items_purged_floors":[],"is_endless":false,"potions_floor_spawned":[1,6,13,18,20],"killed_by":"Book of Stabbing","ascension_level":1}