{"path_per_floor":["M","?","?","M","M","M","R","E","T","R","E","R","M","?","R","B",null,"M","M","?","M","M","R","$","R","T","R","M","M"],"character_chosen":"IRONCLAD","items_purchased":["Meat on the Bone"],"gold_per_floor":[109,184,184,202,215,227,227,261,261,261,295,295,315,377,377,478,478,495,508,423,437,454,454,120,120,147,147,166,180,180],"floor_reached":30,"campfire_rested":3,"playtime":966,"current_hp_per_floor":[71,60,60,53,58,55,55,30,30,30,30,30,30,7,33,28,87,87,65,65,20,13,39,39,65,65,65,35,43,0],"items_purged":["Strike_R"],"gold":180,"score":242,"play_id":"733d5adf-201d-49de-ba92-459669ec371e","local_time":"20180509151302","is_prod":false,"is_daily":false,"chose_seed":false,"is_ascension_mode":false,"campfire_upgraded":4,"timestamp":1525893182,"path_taken":["M","?","?","M","M","M","R","E","T","R","E","R","M","?","R","BOSS","M","M","?","M","M","R","$","R","T","R","M","M","E"],"build_version":"2018-05-08","seed_source_timestamp":668737772021355,"purchased_purges":1,"victory":false,"master_deck":["Strike_R","Defend_R+1","Defend_R","Defend_R+1","Defend_R","Bash+1","Body Slam+1","Dual Wield+1","Clash","Rage+1","Flex+1","True Grit","Shockwave","Juggernaut+1","Bludgeon+1","True Grit+1","Sentinel+1","Clash","Feel No Pain","Double Tap","Anger+1","Hemokinesis","Armaments+1"],"max_hp_per_floor":[80,80,80,80,80,80,80,87,87,87,87,87,87,87,87,87,87,87,87,87,87,87,87,87,87,87,87,87,87,87],"relics":["Burning Blood","Strawberry","Prayer Wheel","Toolbox","Juzu Bracelet","Astrolabe","War Paint","Meat on the Bone","Bag of Preparation"],"card_choices":[{"not_picked":["Thunderclap","Havoc"],"picked":"Body Slam","floor":1},{"not_picked":["Ghostly Armor","Burning Pact"],"picked":"Dual Wield","floor":4},{"not_picked":["Combust","Iron Wave"],"picked":"Clash","floor":5},{"not_picked":["Heavy Blade","Wild Strike"],"picked":"Rage","floor":6},{"not_picked":["Power Through","Dropkick"],"picked":"Flex","floor":11},{"not_picked":["Sword Boomerang","Clash"],"picked":"True Grit","floor":13},{"not_picked":["Havoc","Wild Strike"],"picked":"Shockwave","floor":14},{"not_picked":["Reaper","Brutality"],"picked":"Juggernaut","floor":16},{"not_picked":["Pummel","Armaments"],"picked":"Clash","floor":18},{"not_picked":["Sword Boomerang","Headbutt"],"picked":"Feel No Pain","floor":19},{"not_picked":["Blood for Blood","Twin Strike"],"picked":"Double Tap","floor":21},{"not_picked":["Dual Wield","Intimidate"],"picked":"Anger","floor":22},{"not_picked":["Perfected Strike","Clash"],"picked":"Hemokinesis","floor":26},{"not_picked":["Hemokinesis","Clash"],"picked":"Armaments","floor":28}],"player_experience":437432,"potions_floor_usage":[14,19,19,28,28,30],"damage_taken":[{"damage":15,"enemies":"Jaw Worm","floor":1,"turns":4},{"damage":13,"enemies":"2 Louse","floor":4,"turns":2},{"damage":1,"enemies":"Cultist","floor":5,"turns":3},{"damage":9,"enemies":"Blue Slaver","floor":6,"turns":3},{"damage":38,"enemies":"3 Sentries","floor":8,"turns":11},{"damage":6,"enemies":"Gremlin Nob","floor":11,"turns":3},{"damage":6,"enemies":"3 Louse","floor":13,"turns":2},{"damage":29,"enemies":"Gremlin Nob","floor":14,"turns":5},{"damage":11,"enemies":"Slime Boss","floor":16,"turns":4},{"damage":0,"enemies":"Spheric Guardian","floor":18,"turns":2},{"damage":28,"enemies":"3 Byrds","floor":19,"turns":6},{"damage":51,"enemies":"Sentry and Sphere","floor":21,"turns":7},{"damage":13,"enemies":"Snake Plant","floor":22,"turns":4},{"damage":48,"enemies":"Slaver and Parasite","floor":28,"turns":6},{"damage":10,"enemies":"3 Cultists","floor":29,"turns":5},{"damage":46,"enemies":"Gremlin Leader","floor":30,"turns":5}],"event_choices":[{"event_name":"World of Goop","player_choice":"Gather Gold","floor":2,"damage_taken":0},{"event_name":"Upgrade Shrine","player_choice":"Upgraded","floor":3,"damage_taken":0},{"event_name":"Dead Adventurer","player_choice":"Searched \u00272\u0027 times","floor":14,"damage_taken":0},{"event_name":"Addict","player_choice":"Obtained Relic","floor":20,"damage_taken":0}],"boss_relics":[{"not_picked":["Eternal Feather","Lizard Tail"],"picked":"Astrolabe"}],"potions_floor_spawned":[4,5,8,11,14,14,16,21,22],"seed_played":"2847953729188504287","killed_by":"Gremlin Leader","ascension_level":0,"is_trial":false}