{"gold_per_floor":[117,117,117,134,150,150,100,100,125,151,169,185,214,231,231,231],"floor_reached":16,"playtime":524,"items_purged":[],"score":112,"play_id":"60dcdf13-9a65-4c26-aba6-d74e9e1a9796","local_time":"20190512204809","is_ascension_mode":false,"campfire_choices":[{"data":"Flame Barrier","floor":6,"key":"SMITH"},{"data":"Specialist","floor":8,"key":"SMITH"},{"floor":15,"key":"REST"}],"neow_cost":"PERCENT_DAMAGE","seed_source_timestamp":270567489869138,"circlet_count":0,"master_deck":["Strike_R","Strike_R","Strike_R","Defend_R","Defend_R+1","Defend_R","Defend_R","Bash+1","Purity+1","Specialist+1","Feel No Pain","Flame Barrier+1","Pot Of Greed","Pot Of Greed","strawberrySpire:CrashLanding","Metallicize"],"relics":["Burning Blood","War Paint","Grinning Jar","Bronze Scales","Thread and Needle"],"potions_floor_usage":[13],"damage_taken":[{"damage":9,"enemies":"2 Louse","floor":1,"turns":4},{"damage":0,"enemies":"Small Slimes","floor":4,"turns":4},{"damage":7,"enemies":"Jaw Worm","floor":5,"turns":4},{"damage":6,"enemies":"3 Sentries","floor":10,"turns":13},{"damage":0,"enemies":"Large Slime","floor":11,"turns":7},{"damage":12,"enemies":"Looter","floor":12,"turns":4},{"damage":45,"enemies":"Lagavulin","floor":13,"turns":7},{"damage":1,"enemies":"Exordium Thugs","floor":14,"turns":3},{"damage":52,"enemies":"Slime Boss","floor":16,"turns":13}],"seed_played":"7078095896781682637","potions_obtained":[{"floor":5,"key":"Block Potion"},{"floor":11,"key":"Elixir"},{"floor":13,"key":"Swift Potion"}],"is_trial":false,"path_per_floor":["M","?","?","M","M","R","?","R","T","E","M","M","E","M","R","B"],"character_chosen":"IRONCLAD","items_purchased":[],"campfire_rested":1,"item_purchase_floors":[],"current_hp_per_floor":[53,53,53,59,58,58,58,58,58,58,64,58,19,24,48,0],"gold":231,"neow_bonus":"RANDOM_COLORLESS_2","is_prod":false,"is_daily":false,"chose_seed":false,"campfire_upgraded":2,"win_rate":0,"timestamp":1557708489,"path_taken":["M","?","?","?","M","R","?","R","T","E","M","M","E","M","R","BOSS"],"build_version":"2019-01-23","purchased_purges":0,"victory":false,"max_hp_per_floor":[80,80,80,80,80,80,80,80,80,80,80,80,80,80,80,80],"card_choices":[{"not_picked":["strawberrySpire:FireDrill","Flex","Reckless Charge"],"picked":"SKIP","floor":1},{"not_picked":["Flex","Perfected Strike"],"picked":"Feel No Pain","floor":4},{"not_picked":["Corruption","Invigoration"],"picked":"Flame Barrier","floor":5},{"not_picked":["strawberrySpire:Beatdown","Battle Trance"],"picked":"strawberrySpire:CrashLanding","floor":10},{"not_picked":["Thunderclap","hubris:ReadiedAction","Second Wind"],"picked":"SKIP","floor":11},{"not_picked":["strawberrySpire:DraftPunk","Armaments","strawberrySpire:DebrisPile"],"picked":"SKIP","floor":12},{"not_picked":["Sword Boomerang","Pummel"],"picked":"Metallicize","floor":13},{"not_picked":["Body Slam","strawberrySpire:Endurance","Cleave"],"picked":"SKIP","floor":14}],"player_experience":749764,"relics_obtained":[{"floor":9,"key":"War Paint"},{"floor":10,"key":"Grinning Jar"},{"floor":13,"key":"Bronze Scales"}],"event_choices":[{"cards_removed":["Strike_R"],"damage_healed":0,"gold_gain":0,"player_choice":"Card Removal","damage_taken":0,"max_hp_gain":0,"max_hp_loss":0,"event_name":"The Cleric","floor":7,"gold_loss":50}],"is_beta":false,"boss_relics":[],"items_purged_floors":[],"is_endless":false,"potions_floor_spawned":[5,11,13],"killed_by":"Slime Boss","ascension_level":0}