{"gold_per_floor":[109,126,51,126,143,177,177,177,248,148,148,23,23,43,43,43],"floor_reached":16,"playtime":487,"items_purged":["Strike_R","Decay","Strike_R"],"score":98,"play_id":"e511664d-4a40-489d-bda9-b4d72a6a1fb5","local_time":"20190914172323","is_ascension_mode":false,"campfire_choices":[{"data":"Bash","floor":8,"key":"SMITH"},{"data":"Defend_R","floor":11,"key":"SMITH"},{"data":"Shrug It Off","floor":15,"key":"SMITH"}],"neow_cost":"NONE","seed_source_timestamp":2466467309721300,"circlet_count":0,"master_deck":["Strike_R","Strike_R","Defend_R+1","Defend_R","Defend_R","Defend_R","Bash+1","Shrug It Off+1"],"relics":["Coffee Dripper"],"potions_floor_usage":[6,6,16],"damage_taken":[{"damage":1,"enemies":"Cultist","floor":1,"turns":3},{"damage":2,"enemies":"2 Louse","floor":2,"turns":2},{"damage":0,"enemies":"Small Slimes","floor":5,"turns":3},{"damage":19,"enemies":"Lagavulin","floor":6,"turns":4},{"damage":0,"enemies":"Exordium Thugs","floor":14,"turns":5},{"damage":56,"enemies":"Slime Boss","floor":16,"turns":12}],"seed_played":"4296657354453357437","potions_obtained":[{"floor":2,"key":"Block Potion"},{"floor":5,"key":"Fire Potion"},{"floor":6,"key":"SpeedPotion"}],"is_trial":false,"path_per_floor":["M","M","$","?","M","E","?","R","T","$","R","$","?","M","R","B"],"character_chosen":"IRONCLAD","items_purchased":[],"campfire_rested":0,"item_purchase_floors":[],"current_hp_per_floor":[79,77,77,69,69,50,50,50,50,50,50,50,50,50,50,0],"gold":43,"neow_bonus":"BOSS_RELIC","is_prod":false,"is_daily":false,"chose_seed":false,"campfire_upgraded":3,"win_rate":0,"timestamp":1568496203,"path_taken":["M","?","$","?","?","E","?","R","T","?","R","$","?","M","R","BOSS"],"build_version":"2019-07-17","purchased_purges":3,"victory":false,"max_hp_per_floor":[80,80,80,80,80,80,80,80,80,80,80,80,80,80,80,80],"card_choices":[{"not_picked":["Thunderclap","Headbutt","Heavy Blade"],"picked":"SKIP","floor":1},{"not_picked":["Clash","Havoc","Bloodletting"],"picked":"SKIP","floor":2},{"not_picked":["Headbutt","True Grit","Intimidate"],"picked":"SKIP","floor":5},{"not_picked":["Reckless Charge","Rupture","Fire Breathing"],"picked":"SKIP","floor":6},{"not_picked":["Dropkick","Heavy Blade"],"picked":"Shrug It Off","floor":14}],"player_experience":460001,"relics_obtained":[],"event_choices":[{"damage_healed":0,"gold_gain":75,"player_choice":"Touch","damage_taken":8,"max_hp_gain":0,"max_hp_loss":0,"event_name":"FaceTrader","floor":4,"gold_loss":0},{"damage_healed":0,"gold_gain":0,"player_choice":"Cursed","damage_taken":0,"max_hp_gain":0,"max_hp_loss":0,"event_name":"Wheel of Change","floor":7,"gold_loss":0,"cards_obtained":["Decay"]},{"cards_removed":["Strike_R"],"damage_healed":0,"gold_gain":0,"player_choice":"Forget","damage_taken":0,"max_hp_gain":0,"max_hp_loss":0,"event_name":"Living Wall","floor":13,"gold_loss":0}],"is_beta":false,"boss_relics":[],"items_purged_floors":[3,10,12],"is_endless":false,"potions_floor_spawned":[2,5,6],"killed_by":"Slime Boss","ascension_level":0}