{"path_per_floor":["M","?","?","M","M","R","E","M","T","R","M","R","M","M","R","B",null,"M","M","$","$","M","R","?","R","T","M","M","M","R","M","R","B",null,"M","?","?","$","M","M","R","M","T","M","?","M","T","T","R","B"],"character_chosen":"DEFECT","items_purchased":["Bandage Up","Self Repair","Apotheosis","Bottled Lightning"],"gold_per_floor":[109,74,74,88,98,98,130,145,213,213,233,233,243,258,258,356,356,375,386,255,42,58,58,58,58,81,95,105,123,123,134,134,239,239,252,252,352,74,85,105,105,116,143,160,0,13,13,13,13,13],"floor_reached":51,"campfire_rested":1,"playtime":1776,"item_purchase_floors":[20,21,21,38],"current_hp_per_floor":[50,67,67,63,63,63,40,35,35,35,20,20,20,12,12,2,68,38,31,31,31,24,24,46,46,46,49,38,31,31,41,41,28,68,53,44,44,44,43,44,64,59,59,31,31,41,41,41,41,29],"items_purged":["Strike_B","Strike_B"],"gold":13,"score":655,"play_id":"1e47cd36-ab17-4cfc-a4ff-c02f16d23618","local_time":"20180531010352","is_prod":false,"is_daily":false,"chose_seed":false,"is_ascension_mode":false,"campfire_upgraded":9,"win_rate":0,"timestamp":1527743032,"campfire_choices":[{"data":"Zap","floor":6,"key":"SMITH"},{"data":"Static Discharge","floor":10,"key":"SMITH"},{"data":"Defragment","floor":12,"key":"SMITH"},{"data":"Redo","floor":15,"key":"SMITH"},{"data":"Defragment","floor":23,"key":"SMITH"},{"data":"Apotheosis","floor":25,"key":"SMITH"},{"data":"Redo","floor":30,"key":"SMITH"},{"data":"Bandage Up","floor":32,"key":"SMITH"},{"floor":41,"key":"REST"},{"data":"Storm","floor":49,"key":"SMITH"}],"path_taken":["M","?","?","?","M","R","E","M","T","R","M","R","M","M","R","BOSS","M","?","?","$","M","R","?","R","T","M","M","M","R","M","R","BOSS","M","?","?","$","?","M","R","M","T","M","?","M","?","?","R","BOSS"],"build_version":"2018-05-30","seed_source_timestamp":15487169828972,"purchased_purges":2,"victory":true,"master_deck":["Strike_B","Defend_B","Defend_B","Defend_B","Zap+1","Dualcast","Recycle","Chill","Static Discharge+1","Defragment+1","Leap","Tempest","Compile Driver","Redo+1","Defragment+1","Redo+1","Electrodynamics","Double Energy","Tempest+1","Bandage Up+1","Self Repair","Apotheosis+1","Force Field","Loop","Core Surge","Leap+1","Madness","Madness","Core Surge","Storm+1","Storm+1","Conserve Battery"],"max_hp_per_floor":[68,68,68,68,68,68,68,68,68,68,68,68,68,68,68,68,68,68,68,68,68,68,68,68,68,68,68,68,68,68,68,68,68,68,68,68,68,68,68,68,68,68,68,68,68,68,68,68,68,68],"relics":["Cracked Core","Dead Branch","The Courier","Velvet Choker","DataDisk","White Beast Statue","Bottled Lightning","Oddly Smooth Stone","Red Mask","Ornamental Fan","Meat on the Bone"],"card_choices":[{"not_picked":["Sweeping Beam","Beam Cell"],"picked":"Static Discharge","floor":1},{"not_picked":["Melter","Genetic Algorithm"],"picked":"Defragment","floor":4},{"not_picked":["Skim","Stack"],"picked":"Leap","floor":5},{"not_picked":["Sunder","Stack"],"picked":"Tempest","floor":7},{"not_picked":["Streamline","Steam"],"picked":"Compile Driver","floor":8},{"not_picked":["Stack","Lockon"],"picked":"Redo","floor":11},{"not_picked":["Steam","Gash"],"picked":"Defragment","floor":13},{"not_picked":["Barrage","Streamline"],"picked":"Redo","floor":14},{"not_picked":["Core Surge","Reboot"],"picked":"Electrodynamics","floor":16},{"not_picked":["Turbo","Beam Cell"],"picked":"Double Energy","floor":18},{"not_picked":["Reinforced Body","Barrage"],"picked":"Tempest+1","floor":19},{"not_picked":["Leap+1","Barrage"],"picked":"Force Field","floor":22},{"not_picked":["Go for the Eyes+1","Rebound","Turbo"],"picked":"SKIP","floor":27},{"not_picked":["Compile Driver+1","White Noise","Scrape+1"],"picked":"SKIP","floor":28},{"not_picked":["Rebound","Reinforced Body","Barrage"],"picked":"SKIP","floor":29},{"not_picked":["Barrage","Sweeping Beam"],"picked":"Loop","floor":31},{"not_picked":["All For One","Meteor Strike"],"picked":"Core Surge","floor":33},{"not_picked":["Sweeping Beam","Coolheaded"],"picked":"Leap+1","floor":35},{"not_picked":["Cold Snap","Stack+1"],"picked":"Core Surge","floor":39},{"not_picked":["FTL","Aggregate+1"],"picked":"Storm+1","floor":40},{"not_picked":["Sunder+1","Beam Cell+1"],"picked":"Storm","floor":42},{"not_picked":["Scrape","Ball Lightning+1"],"picked":"Conserve Battery","floor":44},{"not_picked":["Hologram+1","Fusion+1","Steam+1"],"picked":"SKIP","floor":46}],"player_experience":527791,"potions_floor_usage":[13,16,28,35,39,50,50,50],"damage_taken":[{"damage":18,"enemies":"Jaw Worm","floor":1,"turns":5},{"damage":4,"enemies":"2 Louse","floor":4,"turns":3},{"damage":0,"enemies":"Small Slimes","floor":5,"turns":4},{"damage":23,"enemies":"Lagavulin","floor":7,"turns":6},{"damage":5,"enemies":"3 Louse","floor":8,"turns":4},{"damage":15,"enemies":"Looter","floor":11,"turns":3},{"damage":0,"enemies":"Lots of Slimes","floor":13,"turns":1},{"damage":8,"enemies":"Red Slaver","floor":14,"turns":2},{"damage":10,"enemies":"Slime Boss","floor":16,"turns":5},{"damage":30,"enemies":"2 Thieves","floor":18,"turns":4},{"damage":7,"enemies":"Spheric Guardian","floor":19,"turns":3},{"damage":18,"enemies":"Snake Plant","floor":22,"turns":4},{"damage":1,"enemies":"Snecko","floor":27,"turns":3},{"damage":17,"enemies":"Chosen and Byrds","floor":28,"turns":4},{"damage":11,"enemies":"Centurion and Healer","floor":29,"turns":3},{"damage":4,"enemies":"Sentry and Sphere","floor":31,"turns":3},{"damage":36,"enemies":"Collector","floor":33,"turns":6},{"damage":15,"enemies":"Orb Walker","floor":35,"turns":2},{"damage":11,"enemies":"Flame Bruiser 1 Orb","floor":39,"turns":5},{"damage":15,"enemies":"Transient","floor":40,"turns":5},{"damage":19,"enemies":"Maw","floor":42,"turns":4},{"damage":28,"enemies":"Sphere and 2 Shapes","floor":44,"turns":3},{"damage":6,"enemies":"Transient","floor":46,"turns":5},{"damage":40,"enemies":"Time Eater","floor":50,"turns":9}],"relics_obtained":[{"floor":7,"key":"Dead Branch"},{"floor":9,"key":"The Courier"},{"floor":26,"key":"DataDisk"},{"floor":43,"key":"Oddly Smooth Stone"},{"floor":47,"key":"Ornamental Fan"},{"floor":48,"key":"Meat on the Bone"}],"event_choices":[{"event_name":"The Cleric","player_choice":"Healed","floor":2,"damage_taken":0},{"event_name":"Liars Game","player_choice":"disagreed","floor":3,"damage_taken":0},{"event_name":"The Library","player_choice":"Heal","floor":24,"damage_taken":0},{"event_name":"Winding Halls","player_choice":"Embrace Madness","floor":36,"damage_taken":0},{"event_name":"Golden Shrine","player_choice":"Pray","floor":37,"damage_taken":0},{"event_name":"Tomb of Lord Red Mask","player_choice":"Paid","floor":45,"damage_taken":0}],"boss_relics":[{"not_picked":["Pandora\u0027s Box","Runic Pyramid"],"picked":"Velvet Choker"},{"not_picked":["Tiny House","Eternal Feather"],"picked":"White Beast Statue"}],"items_purged_floors":[20,38],"potions_floor_spawned":[5,8,11,13,27,28,29,31,35,39,40,42,44,46],"seed_played":"6453140391752014754","ascension_level":0,"potions_obtained":[{"floor":5,"key":"Explosive Potion"},{"floor":8,"key":"Weak Potion"},{"floor":11,"key":"AttackPotion"},{"floor":13,"key":"Strength Potion"},{"floor":27,"key":"AttackPotion"},{"floor":28,"key":"Poison Potion"},{"floor":35,"key":"Block Potion"},{"floor":39,"key":"Weak Potion"},{"floor":42,"key":"SkillPotion"},{"floor":44,"key":"LiquidBronze"}],"is_trial":false}