{"path_per_floor":["M","M","$","?","M","E","R","M","T","M","M","M","$","?","R","B",null,"M","?","M","M","M","R","M","M","T","R","M"],"character_chosen":"IRONCLAD","items_purchased":["Infernal Blade","Orichalcum"],"gold_per_floor":[111,129,95,95,109,139,139,159,159,178,193,206,50,50,50,153,183,197,197,214,232,247,247,266,284,310,310,322],"floor_reached":29,"campfire_rested":4,"playtime":2782,"current_hp_per_floor":[76,80,80,73,65,28,52,58,58,45,49,40,40,40,64,40,85,74,74,72,47,38,63,50,26,26,51,48],"items_purged":[],"gold":322,"score":233,"play_id":"6a14e0dc-a9c0-430d-9401-7b80c9f3250c","is_prod":false,"is_daily":false,"is_ascension_mode":false,"campfire_upgraded":0,"path_taken":["M","M","$","?","?","E","R","M","T","M","?","M","?","?","R","BOSS","M","?","M","M","M","R","M","M","T","R","M","?"],"build_version":"2018-02-12-PROD1","purchased_purges":0,"victory":false,"master_deck":["Strike_R","Strike_R","Strike_R","Strike_R","Strike_R+1","Defend_R","Defend_R","Bash","Sword Boomerang","Perfected Strike+1","Infernal Blade","Warcry","Uppercut","Barricade","Armaments","Iron Wave","Shrug It Off","Offering","Clash","Twin Strike","Cleave+1","Headbutt+1","Perfected Strike","Flex","Seeing Red","Clothesline+1"],"max_hp_per_floor":[80,80,80,80,80,80,80,80,80,80,80,80,80,80,80,80,85,85,85,85,85,85,85,85,85,85,85,85],"relics":["Burning Blood","Whetstone","Charon\u0027s Ashes","Orichalcum","Tiny House","Bag of Preparation"],"card_choices":[{"not_picked":["Flame Barrier","Perfected Strike"],"picked":"Sword Boomerang"},{"not_picked":["Hemokinesis","Pummel"],"picked":"Perfected Strike"},{"not_picked":["True Grit","Thunderclap"],"picked":"Warcry"},{"not_picked":["Twin Strike","Thunderclap"],"picked":"Uppercut"},{"not_picked":["Headbutt","Flex"],"picked":"Barricade"},{"not_picked":["Sword Boomerang","Clothesline"],"picked":"Armaments"},{"not_picked":["Perfected Strike","Infernal Blade"],"picked":"Iron Wave"},{"not_picked":["Searing Blow","Headbutt"],"picked":"Shrug It Off"},{"not_picked":["Barricade","Dark Embrace"],"picked":"Offering"},{"not_picked":["Sword Boomerang","Cleave"],"picked":"Clash"},{"not_picked":["Shrug It Off","Feel No Pain"],"picked":"Twin Strike"},{"not_picked":["Armaments","Power Through"],"picked":"Cleave"},{"not_picked":["Cleave","Second Wind"],"picked":"Headbutt"},{"not_picked":["Sword Boomerang","Cleave"],"picked":"Perfected Strike"},{"not_picked":["Pummel","Barricade"],"picked":"Flex"},{"not_picked":["Clash","Shockwave"],"picked":"Seeing Red"},{"not_picked":["Shrug It Off","Headbutt"],"picked":"Clothesline"}],"player_experience":0,"potions_floor_usage":[8,16,16,18,28],"damage_taken":[{"damage":10,"enemies":"Jaw Worm","floor":1,"turns":4},{"damage":0,"enemies":"Small Slimes","floor":2,"turns":3},{"damage":14,"enemies":"Blue Slaver","floor":5,"turns":4},{"damage":43,"enemies":"3 Sentries","floor":6,"turns":7},{"damage":0,"enemies":"Lots of Slimes","floor":8,"turns":1},{"damage":19,"enemies":"Red Slaver","floor":10,"turns":5},{"damage":2,"enemies":"3 Louse","floor":11,"turns":3},{"damage":15,"enemies":"Exordium Wildlife","floor":12,"turns":4},{"damage":30,"enemies":"The Guardian","floor":16,"turns":11},{"damage":17,"enemies":"3 Byrds","floor":18,"turns":6},{"damage":8,"enemies":"Spheric Guardian","floor":20,"turns":3},{"damage":31,"enemies":"Snecko","floor":21,"turns":6},{"damage":15,"enemies":"Centurion and Healer","floor":22,"turns":5},{"damage":19,"enemies":"Snake Plant","floor":24,"turns":2},{"damage":30,"enemies":"Cultist and Chosen","floor":25,"turns":6},{"damage":9,"enemies":"Snecko","floor":28,"turns":3},{"damage":50,"enemies":"Slaver and Parasite","floor":29,"turns":4}],"event_choices":[{"event_name":"Golden Wing","player_choice":"Card Removal","floor":4,"damage_taken":0},{"event_name":"Shining Light","player_choice":"Ignored","floor":14,"damage_taken":0},{"event_name":"Purifier","player_choice":"One Purge","floor":19,"damage_taken":0}],"boss_relics":[{"not_picked":["Question Card","Orrery"],"picked":"Tiny House"}],"potions_floor_spawned":[5,6,8,12,16,21,22,28],"seed_played":"336449738287328561","killed_by":"Slaver and Parasite","ascension_level":0,"is_trial":false}