{"gold_per_floor":[20,36,36,49,49,49,74,87,114,114,78,78,89,36,36,132,132,150,150,150,169,169,169,195,226,226,17,30,30,41,61,61,166,166,177,190,110,128,128],"floor_reached":39,"playtime":1658,"items_purged":[],"score":618,"play_id":"9b1d8d55-3479-4ee2-b3d5-88f90d2347ce","local_time":"20181231062000","is_ascension_mode":true,"campfire_choices":[{"data":"Zap","floor":6.0,"key":"SMITH"},{"data":"Defragment","floor":12,"key":"SMITH"},{"data":"Blizzard","floor":15,"key":"SMITH"},{"data":"Capacitor","floor":23,"key":"SMITH"},{"data":"Redo","floor":29,"key":"SMITH"},{"data":"Redo","floor":32,"key":"SMITH"}],"neow_cost":"NO_GOLD","seed_source_timestamp":908024628754772,"circlet_count":0,"master_deck":["Strike_B","Strike_B","Strike_B","Defend_B","Defend_B","Defend_B","Zap+1","Dualcast+1","Blizzard+1","Coolheaded","Defragment+1","Redo+1","Cold Snap","Reboot","Coolheaded","Capacitor+1","Redo+1","Coolheaded+1","Echo Form","Redo+1","Capacitor"],"special_seed":0,"relics":["FrozenCore","Art of War","PreservedInsect","Vajra","Orichalcum","Emotion Chip","Lee\u0027s Waffle","Black Star"],"potions_floor_usage":[7,7,16,16,25,33,39],"damage_taken":[{"damage":12.0,"enemies":"Jaw Worm","floor":1.0,"turns":3.0},{"damage":0.0,"enemies":"Cultist","floor":2.0,"turns":3.0},{"damage":5.0,"enemies":"Small Slimes","floor":4.0,"turns":3.0},{"damage":10,"enemies":"Gremlin Nob","floor":7,"turns":3},{"damage":3,"enemies":"Blue Slaver","floor":8,"turns":3},{"damage":6,"enemies":"Exordium Wildlife","floor":13,"turns":3},{"damage":29,"enemies":"Hexaghost","floor":16,"turns":12},{"damage":0,"enemies":"Spheric Guardian","floor":18,"turns":8},{"damage":20,"enemies":"3 Byrds","floor":21,"turns":5},{"damage":39,"enemies":"Slavers","floor":25,"turns":7},{"damage":0,"enemies":"Centurion and Healer","floor":28,"turns":10},{"damage":3,"enemies":"Shelled Parasite and Fungi","floor":30,"turns":6},{"damage":12,"enemies":"Snecko","floor":31,"turns":10},{"damage":63,"enemies":"Automaton","floor":33,"turns":13},{"damage":0,"enemies":"Orb Walker","floor":35,"turns":6},{"damage":4,"enemies":"3 Darklings","floor":36,"turns":8},{"damage":13,"enemies":"4 Shapes","floor":38,"turns":8},{"damage":46,"enemies":"2 Orb Walkers","floor":39,"turns":7}],"seed_played":"8242363538532594971","potions_obtained":[{"floor":2.0,"key":"FearPotion"},{"floor":4.0,"key":"Poison Potion"},{"floor":7,"key":"Strength Potion"},{"floor":13,"key":"Strength Potion"},{"floor":21,"key":"Dexterity Potion"},{"floor":31,"key":"Strength Potion"},{"floor":35,"key":"Block Potion"}],"is_trial":false,"path_per_floor":["M","M","?","M","?","R","E","M","T","?","$","R","M","$","R","B",null,"M","?","?","M","?","R","T","E","T","$","M","R","M","M","R","B",null,"M","M","$","M","?"],"character_chosen":"DEFECT","items_purchased":["Defragment","Cold Snap","Lee\u0027s Waffle","Capacitor"],"campfire_rested":0,"item_purchase_floors":[11,14,27,37],"current_hp_per_floor":[56,56,56,51,51,51,41,38,38,63,63,63,57,57,57,28,63,63,63,63,43,43,43,43,4,4,82,82,82,79,67,67,4,63,63,59,59,46,0],"gold":128,"neow_bonus":"TRANSFORM_TWO_CARDS","is_prod":false,"is_daily":false,"chose_seed":false,"campfire_upgraded":6,"win_rate":0,"timestamp":1546233600,"path_taken":["M","M","?","?","?","R","E","M","T","?","?","R","M","$","R","BOSS","M","?","?","M","?","R","?","E","T","?","M","R","M","?","R","BOSS","M","M","$","M","?"],"build_version":"2018-12-20","purchased_purges":0,"victory":false,"max_hp_per_floor":[75,75,75,75,75,75,75,75,75,75,75,75,75,75,75,75,75,75,75,75,75,75,75,75,75,75,82,82,82,82,82,82,82,82,82,82,82,82,82],"card_choices":[{"not_picked":["Barrage","Compile Driver","Storm"],"picked":"SKIP","floor":1.0},{"not_picked":["Recycle","FTL","Beam Cell"],"picked":"SKIP","floor":2.0},{"not_picked":["Compile Driver","Redo","Recycle"],"picked":"SKIP","floor":4.0},{"not_picked":["Sweeping Beam","Streamline","FTL"],"picked":"SKIP","floor":7},{"not_picked":["Compile Driver","Lockon"],"picked":"Coolheaded","floor":8},{"not_picked":["Rebound","Skim"],"picked":"Redo","floor":13},{"not_picked":["Creative AI","Fission"],"picked":"Reboot","floor":16},{"not_picked":["Gash","Go for the Eyes+1"],"picked":"Coolheaded","floor":18},{"not_picked":["Recycle","Streamline","Tempest"],"picked":"SKIP","floor":21},{"not_picked":["Aggregate","Steam Power"],"picked":"Redo","floor":25},{"not_picked":["Gash","Melter","Barrage"],"picked":"SKIP","floor":28},{"not_picked":["Loop","Ball Lightning","Go for the Eyes"],"picked":"SKIP","floor":30},{"not_picked":["Genetic Algorithm+1","Hello World"],"picked":"Coolheaded+1","floor":31},{"not_picked":["Rainbow","Fission"],"picked":"Echo Form","floor":33},{"not_picked":["Reinforced Body","Gash+1"],"picked":"Redo+1","floor":35},{"not_picked":["Coolheaded","Steam Power","Steam"],"picked":"SKIP","floor":36},{"not_picked":["Ball Lightning+1","Turbo","Aggregate+1"],"picked":"SKIP","floor":38}],"player_experience":362838,"relics_obtained":[{"floor":7,"key":"Art of War"},{"floor":9,"key":"PreservedInsect"},{"floor":24,"key":"Vajra"},{"floor":25,"key":"Orichalcum"},{"floor":26,"key":"Emotion Chip"}],"event_choices":[{"cards_removed":["Hello World"],"damage_healed":0.0,"max_hp_gain":0.0,"max_hp_loss":0.0,"gold_gain":0.0,"event_name":"Purifier","player_choice":"Purged","floor":3.0,"gold_loss":0.0,"damage_taken":0.0},{"damage_healed":0.0,"max_hp_gain":0.0,"max_hp_loss":0.0,"gold_gain":0.0,"event_name":"Living Wall","player_choice":"Grow","floor":5.0,"gold_loss":0.0,"damage_taken":0.0,"cards_upgraded":["Dualcast"]},{"damage_healed":25,"gold_gain":0,"player_choice":"Banana","damage_taken":0,"max_hp_gain":0,"max_hp_loss":0,"event_name":"Big Fish","floor":10,"gold_loss":0},{"damage_healed":0,"gold_gain":0,"player_choice":"Smashed Altar","damage_taken":0,"max_hp_gain":0,"max_hp_loss":0,"event_name":"Forgotten Altar","floor":19,"gold_loss":0,"cards_obtained":["Decay"]},{"cards_removed":["Decay"],"damage_healed":0,"gold_gain":0,"player_choice":"Elegance","damage_taken":0,"max_hp_gain":0,"max_hp_loss":0,"event_name":"Back to Basics","floor":20,"gold_loss":0},{"damage_healed":0,"gold_gain":0,"player_choice":"Read","damage_taken":0,"max_hp_gain":0,"max_hp_loss":0,"event_name":"The Library","floor":22,"gold_loss":0,"cards_obtained":["Capacitor"]},{"damage_healed":0,"gold_gain":0,"player_choice":"Fight","damage_taken":0,"max_hp_gain":0,"max_hp_loss":0,"event_name":"Mysterious Sphere","floor":39,"gold_loss":0}],"is_beta":false,"boss_relics":[{"not_picked":["Empty Cage","Lizard Tail"],"picked":"FrozenCore"},{"not_picked":["Runic Pyramid","Philosopher\u0027s Stone"],"picked":"Black Star"}],"items_purged_floors":[],"is_endless":false,"potions_floor_spawned":[2,4,7,13,21,31,35],"killed_by":"2 Orb Walkers","ascension_level":9}