{"gold_per_floor":[216,391,5,5,17,17,37,52,134,144,172,141,155,116,116,220,220,220,220,220,26,26,26,26,26,26,26,26,26,26,26,26,26,26,26,26,26,26,26,26,26,26,26,26,26,26,26,26,26,26],"floor_reached":50,"playtime":1698,"items_purged":["Doubt","Strike_G"],"score":496,"play_id":"43f4fc05-6a50-4f57-9327-25305bdd4214","local_time":"20190222210254","is_ascension_mode":false,"campfire_choices":[{"data":"Caltrops","floor":6,"key":"SMITH"},{"data":"strawberrySpire:Trickbox","floor":15,"key":"SMITH"},{"floor":23,"key":"REST"},{"data":"After Image","floor":27,"key":"SMITH"},{"data":"Die Die Die","floor":32,"key":"SMITH"},{"floor":41,"key":"REST"},{"floor":49,"key":"REST"}],"neow_cost":"NONE","seed_source_timestamp":281398691024831,"circlet_count":0,"master_deck":["Defend_G","Defend_G","Defend_G","Defend_G","Strike_G","Strike_G","Strike_G","Survivor","Neutralize","Caltrops+1","strawberrySpire:SideSwipe","Blade Dance+1","Unload","Dash+1","Underhanded Strike","strawberrySpire:Trickbox+1","Quick Slash+1","After Image+1","Poisoned Stab","strawberrySpire:Grapple","Dagger Throw","Setup+1","Fluid Movement","Swift Strike","Bane+1","Die Die Die+1","Die Die Die","Cloak And Dagger","Sucker Punch+1","Parasite","strawberrySpire:Marathoner","Eviscerate+1","Deadly Poison+1"],"relics":["Ring of the Snake","hubris:AstralHammer","strawberrySpire:CharschorBlot","Meat on the Bone","Ectoplasm","BargainBundle","Thread and Needle","Basket Of Snakes","Frozen Egg 2","Potion Belt","Black Star","aspiration:SneckoTail","Bottled Flame","hubris:TenFootPole","Juzu Bracelet"],"potions_floor_usage":[33,33,33,33,40,46,50,50],"damage_taken":[{"damage":0,"enemies":"Small Slimes","floor":1,"turns":4},{"damage":10,"enemies":"Cultist","floor":5,"turns":4},{"damage":1,"enemies":"Jaw Worm","floor":7,"turns":3},{"damage":13,"enemies":"Gremlin Gang","floor":8,"turns":4},{"damage":5,"enemies":"2 Fungi Beasts","floor":10,"turns":3},{"damage":22,"enemies":"Gremlin Nob","floor":11,"turns":4},{"damage":0,"enemies":"Exordium Wildlife","floor":13,"turns":2},{"damage":17,"enemies":"Fading Forest","floor":16,"turns":11},{"damage":18,"enemies":"Chosen","floor":18,"turns":4},{"damage":0,"enemies":"Spheric Guardian","floor":19,"turns":3},{"damage":31,"enemies":"Shelled Parasite and Fungi","floor":20,"turns":5},{"damage":26,"enemies":"Centurion and Healer","floor":24,"turns":5},{"damage":12,"enemies":"Colosseum Slavers","floor":25,"turns":3},{"damage":7,"enemies":"Colosseum Nobs","floor":25,"turns":4},{"damage":4,"enemies":"Gremlin Leader","floor":29,"turns":5},{"damage":1,"enemies":"3 Cultists","floor":31,"turns":4},{"damage":8,"enemies":"Collector","floor":33,"turns":9},{"damage":8,"enemies":"3 Shapes","floor":35,"turns":5},{"damage":21,"enemies":"2 Orb Walkers","floor":36,"turns":5},{"damage":0,"enemies":"Orb Walker","floor":39,"turns":3},{"damage":36,"enemies":"Giant Head","floor":40,"turns":9},{"damage":14,"enemies":"Writhing Mass","floor":42,"turns":5},{"damage":12,"enemies":"Sphere and 2 Shapes","floor":45,"turns":6},{"damage":9,"enemies":"Transient","floor":46,"turns":5},{"damage":0,"enemies":"3 Darklings","floor":47,"turns":4},{"damage":0,"enemies":"Jaw Worm Horde","floor":48,"turns":3},{"damage":72,"enemies":"Time Eater","floor":50,"turns":9}],"seed_played":"4311488604073842549","potions_obtained":[{"floor":7,"key":"Ancient Potion"},{"floor":8,"key":"PowerPotion"},{"floor":10,"key":"EntropicBrew"},{"floor":29,"key":"Fire Potion"},{"floor":40,"key":"Adrenaline Potion"},{"floor":47,"key":"SpeedPotion"}],"is_trial":false,"path_per_floor":["M","?","$","?","M","R","M","M","T","M","E","?","M","$","R","B",null,"M","M","M","$","?","R","M","?","T","R","$","E","?","M","R","B",null,"M","?","?","$","M","E","R","M","T","?","M","M","M","M","R","B"],"character_chosen":"THE_SILENT","items_purchased":["hubris:AstralHammer","Quick Slash+1","BargainBundle","strawberrySpire:Grapple","Dagger Throw","Replay:Poison Smokescreen","Setup+1","Fluid Movement","Swift Strike","LifebloodPotion"],"campfire_rested":3,"item_purchase_floors":[3,14,21,21,21,21,21,21,21,21],"current_hp_per_floor":[70,70,70,70,60,60,59,46,46,41,19,19,31,31,31,36,70,52,52,33,33,33,54,40,45,45,45,45,41,41,40,40,44,70,62,41,41,41,41,17,38,36,36,36,36,39,39,39,60,0],"gold":26,"neow_bonus":"HUNDRED_GOLD","is_prod":false,"is_daily":false,"chose_seed":false,"campfire_upgraded":4,"win_rate":0,"timestamp":1550887374,"path_taken":["M","?","$","?","M","R","M","M","T","?","E","?","M","$","R","BOSS","M","M","M","$","?","R","?","?","T","R","?","E","?","M","R","BOSS","M","?","?","$","M","E","R","M","T","?","M","M","M","M","R","BOSS"],"build_version":"2019-01-23","purchased_purges":2,"victory":false,"max_hp_per_floor":[70,70,70,70,70,70,70,70,70,70,70,70,70,70,70,70,70,70,70,70,70,70,70,70,70,70,70,70,70,70,70,70,70,70,70,70,70,70,70,70,70,70,70,70,70,70,70,70,70,70],"card_choices":[{"not_picked":["Flying Knee","Cloak And Dagger"],"picked":"Caltrops","floor":1},{"not_picked":["strawberrySpire:HopSkipAndJump","ReplayTheSpireMod:Exploit Weakness"],"picked":"strawberrySpire:SideSwipe","floor":5},{"not_picked":["hubris:SlightOfHand","Hidden Blade"],"picked":"Blade Dance","floor":7},{"not_picked":["Dodge and Roll","Hidden Blade"],"picked":"Unload","floor":8},{"not_picked":["Backflip","Hidden Blade"],"picked":"Underhanded Strike","floor":10},{"not_picked":["Outmaneuver","Backstab"],"picked":"strawberrySpire:Trickbox","floor":11},{"not_picked":["Deadly Poison","strawberrySpire:Swampstar","Underhanded Strike"],"picked":"SKIP","floor":13},{"not_picked":["Phantasmal Killer","strawberrySpire:Lockstep"],"picked":"After Image","floor":16},{"not_picked":["Leg Sweep+1","Dodge and Roll","strawberrySpire:SpinKick"],"picked":"SKIP","floor":18},{"not_picked":["Cloak And Dagger","Endless Agony+1"],"picked":"Poisoned Stab","floor":19},{"not_picked":["Acrobatics+1","Fluid Movement","strawberrySpire:Rummage+1"],"picked":"SKIP","floor":20},{"not_picked":["strawberrySpire:Rummage","Toxin Wave+1"],"picked":"Bane+1","floor":24},{"not_picked":["PiercingWail+1","Dagger Throw","strawberrySpire:DeltaFlow+1"],"picked":"SKIP","floor":29},{"not_picked":["PiercingWail","Poisoned Stab+1"],"picked":"Die Die Die","floor":31},{"not_picked":["Envenom+1","Poison Darts"],"picked":"Die Die Die","floor":33},{"not_picked":["Tactician","Underhanded Strike+1"],"picked":"Cloak And Dagger","floor":35},{"not_picked":["Deflect","ReplayTheSpireMod:The Works+1"],"picked":"Sucker Punch+1","floor":36},{"not_picked":["Flechettes+1","ReplayTheSpireMod:The Works","Cloak And Dagger"],"picked":"SKIP","floor":39},{"not_picked":["strawberrySpire:SpinKick","Dagger Throw","strawberrySpire:HopSkipAndJump+1"],"picked":"SKIP","floor":40},{"not_picked":["Deadly Poison+1","Quick Slash+1"],"picked":"strawberrySpire:Marathoner","floor":42},{"not_picked":["strawberrySpire:DeltaFlow+1","strawberrySpire:Pant+1","Blade Dance"],"picked":"SKIP","floor":45},{"not_picked":["Tactician","Hidden Blade","hubris:Counter"],"picked":"SKIP","floor":46},{"not_picked":["strawberrySpire:SpinKick","Acrobatics+1"],"picked":"Eviscerate+1","floor":47},{"not_picked":["strawberrySpire:SpinKick+1","Hidden Blade"],"picked":"Deadly Poison+1","floor":48}],"player_experience":719592,"relics_obtained":[{"floor":9,"key":"strawberrySpire:CharschorBlot"},{"floor":11,"key":"Meat on the Bone"},{"floor":25,"key":"Thread and Needle"},{"floor":25,"key":"Basket Of Snakes"},{"floor":26,"key":"Frozen Egg 2"},{"floor":29,"key":"Potion Belt"},{"floor":36,"key":"aspiration:SneckoTail"},{"floor":40,"key":"Bottled Flame"},{"floor":40,"key":"hubris:TenFootPole"},{"floor":43,"key":"Juzu Bracelet"}],"event_choices":[{"damage_healed":0,"gold_gain":175,"player_choice":"AGREE","damage_taken":0,"max_hp_gain":0,"max_hp_loss":0,"event_name":"Liars Game","floor":2,"gold_loss":0,"cards_obtained":["Doubt"]},{"cards_removed":["Defend_G"],"damage_healed":0,"gold_gain":0,"player_choice":"Offered Basic","damage_taken":0,"max_hp_gain":0,"max_hp_loss":0,"event_name":"Bonfire Elementals","floor":4,"gold_loss":0},{"damage_healed":0,"gold_gain":0,"player_choice":"Left Gold","damage_taken":0,"max_hp_gain":0,"max_hp_loss":0,"event_name":"World of Goop","floor":12,"gold_loss":31},{"damage_healed":0,"gold_gain":0,"player_choice":"Fight","damage_taken":0,"max_hp_gain":0,"max_hp_loss":0,"event_name":"Colosseum","floor":25,"gold_loss":0},{"damage_healed":0,"gold_gain":0,"player_choice":"Fought Nobs","damage_taken":0,"max_hp_gain":0,"max_hp_loss":0,"event_name":"Colosseum","floor":25,"gold_loss":0},{"damage_healed":0,"gold_gain":0,"player_choice":"Ignored","damage_taken":0,"max_hp_gain":0,"max_hp_loss":0,"event_name":"Cursed Tome","floor":30,"gold_loss":0},{"damage_healed":0,"gold_gain":0,"player_choice":"Fight","damage_taken":0,"max_hp_gain":0,"max_hp_loss":0,"event_name":"Mysterious Sphere","floor":36,"gold_loss":0},{"damage_healed":0,"gold_gain":0,"player_choice":"Upgraded","damage_taken":0,"max_hp_gain":0,"max_hp_loss":0,"event_name":"Upgrade Shrine","floor":37,"gold_loss":0,"cards_upgraded":["Blade Dance"]},{"cards_removed":["Replay:Poison Smokescreen"],"damage_healed":0,"gold_gain":0,"player_choice":"Removed Skill","damage_taken":0,"max_hp_gain":0,"max_hp_loss":0,"event_name":"Falling","floor":44,"gold_loss":0}],"is_beta":false,"boss_relics":[{"not_picked":["Painkiller Herb","White Beast Statue"],"picked":"Ectoplasm"},{"not_picked":["HoveringKite","Fusion Hammer"],"picked":"Black Star"}],"items_purged_floors":[3,21],"is_endless":false,"potions_floor_spawned":[7,8,10,24,29,33,36,40,47,48],"killed_by":"Time Eater","ascension_level":0}