{"gold_per_floor":[109,184,164,176,190,190,204,204,204,204,223,235,260,24,24,96,96,116,136,136,136,136],"floor_reached":22,"playtime":546,"items_purged":[],"score":422,"play_id":"fbac434e-81a3-403e-9fe3-cdff61a218a5","local_time":"20190914135608","is_ascension_mode":true,"campfire_choices":[{"data":"Bludgeon","floor":6.0,"key":"SMITH"},{"floor":8.0,"key":"REST"},{"floor":10.0,"key":"REST"},{"floor":15,"key":"REST"}],"neow_cost":"NONE","seed_source_timestamp":990278189000,"circlet_count":0,"master_deck":["AscendersBane","Strike_R","Strike_R","Defend_R","Defend_R","Defend_R","Defend_R","Bash","Bludgeon+1","Flex","Intimidate","Shrug It Off","Thunderclap","Inflame","Uppercut","Limit Break","Juggernaut+1","Hemokinesis+1","Feel No Pain+1"],"special_seed":0,"relics":["Burning Blood","Art of War","Pear","Pen Nib","Astrolabe","HornCleat"],"potions_floor_usage":[13,19,19,19],"damage_taken":[{"damage":14.0,"enemies":"Small Slimes","floor":1.0,"turns":3.0},{"damage":0.0,"enemies":"Jaw Worm","floor":4.0,"turns":1.0},{"damage":1.0,"enemies":"Cultist","floor":5.0,"turns":3.0},{"damage":36.0,"enemies":"Exordium Thugs","floor":7.0,"turns":5.0},{"damage":16.0,"enemies":"Exordium Wildlife","floor":11.0,"turns":5.0},{"damage":10.0,"enemies":"2 Fungi Beasts","floor":12.0,"turns":3.0},{"damage":35,"enemies":"Lagavulin","floor":13,"turns":4},{"damage":36,"enemies":"Hexaghost","floor":16,"turns":7},{"damage":25,"enemies":"Shell Parasite","floor":18,"turns":4},{"damage":18,"enemies":"2 Thieves","floor":19,"turns":3},{"damage":24,"enemies":"3 Cultists","floor":22,"turns":3}],"seed_played":"3405920412687950393","potions_obtained":[{"floor":1.0,"key":"Fire Potion"},{"floor":3.0,"key":"EntropicBrew"},{"floor":7.0,"key":"FearPotion"},{"floor":16,"key":"Poison Potion"},{"floor":18,"key":"Block Potion"}],"is_trial":false,"path_per_floor":["M","?","?","M","M","R","M","R","T","R","M","M","E","$","R","B",null,"M","M","?","T","M"],"character_chosen":"IRONCLAD","items_purchased":["Pen Nib","Uppercut"],"campfire_rested":3,"item_purchase_floors":[14,14],"current_hp_per_floor":[60,49,49,55,60,60,30,52,52,74,64,60,41,41,66,36,73,54,42,17,17,0],"gold":136,"neow_bonus":"ONE_RANDOM_RARE_CARD","is_prod":false,"is_daily":false,"chose_seed":false,"campfire_upgraded":1,"win_rate":0,"timestamp":1568487368,"path_taken":["M","?","?","M","M","R","M","R","T","R","M","M","E","$","R","BOSS","M","?","?","?","M"],"build_version":"2019-09-12","purchased_purges":0,"victory":false,"max_hp_per_floor":[75,75,75,75,75,75,75,75,75,75,75,75,85,85,85,85,85,85,85,90,90,90],"card_choices":[{"not_picked":["Power Through","Reckless Charge"],"picked":"Flex","floor":1.0},{"not_picked":["Rage","Searing Blow"],"picked":"Intimidate","floor":4.0},{"not_picked":["Power Through","Thunderclap"],"picked":"Shrug It Off","floor":5.0},{"not_picked":["Warcry","Spot Weakness","Iron Wave"],"picked":"SKIP","floor":7.0},{"not_picked":["True Grit","Evolve"],"picked":"Thunderclap","floor":11.0},{"not_picked":["Body Slam","Clothesline"],"picked":"Inflame","floor":12.0},{"not_picked":["Pommel Strike","Flex","Rage"],"picked":"SKIP","floor":13},{"not_picked":["Juggernaut","Demon Form"],"picked":"Limit Break","floor":16},{"not_picked":["Anger","Entrench","Corruption"],"picked":"SKIP","floor":18},{"not_picked":["Flex","Reckless Charge+1","True Grit+1"],"picked":"SKIP","floor":19}],"player_experience":1313955,"relics_obtained":[{"floor":9.0,"key":"Art of War"},{"floor":13,"key":"Pear"},{"floor":21,"key":"HornCleat"}],"event_choices":[{"damage_healed":0.0,"max_hp_gain":0.0,"max_hp_loss":0.0,"gold_gain":75.0,"event_name":"World of Goop","player_choice":"Gather Gold","floor":2.0,"gold_loss":0.0,"damage_taken":11.0},{"damage_healed":0.0,"max_hp_gain":0.0,"max_hp_loss":0.0,"gold_gain":0.0,"event_name":"The Woman in Blue","player_choice":"Bought 1 Potion","floor":3.0,"gold_loss":0.0,"damage_taken":0.0},{"damage_healed":0,"gold_gain":0,"player_choice":"Shed Blood","damage_taken":30,"max_hp_gain":5,"max_hp_loss":0,"event_name":"Forgotten Altar","floor":20,"gold_loss":0}],"is_beta":true,"boss_relics":[{"not_picked":["SlaversCollar","Black Star"],"picked":"Astrolabe"}],"items_purged_floors":[],"is_endless":false,"potions_floor_spawned":[1,7,12,16,18],"killed_by":"3 Cultists","ascension_level":20}