{"path_per_floor":["M","?","M","M","?","R","M","R","T","?","M","E","R","M","R","B",null,"M","?","$","M","?","E","R","M","T","M","M","?","R","?","R","B",null,"M","M","$","?","?","R","M","R","T","?","M","M","M","M","R","B"],"character_chosen":"IRONCLAD","items_purchased":["Magic Flower","Toxic Egg 2","Impervious","Shrug It Off+1"],"gold_per_floor":[12,87,107,125,125,125,141,141,141,141,151,479,479,494,494,590,590,606,606,4,16,16,41,41,54,54,64,81,81,81,81,81,186,186,200,217,96,96,96,96,111,111,111,111,130,145,162,176,176,176],"floor_reached":51,"campfire_rested":0,"playtime":1658,"item_purchase_floors":[20,20,20,37],"current_hp_per_floor":[80,69,74,69,62,62,62,62,62,80,80,64,64,39,39,13,80,67,67,67,76,76,28,28,12,12,14,14,40,40,40,40,53,80,80,68,68,68,58,58,54,54,54,54,57,39,51,40,40,35],"items_purged":["Strike_R"],"gold":176,"score":696,"play_id":"6a719b83-7140-4627-9777-848f2798cd16","local_time":"20180527221539","is_prod":false,"is_daily":false,"chose_seed":false,"is_ascension_mode":false,"campfire_upgraded":10,"win_rate":0,"timestamp":1527473739,"campfire_choices":[{"data":"Juggernaut","floor":6,"key":"SMITH"},{"data":"Body Slam","floor":8,"key":"SMITH"},{"data":"Inflame","floor":13,"key":"SMITH"},{"data":"Heavy Blade","floor":15,"key":"SMITH"},{"data":"Disarm","floor":24,"key":"SMITH"},{"data":"Body Slam","floor":30,"key":"SMITH"},{"data":"Demon Form","floor":32,"key":"SMITH"},{"data":"Shrug It Off","floor":40,"key":"SMITH"},{"data":"Pummel","floor":42,"key":"SMITH"},{"data":"Sword Boomerang","floor":49,"key":"SMITH"}],"path_taken":["M","?","?","M","?","R","M","R","T","?","M","E","R","M","R","BOSS","M","?","$","M","?","E","R","M","T","M","M","?","R","?","R","BOSS","M","M","$","?","?","R","M","R","T","?","?","M","M","M","R","BOSS"],"build_version":"2018-05-25","seed_source_timestamp":421639259494789,"purchased_purges":1,"victory":true,"master_deck":["Defend_R","Defend_R","Defend_R","Bash","Juggernaut+1","Shrug It Off+1","Sword Boomerang+1","Pummel+1","Body Slam+1","Disarm+1","Inflame+1","Heavy Blade+1","Demon Form+1","Impervious+1","Seeing Red+1","Body Slam+1","Shrug It Off+1","Body Slam+1","Armaments+1","Shrug It Off+1","Madness+1","Madness+1","Clothesline+1","Body Slam+1","Seeing Red+1"],"max_hp_per_floor":[80,80,80,80,80,80,80,80,80,80,80,80,80,80,80,80,80,80,80,80,80,80,80,80,80,80,80,80,80,80,80,80,80,80,80,80,80,80,80,80,80,80,80,80,80,80,80,80,80,80],"relics":["Black Blood","Sundial","Old Coin","Cursed Key","Magic Flower","Toxic Egg 2","Pantograph"],"card_choices":[{"not_picked":["Clash","Havoc"],"picked":"Shrug It Off","floor":1},{"not_picked":["Intimidate","Rupture"],"picked":"Sword Boomerang","floor":3},{"not_picked":["True Grit","Carnage"],"picked":"Pummel","floor":4},{"not_picked":["Clash","Anger"],"picked":"Body Slam","floor":7},{"not_picked":["Seeing Red","Twin Strike"],"picked":"Disarm","floor":11},{"not_picked":["Immolate","Heavy Blade"],"picked":"Inflame","floor":12},{"not_picked":["Second Wind","Combust"],"picked":"Heavy Blade","floor":14},{"not_picked":["Juggernaut","Offering"],"picked":"Demon Form","floor":16},{"not_picked":["Burning Pact","Searing Blow","Power Through"],"picked":"SKIP","floor":18},{"not_picked":["Flex+1","Metallicize+1"],"picked":"Seeing Red+1","floor":21},{"not_picked":["Perfected Strike","Wild Strike"],"picked":"Evolve+1","floor":23},{"not_picked":["Heavy Blade+1","Second Wind+1"],"picked":"Body Slam","floor":25},{"not_picked":["True Grit+1","Rage+1"],"picked":"Shrug It Off+1","floor":27},{"not_picked":["Warcry+1","Iron Wave"],"picked":"Body Slam+1","floor":28},{"not_picked":["Infernal Blade+1","Heavy Blade+1"],"picked":"Armaments+1","floor":35},{"not_picked":["Headbutt","Anger","Iron Wave"],"picked":"SKIP","floor":36},{"not_picked":["Headbutt+1","Iron Wave","Flex+1"],"picked":"SKIP","floor":41},{"not_picked":["Body Slam","Carnage"],"picked":"Clothesline+1","floor":45},{"not_picked":["Cleave","Bludgeon","Reckless Charge+1"],"picked":"SKIP","floor":46},{"not_picked":["Armaments+1","True Grit+1"],"picked":"Body Slam+1","floor":47},{"not_picked":["Perfected Strike","Burning Pact+1"],"picked":"Seeing Red+1","floor":48}],"player_experience":507260,"potions_floor_usage":[11,23,50,50],"damage_taken":[{"damage":5,"enemies":"Small Slimes","floor":1,"turns":4},{"damage":1,"enemies":"Cultist","floor":3,"turns":5},{"damage":11,"enemies":"2 Louse","floor":4,"turns":3},{"damage":6,"enemies":"2 Fungi Beasts","floor":7,"turns":4},{"damage":4,"enemies":"Exordium Wildlife","floor":11,"turns":3},{"damage":22,"enemies":"3 Sentries","floor":12,"turns":8},{"damage":31,"enemies":"Exordium Thugs","floor":14,"turns":4},{"damage":32,"enemies":"Hexaghost","floor":16,"turns":9},{"damage":19,"enemies":"Spheric Guardian","floor":18,"turns":4},{"damage":0,"enemies":"3 Byrds","floor":21,"turns":6},{"damage":57,"enemies":"Slavers","floor":23,"turns":7},{"damage":25,"enemies":"Snecko","floor":25,"turns":4},{"damage":7,"enemies":"Snake Plant","floor":27,"turns":4},{"damage":9,"enemies":"Centurion and Healer","floor":28,"turns":5},{"damage":34,"enemies":"Collector","floor":33,"turns":6},{"damage":8,"enemies":"3 Darklings","floor":35,"turns":5},{"damage":27,"enemies":"Orb Walker","floor":36,"turns":4},{"damage":19,"enemies":"Sphere and 2 Shapes","floor":41,"turns":5},{"damage":12,"enemies":"Flame Bruiser 2 Orb","floor":45,"turns":5},{"damage":33,"enemies":"Transient","floor":46,"turns":5},{"damage":3,"enemies":"Spire Growth","floor":47,"turns":4},{"damage":26,"enemies":"3 Darklings","floor":48,"turns":5},{"damage":58,"enemies":"Donu and Deca","floor":50,"turns":8}],"relics_obtained":[{"floor":9,"key":"Sundial"},{"floor":12,"key":"Old Coin"},{"floor":23,"key":"Pantograph"}],"event_choices":[{"event_name":"World of Goop","player_choice":"Gather Gold","floor":2,"damage_taken":0},{"event_name":"Golden Wing","player_choice":"Card Removal","floor":5,"damage_taken":0},{"event_name":"Bonfire Elementals","player_choice":"UNCOMMON","floor":10,"damage_taken":0},{"event_name":"Drug Dealer","player_choice":"Ignored","floor":19,"damage_taken":0},{"event_name":"The Mausoleum","player_choice":"No","floor":22,"damage_taken":0},{"event_name":"The Library","player_choice":"Heal","floor":29,"damage_taken":0},{"event_name":"Back to Basics","player_choice":"Elegance","floor":31,"damage_taken":0},{"event_name":"Purifier","player_choice":"One Purge","floor":38,"damage_taken":0},{"event_name":"Winding Halls","player_choice":"Embrace Madness","floor":39,"damage_taken":0}],"boss_relics":[{"not_picked":["Sozu","Tiny House"],"picked":"Cursed Key"},{"not_picked":["Calling Bell","Black Star"],"picked":"Black Blood"}],"items_purged_floors":[37],"potions_floor_spawned":[3,11,16,21,23,25,35,45,46],"seed_played":"-6071054091634090174","ascension_level":0,"potions_obtained":[{"floor":3,"key":"Explosive Potion"},{"floor":11,"key":"SpeedPotion"},{"floor":16,"key":"GamblersBrew"},{"floor":21,"key":"Strength Potion"},{"floor":23,"key":"FearPotion"}],"is_trial":false}