{"gold_per_floor":[116,127,147,167,187,244,93,108,108,137,164,164,187,215,215,320,320,330,330,330,343,369,402,414,429,429,442,442],"floor_reached":28,"playtime":1070,"items_purged":[],"score":328,"play_id":"3915bc5d-c611-4599-93da-4b136246a873","local_time":"20181120185430","is_ascension_mode":true,"campfire_choices":[{"data":"Sunder","floor":12,"key":"SMITH"},{"data":"Loop","floor":15,"key":"SMITH"}],"neow_cost":"NONE","seed_source_timestamp":480440072232893,"circlet_count":0,"master_deck":["Strike_B","Strike_B","Strike_B","Strike_B","Defend_B","Defend_B","Defend_B","Defend_B+1","Zap","Dualcast+1","Go for the Eyes","FTL","Sunder+1","Cold Snap","Loop+1","Steam Power","Turbo","Fission","Beam Cell+1","Tempest+1","Leap+1","Aggregate"],"relics":["FrozenCore","War Paint","Tiny Chest","PreservedInsect","Gremlin Horn","Bottled Flame","Oddly Smooth Stone","Happy Flower","Pen Nib","Dream Catcher","Torii","Letter Opener"],"potions_floor_usage":[5,6,16,25],"damage_taken":[{"damage":0,"enemies":"Cultist","floor":1,"turns":3},{"damage":1,"enemies":"Jaw Worm","floor":2,"turns":3},{"damage":0,"enemies":"2 Louse","floor":3,"turns":2},{"damage":0,"enemies":"Exordium Wildlife","floor":4,"turns":2},{"damage":0,"enemies":"Red Slaver","floor":5,"turns":1},{"damage":0,"enemies":"Gremlin Nob","floor":6,"turns":2},{"damage":6,"enemies":"Lots of Slimes","floor":8,"turns":3},{"damage":11,"enemies":"Lagavulin","floor":10,"turns":5},{"damage":0,"enemies":"3 Sentries","floor":14,"turns":3},{"damage":22,"enemies":"Hexaghost","floor":16,"turns":9},{"damage":11,"enemies":"Chosen","floor":18,"turns":6},{"damage":8,"enemies":"Spheric Guardian","floor":21,"turns":3},{"damage":19,"enemies":"Book of Stabbing","floor":23,"turns":5},{"damage":23,"enemies":"Snake Plant","floor":24,"turns":3},{"damage":1,"enemies":"Chosen and Byrds","floor":25,"turns":4},{"damage":0,"enemies":"3 Cultists","floor":27,"turns":5},{"damage":15,"enemies":"Snake Plant","floor":28,"turns":1}],"seed_played":"8292564083500588774","potions_obtained":[{"floor":1,"key":"EssenceOfSteel"},{"floor":2,"key":"Explosive Potion"},{"floor":4,"key":"PowerPotion"},{"floor":14,"key":"Strength Potion"},{"floor":23,"key":"SpeedPotion"},{"floor":24,"key":"Explosive Potion"},{"floor":25,"key":"Ancient Potion"}],"is_trial":false,"path_per_floor":["M","M","M","M","M","E","$","M","T","E","T","R","T","E","R","B",null,"M","?","$","M","T","E","M","M","T","M","M"],"character_chosen":"DEFECT","items_purchased":["PreservedInsect"],"campfire_rested":0,"item_purchase_floors":[7],"current_hp_per_floor":[75,74,74,74,74,74,74,68,68,57,57,57,57,57,57,35,75,64,64,64,56,56,37,14,13,13,13,0],"gold":442,"neow_bonus":"RANDOM_COMMON_RELIC","is_prod":false,"is_daily":false,"chose_seed":false,"campfire_upgraded":2,"win_rate":0,"timestamp":1542736470,"path_taken":["M","M","M","M","M","E","$","M","T","E","?","R","?","E","R","BOSS","M","?","$","M","?","E","M","M","T","M","?"],"build_version":"2018-11-15","purchased_purges":0,"victory":false,"max_hp_per_floor":[75,75,75,75,75,75,75,75,75,75,75,75,75,75,75,75,75,75,75,75,75,75,75,75,75,75,75,75],"card_choices":[{"not_picked":["Undo","Stack"],"picked":"Go for the Eyes","floor":1},{"not_picked":["BootSequence","Leap"],"picked":"FTL","floor":2},{"not_picked":["Hologram","Lockon"],"picked":"Sunder","floor":3},{"not_picked":["Turbo","Coolheaded","Amplify"],"picked":"SKIP","floor":4},{"not_picked":["Steam","Hologram"],"picked":"Cold Snap","floor":5},{"not_picked":["Heatsinks","Stack"],"picked":"Loop","floor":6},{"not_picked":["Cold Snap","Hello World","Scrape"],"picked":"SKIP","floor":8},{"not_picked":["Reinforced Body","Amplify"],"picked":"Steam Power","floor":10},{"not_picked":["Static Discharge","Go for the Eyes"],"picked":"Turbo","floor":14},{"not_picked":["Core Surge","Meteor Strike"],"picked":"Fission","floor":16},{"not_picked":["Streamline","Glacier"],"picked":"Beam Cell+1","floor":18},{"not_picked":["Lockon","Reinforced Body","Go for the Eyes"],"picked":"SKIP","floor":21},{"not_picked":["Reprogram","Rebound+1"],"picked":"Tempest+1","floor":23},{"not_picked":["Capacitor","Recycle"],"picked":"Leap+1","floor":24},{"not_picked":["Conserve Battery","Redo"],"picked":"Aggregate","floor":25},{"not_picked":["Cold Snap","Ball Lightning","Undo"],"picked":"SKIP","floor":27}],"player_experience":238776,"relics_obtained":[{"floor":6,"key":"Tiny Chest"},{"floor":9,"key":"Gremlin Horn"},{"floor":10,"key":"Bottled Flame"},{"floor":11,"key":"Oddly Smooth Stone"},{"floor":13,"key":"Happy Flower"},{"floor":14,"key":"Pen Nib"},{"floor":22,"key":"Dream Catcher"},{"floor":23,"key":"Torii"},{"floor":26,"key":"Letter Opener"}],"event_choices":[{"damage_healed":0,"gold_gain":0,"player_choice":"Ignored","damage_taken":0,"max_hp_gain":0,"max_hp_loss":0,"event_name":"Ghosts","floor":19,"gold_loss":0}],"is_beta":false,"boss_relics":[{"not_picked":["Coffee Dripper","Pandora\u0027s Box"],"picked":"FrozenCore"}],"items_purged_floors":[],"is_endless":false,"potions_floor_spawned":[1,2,4,14,23,24,25],"killed_by":"Snake Plant","ascension_level":1}