{"gold_per_floor":[111,125,125,144,160,160,192,6,6,38,55,55,6,6,6,109,109,121,46,46,46,6,35,35,54,79,79,91,117,16,16],"floor_reached":31,"playtime":2734,"items_purged":["Pain"],"score":450,"play_id":"4e9fb2b9-9dc6-46a3-b752-371c5959d352","local_time":"20190824010732","is_ascension_mode":true,"campfire_choices":[{"data":"Neutralize","floor":6,"key":"SMITH"},{"floor":12,"key":"REST"},{"floor":15,"key":"REST"},{"floor":24,"key":"REST"},{"data":"Noxious Fumes","floor":27,"key":"SMITH"}],"neow_cost":"NONE","seed_source_timestamp":659318046778680,"circlet_count":0,"master_deck":["AscendersBane","Strike_G","Strike_G","Strike_G","Strike_G","Defend_G","Defend_G","Defend_G","Defend_G","Defend_G+1","Survivor","Neutralize+1","Eviscerate","Caltrops","Quick Slash","Wraith Form v2+1","Cloak And Dagger","Dagger Spray","Unload","Noxious Fumes+1","Escape Plan","Leg Sweep","Cloak And Dagger","Reflex","After Image","Acrobatics","Flechettes","Tactician","Burst","Tactician","Cloak And Dagger","Blur"],"relics":["Ring of the Snake","Dodecahedron","Tingsha","Dead Branch","Runic Pyramid","MutagenicStrength","WarpedTongs","The Courier","Oddly Smooth Stone","Girya"],"potions_floor_usage":[5,5,16,16,19,19,25,31,31],"damage_taken":[{"damage":2,"enemies":"Cultist","floor":1,"turns":5},{"damage":0,"enemies":"2 Louse","floor":2,"turns":3},{"damage":8,"enemies":"Small Slimes","floor":4,"turns":4},{"damage":15,"enemies":"Exordium Thugs","floor":5,"turns":6},{"damage":33,"enemies":"Gremlin Nob","floor":7,"turns":7},{"damage":15,"enemies":"3 Sentries","floor":10,"turns":8},{"damage":0,"enemies":"2 Fungi Beasts","floor":11,"turns":3},{"damage":2,"enemies":"Hexaghost","floor":16,"turns":10},{"damage":17,"enemies":"Spheric Guardian","floor":18,"turns":6},{"damage":4,"enemies":"2 Thieves","floor":19,"turns":5},{"damage":48,"enemies":"Gremlin Leader","floor":23,"turns":7},{"damage":3,"enemies":"3 Cultists","floor":25,"turns":5},{"damage":11,"enemies":"Shelled Parasite and Fungi","floor":28,"turns":7},{"damage":11,"enemies":"Book of Stabbing","floor":29,"turns":8},{"damage":9,"enemies":"Colosseum Slavers","floor":31,"turns":2}],"seed_played":"4826259125077752718","potions_obtained":[{"floor":1,"key":"Regen Potion"},{"floor":2,"key":"Fire Potion"},{"floor":7,"key":"Swift Potion"},{"floor":16,"key":"EssenceOfSteel"},{"floor":18,"key":"Regen Potion"},{"floor":23,"key":"SteroidPotion"},{"floor":29,"key":"Energy Potion"}],"is_trial":false,"path_per_floor":["M","M","?","M","M","R","E","$","T","E","M","R","$","?","R","B",null,"M","M","?","?","$","E","R","M","T","R","M","E","$","?"],"character_chosen":"THE_SILENT","items_purchased":["Noxious Fumes","Escape Plan","Leg Sweep","PowerPotion","Tactician","PowerPotion"],"campfire_rested":3,"item_purchase_floors":[8,8,8,13,22,30],"current_hp_per_floor":[61,61,61,53,53,53,20,20,20,5,5,26,26,12,33,31,60,43,54,54,54,54,6,27,24,24,24,13,2,2,0],"gold":16,"neow_bonus":"TRANSFORM_CARD","is_prod":false,"is_daily":false,"chose_seed":false,"campfire_upgraded":2,"win_rate":0,"timestamp":1566623252,"path_taken":["M","M","?","M","?","R","E","?","T","E","M","R","$","?","R","BOSS","M","M","?","?","$","E","R","?","T","R","M","E","$","?"],"build_version":"2019-07-17","purchased_purges":1,"victory":false,"max_hp_per_floor":[70,70,70,70,70,70,70,70,70,70,70,70,70,70,70,70,70,70,70,70,70,70,70,70,70,70,70,70,70,70,70],"card_choices":[{"not_picked":["Expertise","Endless Agony"],"picked":"Caltrops","floor":1},{"not_picked":["Expertise","Backflip"],"picked":"Quick Slash","floor":2},{"not_picked":["Blade Dance","Underhanded Strike"],"picked":"Cloak And Dagger","floor":4},{"not_picked":["Flying Knee","Blade Dance"],"picked":"Dagger Spray","floor":5},{"not_picked":["Finisher","Backflip"],"picked":"Unload","floor":7},{"not_picked":["All Out Attack","Footwork"],"picked":"Cloak And Dagger","floor":10},{"not_picked":["Bane","Catalyst"],"picked":"Reflex","floor":11},{"not_picked":["Phantasmal Killer","Bullet Time"],"picked":"After Image","floor":16},{"not_picked":["Slice","Skewer+1"],"picked":"Acrobatics","floor":18},{"not_picked":["Deflect","Endless Agony"],"picked":"Flechettes","floor":19},{"not_picked":["Backstab","Endless Agony"],"picked":"Burst","floor":23},{"not_picked":["Backflip","Well Laid Plans+1"],"picked":"Tactician","floor":25},{"not_picked":["Poisoned Stab","Dash"],"picked":"Cloak And Dagger","floor":28},{"not_picked":["Dagger Spray","Poisoned Stab"],"picked":"Blur","floor":29}],"player_experience":485779,"relics_obtained":[{"floor":7,"key":"Dodecahedron"},{"floor":9,"key":"Tingsha"},{"floor":10,"key":"Dead Branch"},{"floor":23,"key":"The Courier"},{"floor":26,"key":"Oddly Smooth Stone"},{"floor":29,"key":"Girya"}],"event_choices":[{"damage_healed":0,"gold_gain":0,"player_choice":"1 cards matched","damage_taken":0,"max_hp_gain":0,"max_hp_loss":0,"event_name":"Match and Keep!","floor":3,"gold_loss":0,"cards_obtained":["Wraith Form v2"]},{"damage_healed":0,"gold_gain":0,"player_choice":"Entered Light","damage_taken":14,"max_hp_gain":0,"max_hp_loss":0,"event_name":"Shining Light","floor":14,"gold_loss":0,"cards_upgraded":["Wraith Form v2","Defend_G"]},{"damage_healed":0,"gold_gain":0,"player_choice":"Inject Mutagens","damage_taken":0,"relics_obtained":["MutagenicStrength"],"max_hp_gain":0,"max_hp_loss":0,"event_name":"Drug Dealer","floor":20,"gold_loss":0},{"damage_healed":0,"gold_gain":0,"player_choice":"Rummage","damage_taken":0,"relics_obtained":["WarpedTongs"],"max_hp_gain":0,"max_hp_loss":0,"event_name":"Accursed Blacksmith","floor":21,"gold_loss":0,"cards_obtained":["Pain"]},{"damage_healed":0,"gold_gain":0,"player_choice":"Fight","damage_taken":0,"max_hp_gain":0,"max_hp_loss":0,"event_name":"Colosseum","floor":31,"gold_loss":0}],"is_beta":false,"boss_relics":[{"not_picked":["Ectoplasm","Pandora\u0027s Box"],"picked":"Runic Pyramid"}],"items_purged_floors":[30],"is_endless":false,"potions_floor_spawned":[1,2,7,16,18,23,29],"killed_by":"Colosseum Slavers","ascension_level":12}