{"gold_per_floor":[118,130,130,130,147,147,147,64,64,99,21,21,21,40,40,117,117,127,137,137,137,86,86,97,97,121,121,134,134,134,134,134,211,211,221,221],"floor_reached":36,"playtime":2275,"items_purged":[],"score":709,"play_id":"dbffa3e8-d86f-42c1-821b-11c4420cec97","local_time":"20190915224612","is_ascension_mode":true,"campfire_choices":[{"data":"Bouncing Flask","floor":6.0,"key":"SMITH"},{"floor":13.0,"key":"REST"},{"data":"Footwork","floor":15.0,"key":"SMITH"},{"floor":23.0,"key":"REST"},{"floor":25.0,"key":"REST"},{"data":"Catalyst","floor":29.0,"key":"SMITH"},{"floor":32.0,"key":"REST"}],"neow_cost":"NONE","seed_source_timestamp":117265415271200,"circlet_count":0,"master_deck":["AscendersBane","Strike_G+1","Strike_G+1","Defend_G+1","Defend_G+1","Defend_G+1","Defend_G+1","Defend_G+1","Survivor","Neutralize+1","Bouncing Flask+1","Venomology+1","Deadly Poison","Footwork+1","Crippling Poison","Catalyst+1","Bullet Time","Blur","Bane","Escape Plan","Sucker Punch","Malaise","Catalyst"],"special_seed":0,"relics":["Ring of the Snake","Happy Flower","Whetstone","Philosopher\u0027s Stone","PreservedInsect","Cursed Key"],"potions_floor_usage":[33,33,35,36],"damage_taken":[{"damage":1.0,"enemies":"Cultist","floor":1.0,"turns":4.0},{"damage":6.0,"enemies":"Jaw Worm","floor":2.0,"turns":5.0},{"damage":7.0,"enemies":"2 Louse","floor":5.0,"turns":4.0},{"damage":6.0,"enemies":"Lagavulin","floor":10.0,"turns":4.0},{"damage":1.0,"enemies":"Exordium Thugs","floor":14.0,"turns":5.0},{"damage":23.0,"enemies":"The Guardian","floor":16.0,"turns":8.0},{"damage":0.0,"enemies":"Spheric Guardian","floor":18.0,"turns":3.0},{"damage":0.0,"enemies":"Chosen","floor":19.0,"turns":3.0},{"damage":26.0,"enemies":"Snake Plant","floor":24.0,"turns":5.0},{"damage":0.0,"enemies":"Snecko","floor":28.0,"turns":4.0},{"damage":26,"enemies":"Automaton","floor":33,"turns":10},{"damage":38,"enemies":"3 Shapes","floor":35,"turns":5},{"damage":27,"enemies":"3 Darklings","floor":36,"turns":4}],"seed_played":"7504381098774276692","potions_obtained":[{"floor":2.0,"key":"SpeedPotion"},{"floor":5.0,"key":"Fire Potion"},{"floor":10.0,"key":"SkillPotion"},{"floor":19.0,"key":"Strength Potion"},{"floor":28.0,"key":"DuplicationPotion"},{"floor":33,"key":"DuplicationPotion"}],"is_trial":false,"path_per_floor":["M","M","?","?","M","R","?","$","T","E","$","?","R","M","R","B",null,"M","M","?","?","$","R","M","R","T","?","M","R","?","$","R","B",null,"M","M"],"character_chosen":"THE_SILENT","items_purchased":["Footwork","Catalyst","Bane"],"campfire_rested":4,"item_purchase_floors":[8,11,22],"current_hp_per_floor":[58,52,52,52,45,45,25,25,25,19,19,19,38,37,37,14,53,53,53,35,35,35,56,30,51,51,51,51,51,51,51,71,45,65,27,0],"gold":221,"neow_bonus":"UPGRADE_CARD","is_prod":false,"is_daily":false,"chose_seed":false,"campfire_upgraded":3,"win_rate":0,"timestamp":1568605572,"path_taken":["M","?","?","?","?","R","?","$","T","E","$","?","R","M","R","BOSS","M","M","?","?","$","R","M","R","T","?","?","R","?","$","R","BOSS","M","M"],"build_version":"2019-09-12","purchased_purges":0,"victory":false,"max_hp_per_floor":[66,66,66,66,66,66,66,66,66,66,66,66,66,66,66,66,66,66,66,71,71,71,71,71,71,71,71,71,71,71,71,71,71,71,71,71],"card_choices":[{"not_picked":["Acrobatics","Well Laid Plans","PiercingWail"],"picked":"SKIP","floor":1.0},{"not_picked":["Bane","PiercingWail"],"picked":"Bouncing Flask","floor":2.0},{"not_picked":["Well Laid Plans","Outmaneuver"],"picked":"Deadly Poison","floor":5.0},{"not_picked":["Dodge and Roll","Quick Slash"],"picked":"Crippling Poison","floor":10.0},{"not_picked":["Backstab","Setup","Eviscerate"],"picked":"SKIP","floor":14.0},{"not_picked":["Die Die Die","Doppelganger"],"picked":"Bullet Time","floor":16.0},{"not_picked":["Finisher","Expertise"],"picked":"Blur","floor":18.0},{"not_picked":["Underhanded Strike","Bouncing Flask","Prepared"],"picked":"SKIP","floor":19.0},{"not_picked":["Predator","All Out Attack"],"picked":"Escape Plan","floor":24.0},{"not_picked":["Underhanded Strike","Outmaneuver","Masterful Stab"],"picked":"SKIP","floor":28.0},{"not_picked":["Tools of the Trade","Die Die Die"],"picked":"Malaise","floor":33},{"not_picked":["Noxious Fumes","Deflect"],"picked":"Catalyst","floor":35}],"player_experience":1339385,"relics_obtained":[{"floor":9.0,"key":"Happy Flower"},{"floor":10.0,"key":"Whetstone"},{"floor":26.0,"key":"PreservedInsect"}],"event_choices":[{"damage_healed":0.0,"max_hp_gain":0.0,"max_hp_loss":0.0,"gold_gain":0.0,"cards_transformed":["Strike_G"],"event_name":"Living Wall","player_choice":"Change","floor":3.0,"gold_loss":0.0,"damage_taken":0.0,"cards_obtained":["Venomology"]},{"damage_healed":0.0,"max_hp_gain":0.0,"max_hp_loss":0.0,"gold_gain":0.0,"event_name":"Accursed Blacksmith","player_choice":"Forge","floor":4.0,"gold_loss":0.0,"damage_taken":0.0,"cards_upgraded":["Venomology"]},{"damage_healed":0.0,"max_hp_gain":0.0,"max_hp_loss":0.0,"gold_gain":0.0,"event_name":"Shining Light","player_choice":"Entered Light","floor":7.0,"gold_loss":0.0,"damage_taken":20.0,"cards_upgraded":["Defend_G","Defend_G"]},{"damage_healed":0.0,"max_hp_gain":0.0,"max_hp_loss":0.0,"gold_gain":0.0,"event_name":"Golden Wing","player_choice":"Ignored","floor":12.0,"gold_loss":0.0,"damage_taken":0.0},{"damage_healed":0.0,"max_hp_gain":5.0,"max_hp_loss":0.0,"gold_gain":0.0,"event_name":"Forgotten Altar","player_choice":"Shed Blood","floor":20.0,"gold_loss":0.0,"damage_taken":23.0},{"damage_healed":0.0,"max_hp_gain":0.0,"max_hp_loss":0.0,"gold_gain":0.0,"event_name":"Back to Basics","player_choice":"Simplicity","floor":21.0,"gold_loss":0.0,"damage_taken":0.0,"cards_upgraded":["Strike_G","Strike_G","Defend_G","Defend_G","Defend_G"]},{"cards_removed":["Strike_G"],"damage_healed":0.0,"max_hp_gain":0.0,"max_hp_loss":0.0,"gold_gain":0.0,"event_name":"Purifier","player_choice":"Purged","floor":27.0,"gold_loss":0.0,"damage_taken":0.0},{"damage_healed":0.0,"max_hp_gain":0.0,"max_hp_loss":0.0,"gold_gain":0.0,"cards_transformed":["Strike_G"],"event_name":"Transmorgrifier","player_choice":"Transformed","floor":30.0,"gold_loss":0.0,"damage_taken":0.0,"cards_obtained":["Sucker Punch"]}],"is_beta":true,"boss_relics":[{"not_picked":["Ectoplasm","Coffee Dripper"],"picked":"Philosopher\u0027s Stone"},{"not_picked":["Pandora\u0027s Box","Velvet Choker"],"picked":"Cursed Key"}],"items_purged_floors":[],"is_endless":false,"potions_floor_spawned":[2,5,10,16,19,24,28,33],"killed_by":"3 Darklings","ascension_level":17}