{"gold_per_floor":[114,129,144,159,174,174,189,154,204,219,234,130,39,69,69,169,169,184,107,206,28,43,43,73,73,73,88,38,38,38,53,53,153,153,168,183,183,198,198,198,213,213,288,288,303,17,47,62,62,62],"floor_reached":50,"playtime":3135,"items_purged":[],"score":746,"play_id":"27e469d1-50cb-4351-bbc1-71ee61f78e1e","local_time":"20180704003613","daily_mods":["Specialized","Lethality","Hoarder"],"is_ascension_mode":false,"campfire_choices":[{"data":"Endless Agony","floor":6,"key":"SMITH"},{"data":"Endless Agony","floor":15,"key":"SMITH"},{"floor":23,"key":"REST"},{"floor":25,"key":"REST"},{"floor":29,"key":"REST"},{"floor":32,"key":"REST"},{"floor":40,"key":"REST"},{"floor":42,"key":"REST"},{"floor":44,"key":"REST"},{"floor":49,"key":"REST"}],"neow_cost":"","seed_source_timestamp":761175546588549,"circlet_count":0,"master_deck":["Defend_G","Defend_G","Defend_G","Defend_G","Defend_G","Strike_G","Strike_G+1","Strike_G","Strike_G","Strike_G","Survivor","Neutralize","Phantasmal Killer","Phantasmal Killer","Phantasmal Killer","Phantasmal Killer","Phantasmal Killer","Phantasmal Killer","Phantasmal Killer","Phantasmal Killer","Phantasmal Killer","Phantasmal Killer","Phantasmal Killer","Phantasmal Killer","Phantasmal Killer","Phantasmal Killer","Phantasmal Killer","Endless Agony","Endless Agony+1","Endless Agony+1","Dagger Spray","Dagger Spray","Dagger Spray","Endless Agony+1","Endless Agony","Endless Agony","Deflect","Deflect","Deflect","Skewer","Skewer","Skewer","Acrobatics","Acrobatics","Acrobatics","Calculated Gamble","Calculated Gamble","Calculated Gamble","Finesse","Finesse","Finesse","Swift Strike","Swift Strike","Swift Strike","Night Terror","Night Terror","Night Terror","Backstab","Backstab","Backstab","J.A.X.","J.A.X.","J.A.X.","Master of Strategy","Master of Strategy","Master of Strategy","Footwork","Footwork","Predator","Predator","Predator","Adrenaline","Adrenaline","Adrenaline","Backflip+1","Backflip+1","Backflip+1","Doppelganger","Doppelganger","Doppelganger","Concentrate","Concentrate","Concentrate","Backstab","Backstab","Backstab","Prepared","Prepared","Prepared","Acrobatics+1","Acrobatics+1","Acrobatics+1","Apotheosis","Apotheosis","Apotheosis","Predator+1","Predator+1","Predator+1","Backstab+1","Backstab+1","Backstab+1"],"special_seed":17715,"relics":["Ring of the Snake","Whetstone","Snake Skull","Fusion Hammer","Paper Crane","Ninja Scroll","Orrery","Blue Candle","Anchor"],"potions_floor_usage":[16,16,24,24,38,41,47,47,47,50],"damage_taken":[{"damage":8,"enemies":"Small Slimes","floor":1,"turns":4},{"damage":0,"enemies":"Cultist","floor":2,"turns":2},{"damage":6,"enemies":"Jaw Worm","floor":3,"turns":2},{"damage":0,"enemies":"Large Slime","floor":4,"turns":3},{"damage":6,"enemies":"2 Fungi Beasts","floor":5,"turns":2},{"damage":0,"enemies":"Exordium Wildlife","floor":7,"turns":1},{"damage":0,"enemies":"Blue Slaver","floor":10,"turns":1},{"damage":5,"enemies":"3 Louse","floor":11,"turns":2},{"damage":0,"enemies":"Lagavulin","floor":14,"turns":3},{"damage":47,"enemies":"The Guardian","floor":16,"turns":7},{"damage":18,"enemies":"2 Thieves","floor":18,"turns":2},{"damage":3,"enemies":"Spheric Guardian","floor":22,"turns":1},{"damage":34,"enemies":"Book of Stabbing","floor":24,"turns":3},{"damage":45,"enemies":"Snake Plant","floor":27,"turns":3},{"damage":6,"enemies":"3 Cultists","floor":31,"turns":4},{"damage":3,"enemies":"Collector","floor":33,"turns":4},{"damage":12,"enemies":"3 Shapes","floor":35,"turns":2},{"damage":0,"enemies":"Orb Walker","floor":36,"turns":1},{"damage":44,"enemies":"3 Darklings","floor":38,"turns":5},{"damage":7,"enemies":"Maw","floor":41,"turns":5},{"damage":35,"enemies":"Sphere and 2 Shapes","floor":45,"turns":4},{"damage":20,"enemies":"2 Orb Walkers","floor":47,"turns":3},{"damage":0,"enemies":"3 Darklings","floor":48,"turns":3},{"damage":81,"enemies":"Awakened One","floor":50,"turns":6}],"seed_played":"-5295216616361332357","potions_obtained":[{"floor":2,"key":"Regen Potion"},{"floor":3,"key":"Block Potion"},{"floor":4,"key":"GamblersBrew"},{"floor":5,"key":"SpeedPotion"},{"floor":22,"key":"Block Potion"},{"floor":35,"key":"FearPotion"},{"floor":38,"key":"GhostInAJar"},{"floor":45,"key":"Swift Potion"},{"floor":48,"key":"AttackPotion"}],"is_trial":false,"path_per_floor":["M","M","M","M","M","R","M","?","T","M","M","$","$","E","R","B",null,"M","?","?","$","M","R","E","R","T","M","$","R","?","M","R","B",null,"M","M","?","M","?","R","M","R","T","R","M","$","E","M","R"],"character_chosen":"THE_SILENT","items_purchased":["Finesse","Swift Strike","Master of Strategy","Swift Potion","Apotheosis","Regen Potion"],"campfire_rested":8,"item_purchase_floors":[12,13,21,28,46,46],"current_hp_per_floor":[62,62,56,56,50,50,50,67,67,67,62,62,62,62,62,15,70,52,52,52,52,49,70,40,61,61,16,16,37,37,31,52,49,70,58,58,58,14,14,35,28,49,49,70,35,35,24,24,45,0],"gold":62,"neow_bonus":"","is_prod":false,"is_daily":true,"chose_seed":false,"campfire_upgraded":2,"win_rate":0.0,"timestamp":1530657373,"path_taken":["M","M","M","M","M","R","M","?","T","M","M","?","$","E","R","BOSS","M","?","?","$","M","R","E","R","T","M","$","R","?","M","R","BOSS","M","M","?","M","?","R","M","R","T","R","M","?","E","M","R","BOSS"],"build_version":"2018-06-28","purchased_purges":0,"victory":false,"max_hp_per_floor":[70,70,70,70,70,70,70,70,70,70,70,70,70,70,70,70,70,70,70,70,70,70,70,70,70,70,70,70,70,70,70,70,70,70,70,70,70,70,70,70,70,70,70,70,70,70,70,70,70,70],"card_choices":[{"not_picked":["Slice","Backflip"],"picked":"Endless Agony","floor":1},{"not_picked":["Sucker Punch","Dash"],"picked":"Dagger Spray","floor":2},{"not_picked":["Grand Finale","Terror"],"picked":"Endless Agony","floor":3},{"not_picked":["Predator","Finisher"],"picked":"Deflect","floor":4},{"not_picked":["PiercingWail","Deflect"],"picked":"Skewer","floor":5},{"not_picked":["Deadly Poison","Dagger Throw"],"picked":"Acrobatics","floor":7},{"not_picked":["Backflip","Masterful Stab"],"picked":"Calculated Gamble","floor":10},{"not_picked":["Dodge and Roll","Bouncing Flask","Backflip"],"picked":"SKIP","floor":11},{"not_picked":["Noxious Fumes","Slice","Dodge and Roll"],"picked":"SKIP","floor":14},{"not_picked":["Phantasmal Killer","Tactician"],"picked":"Night Terror","floor":16},{"not_picked":["Masterful Stab+1","Terror"],"picked":"Backstab","floor":18},{"not_picked":["Poisoned Stab","Well Laid Plans+1"],"picked":"Footwork","floor":22},{"not_picked":["Unload","Bouncing Flask"],"picked":"Predator","floor":24},{"not_picked":["Outmaneuver","Deadly Poison","Setup"],"picked":"SKIP","floor":27},{"not_picked":["Deadly Poison","Dagger Spray","Infinite Blades"],"picked":"SKIP","floor":31},{"not_picked":["Bullet Time","Wraith Form v2"],"picked":"Adrenaline","floor":33},{"not_picked":["Dagger Throw","PiercingWail"],"picked":"Backflip+1","floor":34},{"not_picked":["Malaise","Dagger Spray+1"],"picked":"Doppelganger","floor":34},{"not_picked":["Backflip","Deflect"],"picked":"Concentrate","floor":34},{"not_picked":["Dash","Outmaneuver"],"picked":"Backstab","floor":35},{"not_picked":["Blade Dance+1","Slice"],"picked":"Prepared","floor":36},{"not_picked":["Underhanded Strike","Predator"],"picked":"Acrobatics+1","floor":38},{"not_picked":["Grand Finale","Bane+1","Dagger Spray+1"],"picked":"SKIP","floor":41},{"not_picked":["Well Laid Plans+1","Dagger Throw","Flying Knee+1"],"picked":"SKIP","floor":45},{"not_picked":["Quick Slash+1","Skewer"],"picked":"Predator+1","floor":47},{"not_picked":["Infinite Blades","Outmaneuver+1"],"picked":"Backstab+1","floor":48}],"player_experience":18653,"relics_obtained":[{"floor":9,"key":"Whetstone"},{"floor":14,"key":"Snake Skull"},{"floor":24,"key":"Paper Crane"},{"floor":26,"key":"Ninja Scroll"},{"floor":43,"key":"Blue Candle"},{"floor":47,"key":"Anchor"}],"event_choices":[{"event_name":"The Cleric","player_choice":"Healed","floor":8,"damage_taken":0},{"event_name":"Drug Dealer","player_choice":"Got JAXXED","floor":19,"damage_taken":0},{"event_name":"Nest","player_choice":"Stole From Cult","floor":20,"damage_taken":0},{"event_name":"Ghosts","player_choice":"Ignored","floor":30,"damage_taken":0},{"event_name":"Falling","player_choice":"Removed Power","floor":37,"damage_taken":0},{"event_name":"The Moai Head","player_choice":"Ignored","floor":39,"damage_taken":0}],"boss_relics":[{"not_picked":["Empty Cage","Philosopher\u0027s Stone"],"picked":"Fusion Hammer"},{"not_picked":["Eternal Feather","Coffee Dripper"],"picked":"Orrery"}],"items_purged_floors":[],"is_endless":false,"potions_floor_spawned":[2,3,4,5,11,22,35,38,45,48],"killed_by":"Awakened One","ascension_level":0}