{"gold_per_floor":[116,131,142,157,177,211,211,243,292,306,340,305,319,2,2,105,105,124,223,237,0,18,18,18],"floor_reached":24,"playtime":2422,"items_purged":["Strike_R"],"score":275,"play_id":"5e8c2e1c-db49-42c6-96c0-8d40a216dc05","local_time":"20190223070329","is_ascension_mode":true,"campfire_choices":[{"data":"Seeing Red","floor":7,"key":"SMITH"},{"data":"Battle Trance","floor":15,"key":"SMITH"},{"floor":23,"key":"REST"}],"neow_cost":"NONE","seed_source_timestamp":3093698781686,"circlet_count":0,"master_deck":["Strike_R","Strike_R","Strike_R","Strike_R","Defend_R","Defend_R","Defend_R","Bash","Carnage","Battle Trance+1","Havoc","Flex","Reaper","Seeing Red+1","True Grit","Intimidate","Clash","Spot Weakness","Feel No Pain","Ghostly Armor","Offering","Armaments","Havoc+1"],"relics":["Burning Blood","Bottled Flame","Juzu Bracelet","Ancient Tea Set","Matryoshka","Snecko Eye"],"potions_floor_usage":[6,6,6,8,22,22,22],"damage_taken":[{"damage":7,"enemies":"Small Slimes","floor":1,"turns":3},{"damage":0,"enemies":"2 Louse","floor":2,"turns":2},{"damage":9,"enemies":"Jaw Worm","floor":3,"turns":4},{"damage":10,"enemies":"Large Slime","floor":4,"turns":6},{"damage":11,"enemies":"Blue Slaver","floor":5,"turns":3},{"damage":23,"enemies":"Lagavulin","floor":6,"turns":6},{"damage":31,"enemies":"3 Sentries","floor":8,"turns":6},{"damage":16,"enemies":"Lots of Slimes","floor":10,"turns":4},{"damage":35,"enemies":"Lagavulin","floor":11,"turns":6},{"damage":10,"enemies":"3 Louse","floor":13,"turns":4},{"damage":52,"enemies":"The Guardian","floor":16,"turns":17},{"damage":13,"enemies":"2 Thieves","floor":18,"turns":3},{"damage":42,"enemies":"Spheric Guardian","floor":20,"turns":8},{"damage":25,"enemies":"Shelled Parasite and Fungi","floor":22,"turns":12},{"damage":70,"enemies":"Slavers","floor":24,"turns":3}],"seed_played":"4206586729581778253","potions_obtained":[{"floor":2,"key":"SpeedPotion"},{"floor":3,"key":"Energy Potion"},{"floor":4,"key":"Weak Potion"},{"floor":5,"key":"Dexterity Potion"},{"floor":6,"key":"AttackPotion"},{"floor":16,"key":"Regen Potion"},{"floor":18,"key":"SkillPotion"}],"is_trial":false,"path_per_floor":["M","M","M","M","M","E","R","E","T","M","E","?","M","$","R","B",null,"M","?","M","?","M","R","E"],"character_chosen":"IRONCLAD","items_purchased":["Spot Weakness","Feel No Pain","Ghostly Armor","SpeedPotion"],"campfire_rested":1,"item_purchase_floors":[14,14,14,14],"current_hp_per_floor":[79,80,77,73,68,55,55,42,42,52,27,47,55,55,55,13,63,64,64,28,28,32,56,0],"gold":18,"neow_bonus":"REMOVE_CARD","is_prod":false,"is_daily":false,"chose_seed":false,"campfire_upgraded":2,"win_rate":0,"timestamp":1550901809,"path_taken":["M","M","M","M","M","E","R","E","T","M","E","?","M","$","R","BOSS","M","?","M","?","M","R","E"],"build_version":"2019-01-23","purchased_purges":1,"victory":false,"max_hp_per_floor":[80,80,80,80,80,80,80,80,80,80,80,80,80,80,80,80,80,80,80,80,80,80,80,80],"card_choices":[{"not_picked":["Anger","Shrug It Off"],"picked":"Carnage","floor":1},{"not_picked":["Shrug It Off","Evolve"],"picked":"Battle Trance","floor":2},{"not_picked":["Clothesline","Impervious"],"picked":"Havoc","floor":3},{"not_picked":["Clothesline","Havoc"],"picked":"Flex","floor":4},{"not_picked":["Iron Wave","Thunderclap"],"picked":"Reaper","floor":5},{"not_picked":["Cleave","Uppercut"],"picked":"Seeing Red","floor":6},{"not_picked":["Sentinel","Shrug It Off"],"picked":"True Grit","floor":8},{"not_picked":["Shrug It Off","True Grit"],"picked":"Intimidate","floor":10},{"not_picked":["Clothesline","Anger"],"picked":"Clash","floor":11},{"not_picked":["Body Slam","Heavy Blade","Perfected Strike"],"picked":"SKIP","floor":13},{"not_picked":["Immolate","Reaper"],"picked":"Offering","floor":16},{"not_picked":["Pommel Strike+1","Fire Breathing"],"picked":"Armaments","floor":18},{"not_picked":["Feel No Pain","Body Slam","Thunderclap"],"picked":"SKIP","floor":20},{"not_picked":["Disarm","Sword Boomerang"],"picked":"Havoc+1","floor":22}],"player_experience":248192,"relics_obtained":[{"floor":6,"key":"Bottled Flame"},{"floor":8,"key":"Juzu Bracelet"},{"floor":9,"key":"Ancient Tea Set"},{"floor":11,"key":"Matryoshka"}],"event_choices":[{"damage_healed":20,"gold_gain":0,"player_choice":"Healed","damage_taken":0,"max_hp_gain":0,"max_hp_loss":0,"event_name":"The Cleric","floor":12,"gold_loss":35},{"damage_healed":0,"gold_gain":99,"player_choice":"Stole From Cult","damage_taken":0,"max_hp_gain":0,"max_hp_loss":0,"event_name":"Nest","floor":19,"gold_loss":0},{"damage_healed":0,"gold_gain":0,"player_choice":"Paid Fearfully","damage_taken":0,"max_hp_gain":0,"max_hp_loss":0,"event_name":"Masked Bandits","floor":21,"gold_loss":237}],"is_beta":false,"boss_relics":[{"not_picked":["Eternal Feather","Astrolabe"],"picked":"Snecko Eye"}],"items_purged_floors":[14],"is_endless":false,"potions_floor_spawned":[2,3,4,5,6,16,18],"killed_by":"Slavers","ascension_level":5}