{"gold_per_floor":[114,114,39,63,79,79,115,115,115,115,159,5,45,66,66,156,156,169,188,188,206,206,206,206,246,246,259,259,293,318,362,362,458,458,477,121,187,187,187,187,228,228,228,248,248,272,293,334,334,334,334,334,334,24,24],"floor_reached":55,"playtime":6216,"items_purged":["Defend_B","Strike_B"],"score":2127,"play_id":"c90cc5eb-8c8c-48c0-810a-01475ac77603","local_time":"20190828231025","is_ascension_mode":true,"campfire_choices":[{"data":"Zap","floor":6.0,"key":"SMITH"},{"data":"Biased Cognition","floor":8.0,"key":"SMITH"},{"data":"Dualcast","floor":10.0,"key":"SMITH"},{"data":"Seek","floor":15.0,"key":"SMITH"},{"data":"Steam Power","floor":23.0,"key":"SMITH"},{"data":"Coolheaded","floor":28.0,"key":"SMITH"},{"floor":32.0,"key":"REST"},{"data":"Defragment","floor":40.0,"key":"SMITH"},{"data":"Barrage","floor":42.0,"key":"SMITH"},{"data":"Multi-Cast","floor":45.0,"key":"SMITH"},{"floor":49.0,"key":"RECALL"},{"floor":53,"key":"REST"}],"neow_cost":"NONE","seed_source_timestamp":0,"circlet_count":0,"master_deck":["AscendersBane","Strike_B","Strike_B","Strike_B","Defend_B","Defend_B","Defend_B","Zap+1","Dualcast+1","Core Surge","Leap","Ball Lightning","Ball Lightning","Biased Cognition+1","Leap","Steam","Leap","Cold Snap","Seek+1","Echo Form","Genetic Algorithm","Steam Power+1","Coolheaded+1","Capacitor","Coolheaded","Defragment+1","White Noise","Barrage+1","Electrodynamics","Beam Cell","Turbo","Turbo+1","Multi-Cast+1","Force Field","Hologram+1","Coolheaded+1","Loop"],"special_seed":0,"relics":["Cracked Core","Golden Idol","Pantograph","Ornamental Fan","Oddly Smooth Stone","Vajra","Inserter","Enchiridion","Torii","Gremlin Horn","Shuriken","Meat on the Bone","Dodecahedron","Runic Dome","Toolbox","WingedGreaves","Happy Flower","Molten Egg 2","Medical Kit"],"potions_floor_usage":[51,51],"damage_taken":[{"damage":2.0,"enemies":"Jaw Worm","floor":1.0,"turns":3.0},{"damage":1.0,"enemies":"2 Louse","floor":4.0,"turns":3.0},{"damage":0.0,"enemies":"Cultist","floor":5.0,"turns":3.0},{"damage":8.0,"enemies":"Gremlin Nob","floor":7.0,"turns":3.0},{"damage":11.0,"enemies":"3 Sentries","floor":11.0,"turns":4.0},{"damage":4.0,"enemies":"Lagavulin","floor":13.0,"turns":4.0},{"damage":0.0,"enemies":"Looter","floor":14.0,"turns":2.0},{"damage":16.0,"enemies":"Hexaghost","floor":16.0,"turns":7.0},{"damage":5.0,"enemies":"Spheric Guardian","floor":18.0,"turns":4.0},{"damage":0.0,"enemies":"3 Byrds","floor":19.0,"turns":4.0},{"damage":0.0,"enemies":"Centurion and Healer","floor":21.0,"turns":7.0},{"damage":0.0,"enemies":"Gremlin Leader","floor":25.0,"turns":6.0},{"damage":0.0,"enemies":"Snecko","floor":27.0,"turns":6.0},{"damage":22.0,"enemies":"Slavers","floor":29.0,"turns":5.0},{"damage":0.0,"enemies":"Cultist and Chosen","floor":30.0,"turns":6.0},{"damage":14.0,"enemies":"Book of Stabbing","floor":31.0,"turns":6.0},{"damage":8.0,"enemies":"Automaton","floor":33.0,"turns":9.0},{"damage":34.0,"enemies":"3 Darklings","floor":35.0,"turns":5.0},{"damage":28.0,"enemies":"2 Orb Walkers","floor":37.0,"turns":5.0},{"damage":0.0,"enemies":"Giant Head","floor":41.0,"turns":6.0},{"damage":0.0,"enemies":"3 Shapes","floor":44.0,"turns":3.0},{"damage":0.0,"enemies":"Maw","floor":46.0,"turns":6.0},{"damage":25.0,"enemies":"Transient","floor":47.0,"turns":6.0},{"damage":1.0,"enemies":"Nemesis","floor":48.0,"turns":7.0},{"damage":0.0,"enemies":"Time Eater","floor":50.0,"turns":11.0},{"damage":62,"enemies":"Awakened One","floor":51,"turns":8},{"damage":78,"enemies":"Shield and Spear","floor":55,"turns":5}],"seed_played":"1608272078775903789","potions_obtained":[{"floor":4.0,"key":"GamblersBrew"},{"floor":11.0,"key":"Block Potion"},{"floor":14.0,"key":"Fire Potion"},{"floor":21.0,"key":"EssenceOfSteel"},{"floor":24.0,"key":"SpeedPotion"},{"floor":29.0,"key":"AttackPotion"},{"floor":31.0,"key":"Poison Potion"},{"floor":33.0,"key":"EssenceOfSteel"},{"floor":35.0,"key":"SpeedPotion"},{"floor":46.0,"key":"Poison Potion"},{"floor":48.0,"key":"EssenceOfSteel"}],"is_trial":false,"path_per_floor":["M","?","?","M","M","R","E","R","T","R","E","$","E","M","R","B",null,"M","M","?","M","T","R","?","E","T","M","R","E","M","E","R","B",null,"M","$","?","?","?","R","E","R","T","M","R","M","M","E","R","B","B",null,"R","$","E"],"character_chosen":"DEFECT","items_purchased":["Steam","Leap","Turbo","Toolbox","Medical Kit","PowerPotion","Loop"],"campfire_rested":2,"item_purchase_floors":[12,12,36,36,54,54,54],"current_hp_per_floor":[62,62,62,61,61,61,53,53,53,53,42,42,38,38,38,47,65,60,60,39,39,39,39,39,39,39,39,39,17,29,27,48,63,69,47,47,31,31,31,31,43,43,43,43,43,43,30,41,41,66,17,55,67,67,0],"gold":24,"neow_bonus":"ONE_RANDOM_RARE_CARD","is_prod":false,"is_daily":false,"chose_seed":false,"campfire_upgraded":9,"win_rate":0,"timestamp":1567059025,"path_taken":["M","?","?","?","M","R","E","R","T","R","E","$","E","M","R","BOSS","M","M","?","M","?","R","?","E","T","M","R","E","M","E","R","BOSS","M","$","?","?","?","R","E","R","T","M","R","M","M","E","R","BOSS","BOSS","R","$","E"],"build_version":"2019-07-17","purchased_purges":2,"victory":false,"max_hp_per_floor":[71,71,71,71,71,71,71,71,71,71,71,71,71,71,71,71,71,71,71,71,71,71,71,71,71,71,71,71,71,71,71,71,71,71,71,71,71,71,67,67,67,67,67,67,67,67,67,67,67,67,67,67,67,67,67],"card_choices":[{"not_picked":["Turbo","Sweeping Beam"],"picked":"Leap","floor":1.0},{"not_picked":["Steam","Conserve Battery"],"picked":"Ball Lightning","floor":4.0},{"not_picked":["Leap","Steam"],"picked":"Ball Lightning","floor":5.0},{"not_picked":["Skim","Capacitor"],"picked":"Biased Cognition","floor":7.0},{"not_picked":["Gash","Redo"],"picked":"Leap","floor":11.0},{"not_picked":["Conserve Battery","Aggregate"],"picked":"Cold Snap","floor":13.0},{"not_picked":["Darkness","Steam"],"picked":"Seek","floor":14.0},{"not_picked":["Reboot","Multi-Cast"],"picked":"Echo Form","floor":16.0},{"not_picked":["Scrape","Redo+1"],"picked":"Genetic Algorithm","floor":18.0},{"not_picked":["Redo","Steam"],"picked":"Steam Power","floor":19.0},{"not_picked":["Gash","Go for the Eyes"],"picked":"Coolheaded","floor":21.0},{"not_picked":["Ball Lightning","Melter"],"picked":"Capacitor","floor":25.0},{"not_picked":["Barrage","Conserve Battery"],"picked":"Coolheaded","floor":27.0},{"not_picked":["Hyperbeam","Steam Power+1"],"picked":"Defragment","floor":29.0},{"not_picked":["Scrape","Chaos"],"picked":"White Noise","floor":30.0},{"not_picked":["Sweeping Beam","Streamline"],"picked":"Barrage","floor":31.0},{"not_picked":["Multi-Cast","Biased Cognition"],"picked":"Electrodynamics","floor":33.0},{"not_picked":["Compile Driver","Gash"],"picked":"Beam Cell","floor":35.0},{"not_picked":["Go for the Eyes","Conserve Battery"],"picked":"Turbo+1","floor":37.0},{"not_picked":["Stack+1","Rebound"],"picked":"Multi-Cast","floor":41.0},{"not_picked":["Leap","Stack","Beam Cell+1"],"picked":"SKIP","floor":44.0},{"not_picked":["Genetic Algorithm","Go for the Eyes"],"picked":"Force Field","floor":46.0},{"not_picked":["Hello World","Blizzard"],"picked":"Hologram+1","floor":47.0},{"not_picked":["Reboot","Rebound"],"picked":"Coolheaded+1","floor":48.0}],"player_experience":798653,"relics_obtained":[{"floor":7.0,"key":"Pantograph"},{"floor":9.0,"key":"Ornamental Fan"},{"floor":11.0,"key":"Oddly Smooth Stone"},{"floor":13.0,"key":"Vajra"},{"floor":20.0,"key":"Enchiridion"},{"floor":22.0,"key":"Torii"},{"floor":25.0,"key":"Gremlin Horn"},{"floor":26.0,"key":"Shuriken"},{"floor":29.0,"key":"Meat on the Bone"},{"floor":31.0,"key":"Dodecahedron"},{"floor":37.0,"key":"WingedGreaves"},{"floor":41.0,"key":"Happy Flower"},{"floor":48.0,"key":"Molten Egg 2"}],"event_choices":[{"damage_healed":0.0,"max_hp_gain":0.0,"max_hp_loss":0.0,"gold_gain":0.0,"event_name":"Golden Idol","player_choice":"Take Wound","floor":2.0,"gold_loss":0.0,"damage_taken":0.0,"relics_obtained":["Golden Idol"],"cards_obtained":["Injury"]},{"cards_removed":["Injury"],"damage_healed":0.0,"max_hp_gain":0.0,"max_hp_loss":0.0,"gold_gain":0.0,"event_name":"The Cleric","player_choice":"Card Removal","floor":3.0,"gold_loss":75.0,"damage_taken":0.0},{"damage_healed":0.0,"max_hp_gain":0.0,"max_hp_loss":0.0,"gold_gain":0.0,"event_name":"Cursed Tome","player_choice":"Obtained Book","floor":20.0,"gold_loss":0.0,"damage_taken":21.0},{"damage_healed":0.0,"max_hp_gain":0.0,"max_hp_loss":0.0,"gold_gain":0.0,"event_name":"Lab","player_choice":"Got Potions","floor":24.0,"gold_loss":0.0,"damage_taken":0.0},{"damage_healed":0.0,"max_hp_gain":0.0,"max_hp_loss":0.0,"gold_gain":0.0,"event_name":"Mysterious Sphere","player_choice":"Fight","floor":37.0,"gold_loss":0.0,"damage_taken":0.0},{"damage_healed":0.0,"max_hp_gain":0.0,"max_hp_loss":0.0,"gold_gain":0.0,"event_name":"Tomb of Lord Red Mask","player_choice":"Ignored","floor":38.0,"gold_loss":0.0,"damage_taken":0.0},{"damage_healed":0.0,"max_hp_gain":0.0,"max_hp_loss":4.0,"gold_gain":0.0,"event_name":"Winding Halls","player_choice":"Max HP","floor":39.0,"gold_loss":0.0,"damage_taken":0.0}],"is_beta":false,"boss_relics":[{"not_picked":["Eternal Feather","Philosopher\u0027s Stone"],"picked":"Inserter"},{"not_picked":["Tiny House","Astrolabe"],"picked":"Runic Dome"}],"items_purged_floors":[12,36],"is_endless":false,"potions_floor_spawned":[4,11,14,16,18,21,29,31,33,35,46,48],"killed_by":"Shield and Spear","ascension_level":20}