{"gold_per_floor":[111,111,129,149,74,74,74,24,77,77,92,110,110,130,130,225,225,240,258,4,4,4,4],"floor_reached":23,"playtime":670,"items_purged":["Clumsy"],"score":181,"play_id":"790cef67-095e-4b28-9d7e-e69db50ff895","local_time":"20190224222919","is_ascension_mode":false,"campfire_choices":[{"data":"Neutralize","floor":10,"key":"SMITH"},{"data":"Sneak Up","floor":15,"key":"SMITH"}],"neow_cost":"NONE","seed_source_timestamp":460413013516194,"circlet_count":0,"master_deck":["Defend_G+1","Defend_G+1","Defend_G+1","Defend_G+1","Defend_G+1","Strike_G+1","Strike_G+1","Strike_G+1","Strike_G+1","Survivor","Neutralize+1","Well Laid Plans","Hidden Blade","Sneak Up+1","Sucker Punch","Backstab","Envenom","strawberrySpire:SideSwipe+1","Dash"],"relics":["Ring of the Snake","NeowsBlessing","strawberrySpire:Sorrowfruit","hubris:AncientText","infinitespire:Satchel","TwistedFunnel","White Beast Statue","Ninja Scroll"],"potions_floor_usage":[16],"damage_taken":[{"damage":0,"enemies":"Jaw Worm","floor":1,"turns":1},{"damage":0,"enemies":"Cultist","floor":3,"turns":1},{"damage":0,"enemies":"Small Slimes","floor":4,"turns":1},{"damage":8,"enemies":"Blue Slaver","floor":11,"turns":4},{"damage":0,"enemies":"3 Louse","floor":12,"turns":5},{"damage":2,"enemies":"Large Slime","floor":14,"turns":7},{"damage":2,"enemies":"The Guardian","floor":16,"turns":14},{"damage":29,"enemies":"2 Thieves","floor":18,"turns":4},{"damage":6,"enemies":"Spheric Guardian","floor":19,"turns":7},{"damage":36,"enemies":"Gremlin Leader","floor":23,"turns":4}],"seed_played":"1818767042284888279","potions_obtained":[{"floor":1,"key":"Strength Potion"},{"floor":3,"key":"SkillPotion"},{"floor":4,"key":"SpeedPotion"},{"floor":18,"key":"Strength Potion"}],"is_trial":false,"path_per_floor":["M","?","M","M","$","R","T","?","T","R","M","M","$","M","R","B",null,"M","M","$","?","?","E"],"character_chosen":"THE_SILENT","items_purchased":["TwistedFunnel","Ninja Scroll"],"campfire_rested":0,"item_purchase_floors":[13,20],"current_hp_per_floor":[70,70,70,70,70,70,70,70,70,70,62,62,48,46,46,44,70,41,35,35,35,35,0],"gold":4,"neow_bonus":"THREE_ENEMY_KILL","is_prod":false,"is_daily":false,"chose_seed":false,"campfire_upgraded":2,"win_rate":0,"timestamp":1551065359,"path_taken":["M","?","M","M","$","R","?","?","T","R","M","M","?","M","R","BOSS","M","M","?","?","?","E"],"build_version":"2019-01-23","purchased_purges":1,"victory":false,"max_hp_per_floor":[70,70,70,70,70,70,70,70,70,70,70,70,70,70,70,70,70,70,70,70,70,70,70],"card_choices":[{"not_picked":["Backflip","Leg Sweep"],"picked":"Well Laid Plans","floor":1},{"not_picked":["strawberrySpire:DeltaFlow","Tactician","ReplayTheSpireMod:Exploit Weakness"],"picked":"SKIP","floor":3},{"not_picked":["Flechettes","Dodge and Roll"],"picked":"Hidden Blade","floor":4},{"not_picked":["Hidden Blade","Caltrops"],"picked":"Sneak Up","floor":11},{"not_picked":["Poisoned Stab","Outmaneuver"],"picked":"Sucker Punch","floor":12},{"not_picked":["Crippling Poison","Escape Plan"],"picked":"Backstab","floor":14},{"not_picked":["Night Terror","Unload"],"picked":"Envenom","floor":16},{"not_picked":["Dodge and Roll","ReplayTheSpireMod:The Works"],"picked":"strawberrySpire:SideSwipe+1","floor":18},{"not_picked":["Underhanded Strike","strawberrySpire:Momentum"],"picked":"Dash","floor":19}],"player_experience":724744,"relics_obtained":[{"floor":6,"key":"strawberrySpire:Sorrowfruit"},{"floor":7,"key":"hubris:AncientText"},{"floor":9,"key":"infinitespire:Satchel"}],"event_choices":[{"cards_removed":["Strike_G"],"damage_healed":0,"gold_gain":0,"player_choice":"Card Removal","damage_taken":0,"max_hp_gain":0,"max_hp_loss":0,"event_name":"The Cleric","floor":8,"gold_loss":50},{"damage_healed":0,"gold_gain":0,"player_choice":"Simplicity","damage_taken":0,"max_hp_gain":0,"max_hp_loss":0,"event_name":"Back to Basics","floor":21,"gold_loss":0,"cards_upgraded":["Defend_G","Defend_G","Defend_G","Defend_G","Defend_G","Strike_G","Strike_G","Strike_G","Strike_G"]},{"damage_healed":0,"gold_gain":0,"player_choice":"Ignored","damage_taken":0,"max_hp_gain":0,"max_hp_loss":0,"event_name":"Cursed Tome","floor":22,"gold_loss":0}],"is_beta":false,"boss_relics":[{"not_picked":["aspiration:RitualDagger","ReplayTheSpireMod:DimensionalGlitch"],"picked":"White Beast Statue"}],"items_purged_floors":[5],"is_endless":false,"potions_floor_spawned":[1,3,4,18,19],"killed_by":"Gremlin Leader","ascension_level":0}