{"path_per_floor":["M","?","M","M","M","E","M","R","T","M","E","R","E","M","R","B",null,"M","M","?","$","M","E","?","R","T","M","E","?","R","E","R","B",null,"M","?","M","?","?","E","R","E","T","M","R","$","R","M","R","B"],"character_chosen":"IRONCLAD","items_purchased":["Blue Candle","Mind Blast","Apotheosis","Mind Blast"],"gold_per_floor":[111,111,128,139,158,185,201,201,227,245,273,273,299,310,310,406,406,419,432,432,14,26,56,56,56,82,101,134,134,134,167,167,271,271,283,283,295,295,295,330,330,364,388,398,398,15,15,26,26,26],"floor_reached":51,"campfire_rested":3,"playtime":6162,"current_hp_per_floor":[75,80,81,85,85,51,50,50,50,33,13,55,33,24,24,14,73,46,29,29,29,26,30,30,30,30,31,29,56,56,52,52,50,55,36,29,24,24,24,15,46,45,45,16,47,47,47,43,43,11],"items_purged":["Defend_R","Defend_R"],"gold":26,"score":1057,"play_id":"994453e1-30f5-4e2f-95a3-0a11bb6fbe90","local_time":"20180412152320","is_prod":false,"is_daily":false,"is_ascension_mode":true,"campfire_upgraded":7,"timestamp":1523571800,"path_taken":["M","?","M","M","M","E","?","R","T","M","E","R","E","M","R","BOSS","M","M","?","$","?","E","?","R","T","M","E","?","R","E","R","BOSS","M","?","M","?","?","E","R","E","T","M","R","$","R","M","R","BOSS"],"build_version":"2018-04-05v2","purchased_purges":2,"victory":true,"master_deck":["Strike_R","Strike_R","Strike_R","Strike_R","Defend_R","Bash","Parasite","Flex+1","Berserk+1","Armaments+1","Heavy Blade+1","Burning Pact","Rage","Dark Embrace","Warcry","Disarm","Flex","Dropkick","Thunderclap","Seeing Red","Offering+1","Sentinel","Anger+1","Ghostly","Ghostly","Ghostly","Ghostly","Ghostly","Mind Blast","Limit Break","Warcry+1","Pain","Body Slam+1","Cleave","Offering+1","Double Tap","Warcry+1","Madness","Madness","Armaments+1","Heavy Blade+1","Dropkick+1","Rupture+1","Anger+1","Parasite","Burning Pact+1","Thunderclap+1","Apotheosis","Mind Blast","Pummel"],"max_hp_per_floor":[80,85,85,85,85,92,92,92,92,92,92,92,92,92,92,92,92,92,92,46,46,46,56,56,56,56,56,56,56,56,56,56,56,56,56,56,56,56,56,56,56,56,56,56,56,56,56,56,56,56],"relics":["Burning Blood","Strawberry","Regal Pillow","Dream Catcher","Champion Belt","Cursed Key","Blue Candle","Pear","Bag of Marbles","Bronze Scales","Lantern","Philosopher\u0027s Stone","Toolbox","Bottled Tornado","Happy Flower"],"card_choices":[{"not_picked":["Intimidate","Uppercut"],"picked":"Armaments","floor":1},{"not_picked":["Blood for Blood","Pommel Strike"],"picked":"Heavy Blade","floor":3},{"not_picked":["Cleave","Dual Wield"],"picked":"Burning Pact","floor":4},{"not_picked":["Shrug It Off","Pommel Strike"],"picked":"Rage","floor":5},{"not_picked":["Sentinel","Rage"],"picked":"Dark Embrace","floor":6},{"not_picked":["Wild Strike","Thunderclap"],"picked":"Warcry","floor":7},{"not_picked":["Whirlwind","Clash"],"picked":"Disarm","floor":10},{"not_picked":["Clash","Warcry"],"picked":"Flex","floor":11},{"not_picked":["Headbutt","Clothesline"],"picked":"Dropkick","floor":12},{"not_picked":["Carnage","Clothesline"],"picked":"Thunderclap","floor":13},{"not_picked":["Clothesline","Entrench"],"picked":"Seeing Red","floor":14},{"not_picked":["Juggernaut","Reaper"],"picked":"Offering","floor":16},{"not_picked":["Evolve","Blood for Blood"],"picked":"Sentinel","floor":18},{"not_picked":["Warcry","Combust"],"picked":"Anger","floor":19},{"not_picked":["True Grit","Warcry"],"picked":"Limit Break","floor":22},{"not_picked":["Headbutt","Shrug It Off"],"picked":"Warcry","floor":23},{"not_picked":["Twin Strike","Disarm"],"picked":"Body Slam","floor":27},{"not_picked":["Hemokinesis","Entrench"],"picked":"Cleave","floor":28},{"not_picked":["Searing Blow","Cleave"],"picked":"Offering","floor":31},{"not_picked":["Barricade","Limit Break"],"picked":"Double Tap","floor":33},{"not_picked":["Clash","Inflame"],"picked":"Warcry","floor":35},{"not_picked":["Body Slam","Clothesline"],"picked":"Armaments","floor":37},{"not_picked":["Cleave","Anger"],"picked":"Dropkick","floor":40},{"not_picked":["Iron Wave","Sever Soul"],"picked":"Rupture","floor":41},{"not_picked":["True Grit","Cleave"],"picked":"Anger","floor":42},{"not_picked":["Anger","Clash"],"picked":"Burning Pact","floor":44},{"not_picked":["Rupture","Twin Strike"],"picked":"Thunderclap","floor":45},{"not_picked":["Headbutt","Combust"],"picked":"Pummel","floor":48}],"player_experience":242242,"potions_floor_usage":[6,11,11,11,16,22,33,40,40,44,44,50],"damage_taken":[{"damage":11,"enemies":"Jaw Worm","floor":1,"turns":4},{"damage":5,"enemies":"Small Slimes","floor":3,"turns":4},{"damage":1,"enemies":"Cultist","floor":4,"turns":4},{"damage":0,"enemies":"Exordium Wildlife","floor":5,"turns":3},{"damage":47,"enemies":"Lagavulin","floor":6,"turns":7},{"damage":7,"enemies":"3 Louse","floor":7,"turns":5},{"damage":23,"enemies":"Gremlin Gang","floor":10,"turns":5},{"damage":26,"enemies":"Gremlin Nob","floor":11,"turns":5},{"damage":28,"enemies":"3 Sentries","floor":13,"turns":9},{"damage":15,"enemies":"Blue Slaver","floor":14,"turns":5},{"damage":16,"enemies":"Slime Boss","floor":16,"turns":7},{"damage":33,"enemies":"Chosen","floor":18,"turns":7},{"damage":23,"enemies":"Spheric Guardian","floor":19,"turns":4},{"damage":24,"enemies":"Slaver and Parasite","floor":22,"turns":7},{"damage":12,"enemies":"Book of Stabbing","floor":23,"turns":6},{"damage":5,"enemies":"Snake Plant","floor":27,"turns":4},{"damage":8,"enemies":"Slavers","floor":28,"turns":7},{"damage":10,"enemies":"Book of Stabbing","floor":31,"turns":5},{"damage":8,"enemies":"Automaton","floor":33,"turns":5},{"damage":25,"enemies":"3 Darklings","floor":35,"turns":3},{"damage":11,"enemies":"3 Shapes","floor":37,"turns":5},{"damage":15,"enemies":"Giant Head","floor":40,"turns":7},{"damage":11,"enemies":"2 Orb Walkers","floor":42,"turns":5},{"damage":35,"enemies":"Maw","floor":44,"turns":8},{"damage":10,"enemies":"3 Darklings","floor":48,"turns":4},{"damage":38,"enemies":"Awakened One","floor":50,"turns":8}],"event_choices":[{"event_name":"Big Fish","player_choice":"Donut","floor":2,"damage_taken":0},{"event_name":"Ghosts","player_choice":"Became a Ghost","floor":20,"damage_taken":0},{"event_name":"Beggar","player_choice":"Ignored","floor":24,"damage_taken":0},{"event_name":"Wheel of Change","player_choice":"Full Heal","floor":29,"damage_taken":0},{"event_name":"Winding Halls","player_choice":"Embrace Madness","floor":36,"damage_taken":0},{"event_name":"The Woman in Blue","player_choice":"Bought 0 Potions","floor":38,"damage_taken":0},{"event_name":"Duplicator","player_choice":"One dupe","floor":39,"damage_taken":0}],"boss_relics":[{"not_picked":["Runic Cube","Astrolabe"],"picked":"Cursed Key"},{"not_picked":["Tiny House","Velvet Choker"],"picked":"Philosopher\u0027s Stone"}],"potions_floor_spawned":[1,5,6,10,14,16,23,31,33,37,40,44],"seed_played":"4398021325688246723","ascension_level":5,"is_trial":false}