{"gold_per_floor":[109,119,133,144,156,156,186,71,96,96,124,124,124,124,124,221,221,235,104,121,71,85,85,85,85,85,115,18,18],"floor_reached":29,"playtime":3029,"items_purged":["Strike_R","Strike_R","Bite"],"score":266,"play_id":"84c6abcb-e1cb-4f0a-83f1-06e79aaa38f0","local_time":"20190912193924","is_ascension_mode":false,"campfire_choices":[{"data":"Body Slam","floor":6,"key":"SMITH"},{"data":"Metallicize","floor":10,"key":"SMITH"},{"data":"Rampage","floor":12,"key":"SMITH"},{"floor":15,"key":"REST"},{"data":"Metallicize","floor":23,"key":"SMITH"},{"data":"Shrug It Off","floor":25,"key":"SMITH"}],"neow_cost":"NONE","seed_source_timestamp":168721750254200,"circlet_count":0,"master_deck":["Defend_R","Defend_R","Defend_R","Defend_R","Bash+1","Sword Boomerang","Metallicize+1","Body Slam+1","Rampage+1","Shrug It Off","Metallicize+1","Reaper","Battle Trance","Dramatic Entrance","Shrug It Off+1","Bite","Bite","Bite","Bite","Armaments"],"relics":["Burning Blood","Smiling Mask","GremlinMask","Black Star","Matryoshka","Nunchaku","Paper Frog"],"potions_floor_usage":[4,7,16,16,27,29],"damage_taken":[{"damage":4,"enemies":"Cultist","floor":1,"turns":5},{"damage":5,"enemies":"2 Louse","floor":2,"turns":3},{"damage":11,"enemies":"Jaw Worm","floor":3,"turns":4},{"damage":12,"enemies":"Large Slime","floor":4,"turns":8},{"damage":11,"enemies":"Looter","floor":5,"turns":5},{"damage":1,"enemies":"3 Sentries","floor":7,"turns":2},{"damage":25,"enemies":"Lagavulin","floor":11,"turns":10},{"damage":43,"enemies":"Hexaghost","floor":16,"turns":11},{"damage":6,"enemies":"Shell Parasite","floor":18,"turns":10},{"damage":1,"enemies":"Chosen","floor":20,"turns":6},{"damage":18,"enemies":"Snecko","floor":22,"turns":6},{"damage":80,"enemies":"Slavers","floor":27,"turns":13},{"damage":64,"enemies":"Chosen and Byrds","floor":29,"turns":10}],"seed_played":"-3747062434612951827","potions_obtained":[{"floor":1,"key":"AttackPotion"},{"floor":4,"key":"SpeedPotion"},{"floor":5,"key":"SmokeBomb"},{"floor":11,"key":"Fire Potion"},{"floor":18,"key":"Energy Potion"},{"floor":27,"key":"SkillPotion"}],"is_trial":false,"path_per_floor":["M","M","M","M","M","R","?","$","T","R","E","R","?","?","R","B",null,"M","$","M","$","M","R","?","R","T","E","$","M"],"character_chosen":"IRONCLAD","items_purchased":["Rampage","Shrug It Off","Dramatic Entrance","Armaments"],"campfire_rested":1,"item_purchase_floors":[8,8,19,28],"current_hp_per_floor":[88,88,83,77,72,72,77,77,77,77,58,58,40,40,66,31,88,88,88,88,88,82,82,82,82,82,42,42,0],"gold":18,"neow_bonus":"TEN_PERCENT_HP_BONUS","is_prod":false,"is_daily":false,"chose_seed":false,"campfire_upgraded":5,"win_rate":0.0,"timestamp":1568309964,"path_taken":["M","M","?","M","?","R","?","?","T","R","E","R","?","?","R","BOSS","M","$","M","?","M","R","?","R","T","E","$","M"],"build_version":"2019-07-17","purchased_purges":3,"victory":false,"max_hp_per_floor":[88,88,88,88,88,88,88,88,88,88,88,88,88,88,88,88,88,88,88,88,88,88,88,88,88,88,88,88,88],"card_choices":[{"not_picked":["Carnage","Anger"],"picked":"Sword Boomerang","floor":1},{"not_picked":["Blood for Blood","Burning Pact","Warcry"],"picked":"SKIP","floor":2},{"not_picked":["Clothesline","Dropkick"],"picked":"Metallicize","floor":3},{"not_picked":["Sever Soul","Perfected Strike","Anger"],"picked":"SKIP","floor":4},{"not_picked":["Entrench","Juggernaut"],"picked":"Body Slam","floor":5},{"not_picked":["Clothesline","Feel No Pain"],"picked":"Metallicize","floor":11},{"not_picked":["Offering","Demon Form"],"picked":"Reaper","floor":16},{"not_picked":["Twin Strike","Entrench"],"picked":"Battle Trance","floor":18},{"not_picked":["Pommel Strike+1","Heavy Blade"],"picked":"Shrug It Off","floor":20},{"not_picked":["Reckless Charge+1","Searing Blow","Clothesline"],"picked":"SKIP","floor":22},{"not_picked":["Blood for Blood","Sword Boomerang","Twin Strike+1"],"picked":"SKIP","floor":27}],"player_experience":65315,"relics_obtained":[{"floor":9,"key":"Smiling Mask"},{"floor":11,"key":"Blood Vial"},{"floor":26,"key":"Matryoshka"},{"floor":27,"key":"Nunchaku"},{"floor":27,"key":"Paper Frog"}],"event_choices":[{"damage_healed":0,"gold_gain":30,"player_choice":"Searched \u00272\u0027 times","damage_taken":0,"max_hp_gain":0,"max_hp_loss":0,"event_name":"Dead Adventurer","floor":7,"gold_loss":0},{"damage_healed":0,"gold_gain":0,"player_choice":"Entered Light","damage_taken":18,"max_hp_gain":0,"max_hp_loss":0,"event_name":"Shining Light","floor":13,"gold_loss":0,"cards_upgraded":["Bash","Strike_R"]},{"damage_healed":0,"gold_gain":0,"player_choice":"Trade","damage_taken":0,"relics_obtained":["GremlinMask"],"max_hp_gain":0,"max_hp_loss":0,"event_name":"FaceTrader","floor":14,"gold_loss":0},{"damage_healed":0,"gold_gain":0,"player_choice":"Became a vampire (Vial)","damage_taken":0,"max_hp_gain":0,"max_hp_loss":0,"event_name":"Vampires","floor":24,"relics_lost":["Blood Vial"],"gold_loss":0,"cards_obtained":["Bite","Bite","Bite","Bite","Bite"]}],"is_beta":false,"boss_relics":[{"not_picked":["Velvet Choker","Busted Crown"],"picked":"Black Star"}],"items_purged_floors":[19,21,28],"is_endless":false,"potions_floor_spawned":[1,4,5,11,18,27],"killed_by":"Chosen and Byrds","ascension_level":0}