{"gold_per_floor":[14,33,45,45,45,45,74,88,88,104,104],"floor_reached":11,"playtime":1291,"items_purged":[],"score":85,"play_id":"61f7e9bd-ed1f-430e-8378-20b5f5d9b395","local_time":"20190724141214","is_ascension_mode":true,"campfire_choices":[{"floor":6,"key":"REST"}],"neow_cost":"NO_GOLD","seed_source_timestamp":125965867314439,"circlet_count":0,"master_deck":["Strike_B","Strike_B","Strike_B","Defend_B","Defend_B","Defend_B","Zap","Dualcast","Hologram","Genetic Algorithm","Conserve Battery","Defragment","Capacitor","Rip and Tear","Blind","Barrage","Buffer","Auto Shields","Go for the Eyes","Melter"],"relics":["Cracked Core","Bottled Flame","Bottled Tornado"],"potions_floor_usage":[11],"damage_taken":[{"damage":0,"enemies":"Cultist","floor":1,"turns":4},{"damage":10,"enemies":"Jaw Worm","floor":2,"turns":4},{"damage":13,"enemies":"2 Louse","floor":3,"turns":4},{"damage":5,"enemies":"Blue Slaver","floor":4,"turns":7},{"damage":11,"enemies":"Lagavulin","floor":7,"turns":9},{"damage":9,"enemies":"Red Slaver","floor":8,"turns":4},{"damage":20,"enemies":"3 Louse","floor":10,"turns":3},{"damage":44,"enemies":"Gremlin Gang","floor":11,"turns":3}],"seed_played":"8341244269356463999","potions_obtained":[{"floor":3,"key":"FearPotion"},{"floor":8,"key":"SteroidPotion"},{"floor":10,"key":"PowerPotion"}],"is_trial":false,"path_per_floor":["M","M","M","M","?","R","E","M","T","M","M"],"character_chosen":"DEFECT","items_purchased":[],"campfire_rested":1,"item_purchase_floors":[],"current_hp_per_floor":[75,65,52,47,47,69,58,49,49,29,0],"gold":104,"neow_bonus":"TRANSFORM_TWO_CARDS","is_prod":false,"is_daily":false,"chose_seed":false,"campfire_upgraded":0,"win_rate":0,"timestamp":1563991934,"path_taken":["M","?","M","M","?","R","E","M","T","M","M"],"build_version":"2019-07-17","purchased_purges":0,"victory":false,"max_hp_per_floor":[75,75,75,75,75,75,75,75,75,75,75],"card_choices":[{"not_picked":["Gash","Turbo"],"picked":"Conserve Battery","floor":1},{"not_picked":["Sunder","Gash"],"picked":"Defragment","floor":2},{"not_picked":["Scrape","Double Energy"],"picked":"Capacitor","floor":3},{"not_picked":["Consume","Hologram"],"picked":"Rip and Tear","floor":4},{"not_picked":["Barrage","Go for the Eyes"],"picked":"Auto Shields","floor":7},{"not_picked":["Rainbow","Coolheaded"],"picked":"Go for the Eyes","floor":8},{"not_picked":["Beam Cell","Reinforced Body"],"picked":"Melter","floor":10}],"player_experience":187337,"relics_obtained":[{"floor":7,"key":"Bottled Flame"},{"floor":9,"key":"Bottled Tornado"}],"event_choices":[{"damage_healed":0,"gold_gain":0,"player_choice":"3 cards matched","damage_taken":0,"max_hp_gain":0,"max_hp_loss":0,"event_name":"Match and Keep!","floor":5,"gold_loss":0,"cards_obtained":["Blind","Barrage","Buffer"]}],"is_beta":false,"boss_relics":[],"items_purged_floors":[],"is_endless":false,"potions_floor_spawned":[3,8,10],"killed_by":"Gremlin Gang","ascension_level":2}