{"gold_per_floor":[361,56,56,56,56,56,81,81,81,0,30,30,44,71,71,142,142,161,86,176,193,193,193],"floor_reached":23,"playtime":1494,"items_purged":["Strike_B"],"score":376,"play_id":"9b17df50-654e-48e0-9bb8-cbc26ee6f974","local_time":"20190817184121","is_ascension_mode":true,"campfire_choices":[{"data":"Sunder","floor":6.0,"key":"SMITH"},{"data":"Zap","floor":12,"key":"SMITH"},{"data":"Dualcast","floor":15,"key":"SMITH"}],"neow_cost":"PERCENT_DAMAGE","seed_source_timestamp":287359521609278,"circlet_count":0,"master_deck":["AscendersBane","Strike_B","Strike_B","Defend_B","Defend_B","Defend_B","Defend_B","Zap+1","Dualcast+1","Sunder+1","Undo","Conserve Battery","Reinforced Body","Lockon","Cold Snap","Echo Form","Buffer","Coolheaded","Loop","Seek","Beam Cell","Writhe"],"special_seed":0,"relics":["Cracked Core","MealTicket","Symbiotic Virus","Prayer Wheel","Regal Pillow","Vajra","Art of War","Cables","Inserter","Kunai"],"potions_floor_usage":[7,11,16,16],"damage_taken":[{"damage":10.0,"enemies":"2 Louse","floor":1.0,"turns":3.0},{"damage":15,"enemies":"3 Sentries","floor":7,"turns":6},{"damage":22,"enemies":"Lagavulin","floor":11,"turns":6},{"damage":0,"enemies":"Jaw Worm","floor":13,"turns":3},{"damage":3,"enemies":"Gremlin Nob","floor":14,"turns":3},{"damage":20,"enemies":"Hexaghost","floor":16,"turns":7},{"damage":6,"enemies":"2 Thieves","floor":18,"turns":5},{"damage":11,"enemies":"Spheric Guardian","floor":21,"turns":5},{"damage":33,"enemies":"Gremlin Leader","floor":23,"turns":3}],"seed_played":"-419527267665789231","potions_obtained":[{"floor":1.0,"key":"Regen Potion"},{"floor":13,"key":"Strength Potion"},{"floor":14,"key":"Weak Potion"},{"floor":18,"key":"LiquidBronze"}],"is_trial":false,"path_per_floor":["M","$","?","?","T","R","E","$","T","$","E","R","M","E","R","B",null,"M","?","?","M","?","E"],"character_chosen":"DEFECT","items_purchased":["MealTicket","Conserve Battery","SkillPotion"],"campfire_rested":0,"item_purchase_floors":[2,10,10],"current_hp_per_floor":[36,36,18,23,23,23,23,38,38,53,31,31,31,28,28,8,59,53,53,39,28,28,0],"gold":193,"neow_bonus":"TWO_FIFTY_GOLD","is_prod":false,"is_daily":false,"chose_seed":false,"campfire_upgraded":3,"win_rate":0,"timestamp":1566092481,"path_taken":["M","$","?","?","?","R","E","$","T","$","E","R","?","E","R","BOSS","M","?","?","?","?","E"],"build_version":"2019-07-17","purchased_purges":1,"victory":false,"max_hp_per_floor":[71,71,71,76,76,76,76,76,76,76,76,76,76,76,76,76,76,76,76,76,76,76,76],"card_choices":[{"not_picked":["Go for the Eyes","Lockon"],"picked":"Sunder","floor":1.0},{"not_picked":["Leap","Blizzard"],"picked":"Undo","floor":7},{"not_picked":["Compile Driver","Streamline"],"picked":"Reinforced Body","floor":11},{"not_picked":["Steam","Go for the Eyes"],"picked":"Lockon","floor":13},{"not_picked":["Stack","Sweeping Beam"],"picked":"Cold Snap","floor":13},{"not_picked":["Glacier","Leap"],"picked":"Echo Form","floor":14},{"not_picked":["Amplify","Reboot"],"picked":"Buffer","floor":16},{"not_picked":["Turbo","Reinforced Body+1"],"picked":"Coolheaded","floor":18},{"not_picked":["Self Repair","Redo"],"picked":"Loop","floor":18},{"not_picked":["Steam","Rebound+1"],"picked":"Seek","floor":21},{"not_picked":["Aggregate","Rebound"],"picked":"Beam Cell","floor":21}],"player_experience":672937,"relics_obtained":[{"floor":5.0,"key":"Prayer Wheel"},{"floor":7,"key":"Regal Pillow"},{"floor":9,"key":"Vajra"},{"floor":11,"key":"Art of War"},{"floor":14,"key":"Cables"}],"event_choices":[{"damage_healed":0.0,"max_hp_gain":0.0,"max_hp_loss":0.0,"gold_gain":0.0,"event_name":"Scrap Ooze","player_choice":"Success","floor":3.0,"gold_loss":0.0,"damage_taken":18.0,"relics_obtained":["Symbiotic Virus"]},{"damage_healed":0.0,"max_hp_gain":5.0,"max_hp_loss":0.0,"gold_gain":0.0,"event_name":"Big Fish","player_choice":"Donut","floor":4.0,"gold_loss":0.0,"damage_taken":0.0},{"cards_removed":["Strike_B"],"damage_healed":0,"gold_gain":0,"player_choice":"Gave Gold","damage_taken":0,"max_hp_gain":0,"max_hp_loss":0,"event_name":"Beggar","floor":19,"gold_loss":75},{"damage_healed":0,"gold_gain":90,"player_choice":"GOLD ","damage_taken":14,"max_hp_gain":0,"max_hp_loss":0,"event_name":"Knowing Skull","floor":20,"potions_obtained":[],"gold_loss":0,"cards_obtained":[]},{"damage_healed":0,"gold_gain":0,"player_choice":"Opened","damage_taken":0,"relics_obtained":["Kunai"],"max_hp_gain":0,"max_hp_loss":0,"event_name":"The Mausoleum","floor":22,"gold_loss":0,"cards_obtained":["Writhe"]}],"is_beta":false,"boss_relics":[{"not_picked":["Runic Pyramid","Empty Cage"],"picked":"Inserter"}],"items_purged_floors":[2],"is_endless":false,"potions_floor_spawned":[1,13,14,18],"killed_by":"Gremlin Leader","ascension_level":17}