{"path_per_floor":["M","M","?","M","M","R","M","E","T","M","R","M","E","$","R","B",null,"M","?","M","$","M"],"character_chosen":"DEFECT","items_purchased":["Toolbox"],"gold_per_floor":[111,126,126,141,156,156,171,204,204,217,217,229,257,5,5,101,101,121,121,131,56,70,70],"floor_reached":23,"campfire_rested":2,"playtime":2994,"current_hp_per_floor":[75,75,75,71,43,43,28,5,5,3,25,24,16,16,38,38,66,48,48,51,51,45,0],"items_purged":["Loop"],"gold":70,"score":383,"play_id":"8d2c6789-4d6d-4eb1-bf60-74785a4715a1","local_time":"20180506122733","is_prod":false,"is_daily":false,"chose_seed":false,"is_ascension_mode":true,"campfire_upgraded":1,"timestamp":1525634853,"path_taken":["M","M","?","?","M","R","M","E","T","M","R","M","E","$","R","BOSS","M","?","M","$","M","E"],"build_version":"2018-05-03","seed_source_timestamp":0,"purchased_purges":2,"victory":false,"master_deck":["Zap","Dualcast","AscendersBane","Streamline","White Noise","Scrape","Coolheaded","Skim","Beam Cell","Streamline","Conserve Battery","Glacier","Zap","Finesse","Reinforced Body","Recycle+1","Stack","Skim","Thunder Strike","Turbo","Creative AI","Glacier","Conserve Battery+1"],"max_hp_per_floor":[75,75,75,75,75,75,75,75,75,75,75,75,75,75,75,75,75,75,75,75,75,75,75],"relics":["Pandora\u0027s Box","Orichalcum","Kunai","Dream Catcher","Toolbox","Black Star"],"card_choices":[{"not_picked":["Reinforced Body","Lockon"],"picked":"Conserve Battery","floor":1.0},{"not_picked":["Axe Kick","Lockon"],"picked":"Glacier","floor":2.0},{"not_picked":["Sweeping Beam","Skim"],"picked":"Reinforced Body","floor":4.0},{"not_picked":["Conserve Battery","Loop"],"picked":"Recycle","floor":5.0},{"not_picked":["Aggregate","Scrape"],"picked":"Stack","floor":8.0},{"not_picked":["Beam Cell","Cold Snap"],"picked":"Skim","floor":10.0},{"not_picked":["Cold Snap","Darkness"],"picked":"Thunder Strike","floor":13.0},{"not_picked":["Beam Cell","Hologram"],"picked":"Turbo","floor":15.0},{"not_picked":["Thunder Strike","Hyperbeam"],"picked":"Creative AI","floor":16.0},{"not_picked":["Axe Kick","Hologram"],"picked":"Glacier","floor":18},{"not_picked":["Melter","Streamline"],"picked":"Conserve Battery","floor":22}],"player_experience":556027,"potions_floor_usage":[18,23,23],"damage_taken":[{"damage":0.0,"enemies":"Small Slimes","floor":1.0,"turns":3.0},{"damage":0.0,"enemies":"Cultist","floor":2.0,"turns":3.0},{"damage":4.0,"enemies":"Jaw Worm","floor":4.0,"turns":3.0},{"damage":28.0,"enemies":"3 Louse","floor":5.0,"turns":3.0},{"damage":15.0,"enemies":"Lots of Slimes","floor":7.0,"turns":5.0},{"damage":23.0,"enemies":"3 Sentries","floor":8.0,"turns":9.0},{"damage":2.0,"enemies":"Blue Slaver","floor":10.0,"turns":4.0},{"damage":1.0,"enemies":"Red Slaver","floor":12.0,"turns":4.0},{"damage":8.0,"enemies":"Lagavulin","floor":13.0,"turns":6.0},{"damage":0.0,"enemies":"Hexaghost","floor":16.0,"turns":6.0},{"damage":18,"enemies":"3 Byrds","floor":18,"turns":7},{"damage":1,"enemies":"Shell Parasite","floor":20,"turns":7},{"damage":13,"enemies":"Snecko","floor":22,"turns":7},{"damage":49,"enemies":"Book of Stabbing","floor":23,"turns":10}],"event_choices":[{"event_name":"Match and Keep!","player_choice":"2 cards matched","floor":3.0,"damage_taken":0.0},{"event_name":"Drug Dealer","player_choice":"Ignored","floor":19,"damage_taken":0}],"boss_relics":[{"not_picked":["Snecko Eye","Tiny House"],"picked":"Black Star"}],"potions_floor_spawned":[5,7,10,12,13,16,18,20],"seed_played":"2598349852665345734","killed_by":"Book of Stabbing","ascension_level":10,"is_trial":false}