{"gold_per_floor":[117,117,192,204,204,204,204,304,331,346,346,346,346,365,365,462,462,481,581,581,600,620,620,535,535,535,221,238,238,238,267,267,363,363,374,384,384,395,449,449,469,486,538,538,538,538,553,320,320,320],"floor_reached":51,"playtime":1910,"items_purged":[],"score":738,"play_id":"6a917ea7-98ca-4c39-9bb8-fcf3ab78ca5a","local_time":"20180918165544","is_ascension_mode":true,"campfire_choices":[{"data":"Zap","floor":6,"key":"SMITH"},{"data":"Cold Snap","floor":11,"key":"SMITH"},{"data":"Dualcast","floor":13,"key":"SMITH"},{"floor":15,"key":"REST"},{"floor":23,"key":"REST"},{"data":"Barrage","floor":25,"key":"SMITH"},{"floor":30,"key":"REST"},{"data":"Static Discharge","floor":32,"key":"SMITH"},{"data":"Coolheaded","floor":40,"key":"SMITH"},{"data":"Ball Lightning","floor":46,"key":"SMITH"},{"data":"Barrage","floor":49,"key":"SMITH"}],"neow_cost":"NONE","seed_source_timestamp":493695028260480,"circlet_count":0,"master_deck":["Defend_B+1","Defend_B+1","Defend_B+1","Defend_B+1","Dualcast+1","Redo+1","Cold Snap+1","Electrodynamics","Stack+1","Cold Snap+1","FTL+1","Ball Lightning+1","Barrage+1","Ball Lightning+1","Glacier","Static Discharge+1","Core Surge+1","Coolheaded+1","Redo+1","All For One","Finesse","Barrage+1"],"relics":["Inserter","Ancient Tea Set","Astrolabe","FossilizedHelix","Matryoshka","Orichalcum","Centennial Puzzle","Cables","Mummified Hand","Question Card","Nuclear Battery","Torii","Pantograph","Anchor","Peace Pipe"],"potions_floor_usage":[16,16,16,16,19,33,50,50],"damage_taken":[{"damage":8,"enemies":"2 Louse","floor":1,"turns":3},{"damage":3,"enemies":"Jaw Worm","floor":4,"turns":5},{"damage":5,"enemies":"Small Slimes","floor":10,"turns":3},{"damage":0,"enemies":"Exordium Wildlife","floor":14,"turns":4},{"damage":29,"enemies":"Slime Boss","floor":16,"turns":9},{"damage":0,"enemies":"3 Byrds","floor":18,"turns":3},{"damage":20,"enemies":"Colosseum Slavers","floor":19,"turns":3},{"damage":37,"enemies":"Colosseum Nobs","floor":19,"turns":4},{"damage":0,"enemies":"Spheric Guardian","floor":21,"turns":4},{"damage":0,"enemies":"Snecko","floor":22,"turns":4},{"damage":0,"enemies":"Sentry and Sphere","floor":28,"turns":4},{"damage":9,"enemies":"Book of Stabbing","floor":31,"turns":6},{"damage":5,"enemies":"Automaton","floor":33,"turns":9},{"damage":1,"enemies":"Orb Walker","floor":35,"turns":3},{"damage":0,"enemies":"3 Shapes","floor":36,"turns":5},{"damage":13,"enemies":"3 Darklings","floor":38,"turns":4},{"damage":0,"enemies":"Mysterious Sphere","floor":39,"turns":4},{"damage":0,"enemies":"Spire Growth","floor":41,"turns":5},{"damage":11,"enemies":"4 Shapes","floor":42,"turns":4},{"damage":0,"enemies":"Mind Bloom Boss Battle","floor":45,"turns":10},{"damage":0,"enemies":"Jaw Worm Horde","floor":47,"turns":4},{"damage":57,"enemies":"Awakened One","floor":50,"turns":15}],"seed_played":"5864878521245330481","potions_obtained":[{"floor":4,"key":"PowerPotion"},{"floor":5,"key":"Weak Potion"},{"floor":5,"key":"LiquidBronze"},{"floor":5,"key":"EntropicBrew"},{"floor":16,"key":"Ancient Potion"},{"floor":31,"key":"Explosive Potion"},{"floor":33,"key":"EssenceOfSteel"}],"is_trial":false,"path_per_floor":["M","?","?","M","?","R","?","?","T","M","R","?","R","M","R","B",null,"M","?","?","M","M","R","?","R","T","$","M","?","R","E","R","B",null,"M","M","?","M","?","R","M","M","T","?","?","R","M","$","R","B"],"character_chosen":"DEFECT","items_purchased":["Glacier","Mummified Hand","All For One","Finesse","Barrage"],"campfire_rested":3,"item_purchase_floors":[27,27,48,48,48],"current_hp_per_floor":[67,60,49,46,46,46,31,31,31,26,26,26,26,26,48,19,75,75,18,18,18,18,40,40,40,40,40,40,40,62,53,53,48,75,74,74,74,61,61,61,61,50,50,50,75,75,75,75,75,18],"gold":320,"neow_bonus":"BOSS_RELIC","is_prod":false,"is_daily":false,"chose_seed":false,"campfire_upgraded":8,"win_rate":0,"timestamp":1537304144,"path_taken":["M","?","?","?","?","R","?","?","T","M","R","?","R","M","R","BOSS","M","?","?","M","M","R","?","R","T","$","M","?","R","E","R","BOSS","M","M","?","?","?","R","M","?","T","?","?","R","M","$","R","BOSS"],"build_version":"2018-09-18","purchased_purges":0,"victory":true,"max_hp_per_floor":[75,75,75,75,75,75,75,75,75,75,75,75,75,75,75,75,75,75,75,75,75,75,75,75,75,75,75,75,75,75,75,75,75,75,75,75,75,75,75,75,75,75,75,75,75,75,75,75,75,75],"card_choices":[{"not_picked":["Rebound","Reprogram","Force Field"],"picked":"SKIP","floor":1},{"not_picked":["Stack","Undo"],"picked":"Redo","floor":4},{"not_picked":["BootSequence","Gash"],"picked":"Cold Snap","floor":10},{"not_picked":["Rebound","Reinforced Body","Double Energy"],"picked":"SKIP","floor":14},{"not_picked":["Core Surge","Amplify"],"picked":"Electrodynamics","floor":16},{"not_picked":["Stack","Hello World"],"picked":"Ball Lightning","floor":18},{"not_picked":["Conserve Battery","Gash"],"picked":"Barrage","floor":19},{"not_picked":["Sweeping Beam","Beam Cell+1"],"picked":"Ball Lightning+1","floor":21},{"not_picked":["Capacitor+1","Compile Driver+1","Turbo+1"],"picked":"SKIP","floor":22},{"not_picked":["FTL+1","Conserve Battery"],"picked":"Static Discharge","floor":28},{"not_picked":["Hologram","Steam","FTL+1"],"picked":"SKIP","floor":31},{"not_picked":["Electrodynamics","Rainbow","Meteor Strike"],"picked":"Core Surge","floor":33},{"not_picked":["Loop","Steam","Hologram"],"picked":"Coolheaded","floor":35},{"not_picked":["Streamline+1","Hologram","Leap+1","Steam"],"picked":"SKIP","floor":36},{"not_picked":["Streamline+1","Hologram","Cold Snap","Turbo"],"picked":"SKIP","floor":38},{"not_picked":["Gash","Sweeping Beam","Rebound","Skim"],"picked":"SKIP","floor":41},{"not_picked":["Coolheaded","Reprogram","Aggregate+1"],"picked":"Redo+1","floor":42},{"not_picked":["Reprogram","Rebound+1","Conserve Battery+1","Compile Driver"],"picked":"SKIP","floor":47}],"player_experience":899088,"relics_obtained":[{"floor":9,"key":"Ancient Tea Set"},{"floor":19,"key":"FossilizedHelix"},{"floor":19,"key":"Matryoshka"},{"floor":26,"key":"Centennial Puzzle"},{"floor":26,"key":"Cables"},{"floor":31,"key":"Question Card"},{"floor":39,"key":"Torii"},{"floor":43,"key":"Pantograph"},{"floor":43,"key":"Anchor"},{"floor":45,"key":"Peace Pipe"}],"event_choices":[{"event_name":"Golden Wing","player_choice":"Card Removal","floor":2,"damage_taken":0},{"event_name":"World of Goop","player_choice":"Gather Gold","floor":3,"damage_taken":0},{"event_name":"The Lab","player_choice":"Got Potions","floor":5,"damage_taken":0},{"event_name":"Shining Light","player_choice":"Entered Light","floor":7,"damage_taken":0},{"event_name":"Golden Shrine","player_choice":"Pray","floor":8,"damage_taken":0},{"event_name":"Dead Adventurer","player_choice":"Searched \u00270\u0027 times","floor":12,"damage_taken":0},{"event_name":"Colosseum","player_choice":"Fight","floor":19,"damage_taken":0},{"event_name":"Colosseum","player_choice":"Fought Nobs","floor":19,"damage_taken":0},{"event_name":"Back to Basics","player_choice":"Simplicity","floor":20,"damage_taken":0},{"event_name":"Addict","player_choice":"Obtained Relic","floor":24,"damage_taken":0},{"event_name":"Beggar","player_choice":"Ignored","floor":29,"damage_taken":0},{"event_name":"Upgrade Shrine","player_choice":"Upgraded","floor":37,"damage_taken":0},{"event_name":"Mysterious Sphere","player_choice":"Fight","floor":39,"damage_taken":0},{"event_name":"Falling","player_choice":"Removed Skill","floor":44,"damage_taken":0},{"event_name":"MindBloom","player_choice":"Fight","floor":45,"damage_taken":0}],"is_beta":true,"boss_relics":[{"not_picked":["Lizard Tail","Fusion Hammer"],"picked":"Astrolabe"},{"not_picked":["Pandora\u0027s Box","Runic Pyramid"],"picked":"Nuclear Battery"}],"items_purged_floors":[],"is_endless":false,"potions_floor_spawned":[4,16,19,31,33,36,41,45],"ascension_level":2}