{"gold_per_floor":[115,125,143,161,161,161,171,171,171,171,29,42,61,61,61,139,139,151,170,188,203,215,248,248,261,286,286,304,304,336,347,347,419,419,436,436,109,109,25,41,41,41,67,67,67,80,130,140,140,140],"floor_reached":51,"playtime":3607,"items_purged":[],"score":1234,"play_id":"d37ce5a2-6b19-49ee-b186-4a326876230f","local_time":"20190417182144","is_ascension_mode":true,"campfire_choices":[{"data":"Bash","floor":6,"key":"SMITH"},{"data":"Corruption","floor":8,"key":"SMITH"},{"data":"Shockwave","floor":10,"key":"SMITH"},{"data":"Inflame","floor":15,"key":"SMITH"},{"floor":24,"key":"REST"},{"floor":27,"key":"REST"},{"floor":29,"key":"REST"},{"floor":32,"key":"REST"},{"floor":41,"key":"REST"},{"data":"Armaments","floor":42,"key":"SMITH"},{"data":"Inflame","floor":44,"key":"SMITH"},{"data":"Double Tap","floor":45,"key":"SMITH"},{"floor":49,"key":"REST"}],"neow_cost":"NONE","seed_source_timestamp":31135568956977,"circlet_count":0,"master_deck":["AscendersBane","Strike_R","Strike_R","Strike_R+1","Strike_R+1","Defend_R","Defend_R","Defend_R","Defend_R","Bash+1","Warcry","Shrug It Off","Corruption+1","Shockwave+1","Shrug It Off","Headbutt","Metallicize","Anger","Armaments+1","Pommel Strike","Inflame+1","Impervious","Offering+1","True Grit","Spot Weakness","Sword Boomerang+1","Havoc","Spot Weakness","Sever Soul","Inflame+1","Ghostly Armor","Limit Break","Double Tap+1","Disarm+1"],"relics":["Burning Blood","Mummified Hand","Snecko Eye","Whetstone","Lantern","Pocketwatch","Sozu","WingedGreaves","Bronze Scales"],"potions_floor_usage":[13,18,21,22,31,33,35],"damage_taken":[{"damage":3,"enemies":"2 Louse","floor":1,"turns":4},{"damage":7,"enemies":"Cultist","floor":2,"turns":4},{"damage":2,"enemies":"Jaw Worm","floor":3,"turns":5},{"damage":18,"enemies":"Lots of Slimes","floor":4,"turns":7},{"damage":7,"enemies":"2 Fungi Beasts","floor":7,"turns":6},{"damage":14,"enemies":"Red Slaver","floor":12,"turns":3},{"damage":0,"enemies":"Looter","floor":13,"turns":4},{"damage":32,"enemies":"The Guardian","floor":16,"turns":8},{"damage":6,"enemies":"2 Thieves","floor":18,"turns":4},{"damage":9,"enemies":"3 Byrds","floor":19,"turns":6},{"damage":12,"enemies":"3 Cultists","floor":20,"turns":5},{"damage":26,"enemies":"Snake Plant","floor":21,"turns":4},{"damage":10,"enemies":"Shelled Parasite and Fungi","floor":22,"turns":5},{"damage":14,"enemies":"Gremlin Leader","floor":23,"turns":6},{"damage":28,"enemies":"Cultist and Chosen","floor":25,"turns":5},{"damage":22,"enemies":"Snake Plant","floor":28,"turns":4},{"damage":35,"enemies":"Slavers","floor":30,"turns":4},{"damage":24,"enemies":"Centurion and Healer","floor":31,"turns":5},{"damage":13,"enemies":"Automaton","floor":33,"turns":6},{"damage":14,"enemies":"3 Darklings","floor":35,"turns":4},{"damage":26,"enemies":"Orb Walker","floor":40,"turns":4},{"damage":30,"enemies":"3 Darklings","floor":46,"turns":4},{"damage":6,"enemies":"Maw","floor":48,"turns":5},{"damage":33,"enemies":"Time Eater","floor":50,"turns":6}],"seed_played":"7981913653549613570","potions_obtained":[{"floor":1,"key":"Ancient Potion"},{"floor":3,"key":"Regen Potion"},{"floor":7,"key":"PowerPotion"},{"floor":16,"key":"SkillPotion"},{"floor":21,"key":"GamblersBrew"},{"floor":25,"key":"GamblersBrew"},{"floor":28,"key":"EssenceOfSteel"},{"floor":30,"key":"BloodPotion"},{"floor":33,"key":"BloodPotion"}],"is_trial":false,"path_per_floor":["M","M","M","M","?","R","M","R","T","R","$","M","M","?","R","B",null,"M","M","M","M","M","E","R","M","T","R","M","R","E","M","R","B",null,"M","$","$","?","$","M","R","R","T","R","R","M","?","M","R","B",null],"character_chosen":"IRONCLAD","items_purchased":["Metallicize","Anger","Armaments","WingedGreaves","Double Tap"],"campfire_rested":6,"item_purchase_floors":[11,11,11,37,39],"current_hp_per_floor":[71,70,74,62,58,58,57,57,57,57,57,49,67,67,67,41,67,67,64,58,38,34,26,48,26,26,48,32,54,25,14,36,29,64,63,63,63,63,63,43,65,65,65,65,65,41,41,41,63,36],"gold":140,"neow_bonus":"TRANSFORM_CARD","is_prod":false,"is_daily":false,"chose_seed":false,"campfire_upgraded":7,"win_rate":0,"timestamp":1555518104,"path_taken":["M","M","M","M","?","R","M","R","T","R","$","?","M","?","R","BOSS","M","M","M","M","?","E","R","M","T","R","M","R","E","M","R","BOSS","M","?","$","?","$","M","R","R","T","R","R","?","?","?","R","BOSS"],"build_version":"2019-01-23","purchased_purges":0,"victory":true,"max_hp_per_floor":[75,75,75,75,75,75,75,75,75,75,75,75,75,75,75,75,75,75,75,75,75,75,75,75,75,75,75,75,75,75,75,75,75,75,75,75,75,75,75,75,75,75,75,75,75,75,75,75,75,75],"card_choices":[{"not_picked":["Uppercut","Perfected Strike"],"picked":"Shrug It Off","floor":1},{"not_picked":["Rage","Bloodletting"],"picked":"Corruption","floor":2},{"not_picked":["Headbutt","Armaments"],"picked":"Shockwave","floor":3},{"not_picked":["Wild Strike","Twin Strike"],"picked":"Shrug It Off","floor":4},{"not_picked":["Limit Break","Corruption"],"picked":"Headbutt","floor":7},{"not_picked":["Clothesline","Flex"],"picked":"Pommel Strike","floor":12},{"not_picked":["Searing Blow","Bloodletting"],"picked":"Inflame","floor":13},{"not_picked":["Feed","Barricade"],"picked":"Offering","floor":16},{"not_picked":["Wild Strike","Rage"],"picked":"True Grit","floor":18},{"not_picked":["Iron Wave","Armaments","Thunderclap"],"picked":"SKIP","floor":19},{"not_picked":["Warcry","Armaments"],"picked":"Spot Weakness","floor":20},{"not_picked":["Dual Wield","Rupture"],"picked":"Sword Boomerang+1","floor":21},{"not_picked":["Evolve+1","Clash"],"picked":"Havoc","floor":22},{"not_picked":["Warcry+1","Fire Breathing"],"picked":"Spot Weakness","floor":23},{"not_picked":["Warcry","Armaments","Headbutt"],"picked":"SKIP","floor":25},{"not_picked":["Clash","True Grit"],"picked":"Sever Soul","floor":28},{"not_picked":["Sword Boomerang","Searing Blow"],"picked":"Inflame","floor":30},{"not_picked":["Shockwave","Sever Soul"],"picked":"Ghostly Armor","floor":31},{"not_picked":["Dark Embrace","Exhume"],"picked":"Limit Break","floor":33},{"not_picked":["True Grit","Rampage","Warcry+1"],"picked":"SKIP","floor":35},{"not_picked":["Pummel","Pommel Strike","Headbutt"],"picked":"SKIP","floor":40},{"not_picked":["Second Wind","Wild Strike","Rupture"],"picked":"SKIP","floor":46},{"not_picked":["Clash","True Grit+1"],"picked":"Disarm+1","floor":48}],"player_experience":590882,"relics_obtained":[{"floor":9,"key":"Mummified Hand"},{"floor":23,"key":"Whetstone"},{"floor":26,"key":"Lantern"},{"floor":30,"key":"Pocketwatch"},{"floor":43,"key":"Bronze Scales"}],"event_choices":[{"damage_healed":0,"gold_gain":0,"player_choice":"Bought 0 Potions","damage_taken":0,"max_hp_gain":0,"max_hp_loss":0,"event_name":"The Woman in Blue","floor":5,"gold_loss":0},{"damage_healed":0,"gold_gain":0,"player_choice":"1 cards matched","damage_taken":0,"max_hp_gain":0,"max_hp_loss":0,"event_name":"Match and Keep!","floor":14,"gold_loss":0,"cards_obtained":["Impervious"]},{"damage_healed":0,"gold_gain":0,"player_choice":"Forge","damage_taken":0,"max_hp_gain":0,"max_hp_loss":0,"event_name":"Accursed Blacksmith","floor":38,"gold_loss":0,"cards_upgraded":["Offering"]},{"damage_healed":0,"gold_gain":50,"player_choice":"Pray","damage_taken":0,"max_hp_gain":0,"max_hp_loss":0,"event_name":"Golden Shrine","floor":47,"gold_loss":0}],"is_beta":false,"boss_relics":[{"not_picked":["Runic Cube","Philosopher\u0027s Stone"],"picked":"Snecko Eye"},{"not_picked":["Tiny House","Runic Dome"],"picked":"Sozu"}],"items_purged_floors":[],"is_endless":false,"potions_floor_spawned":[1,3,7,12,16,21,25,28,30,33,40,48],"ascension_level":19}