{"gold_per_floor":[112,127,127,150,165,165,165,206,229,254,269,269,287,325,325,453,453,473,473,80,80,179,179,200,200,200,225,238,263,299,313,313,313],"floor_reached":33,"playtime":1181,"items_purged":["Injury"],"score":306,"play_id":"429a6db2-9ce3-4f83-a6ea-b17055042363","local_time":"20180704023458","is_ascension_mode":false,"campfire_choices":[{"data":"Cleave","floor":6,"key":"SMITH"},{"data":"Shrug It Off","floor":12,"key":"SMITH"},{"data":"Headbutt","floor":15,"key":"SMITH"},{"data":"Reckless Charge","floor":23,"key":"SMITH"},{"data":"Reckless Charge","floor":25,"key":"SMITH"},{"data":"Armaments","floor":32,"key":"SMITH"}],"neow_cost":"NONE","seed_source_timestamp":261600961648997,"circlet_count":0,"master_deck":["Strike_R","Strike_R","Strike_R","Strike_R","Strike_R","Defend_R+1","Defend_R+1","Defend_R+1","Defend_R","Bash+1","Reaper","Headbutt+1","Cleave+1","Pommel Strike","Reckless Charge+1","Shrug It Off+1","Seeing Red","Armaments+1","Sword Boomerang","Bludgeon+1","Blood for Blood+1","Reckless Charge+1","Twin Strike","Fire Breathing+1","Battle Trance"],"relics":["Burning Blood","Golden Idol","Oddly Smooth Stone","War Paint","Blood Vial","Coffee Dripper","Paper Frog","Regal Pillow","Ice Cream"],"potions_floor_usage":[30,33],"damage_taken":[{"damage":10,"enemies":"Jaw Worm","floor":1,"turns":6},{"damage":5,"enemies":"Small Slimes","floor":2,"turns":5},{"damage":1,"enemies":"Cultist","floor":4,"turns":3},{"damage":11,"enemies":"3 Louse","floor":5,"turns":4},{"damage":15,"enemies":"Gremlin Nob","floor":8,"turns":4},{"damage":10,"enemies":"Looter","floor":10,"turns":2},{"damage":4,"enemies":"Gremlin Gang","floor":11,"turns":2},{"damage":2,"enemies":"Exordium Thugs","floor":13,"turns":3},{"damage":0,"enemies":"3 Sentries","floor":14,"turns":5},{"damage":20,"enemies":"Slime Boss","floor":16,"turns":8},{"damage":2,"enemies":"3 Byrds","floor":18,"turns":5},{"damage":11,"enemies":"2 Thieves","floor":24,"turns":3},{"damage":38,"enemies":"Snake Plant","floor":27,"turns":5},{"damage":12,"enemies":"Snecko","floor":28,"turns":4},{"damage":11,"enemies":"Chosen and Byrds","floor":29,"turns":4},{"damage":21,"enemies":"Slavers","floor":30,"turns":4},{"damage":12,"enemies":"3 Cultists","floor":31,"turns":5},{"damage":66,"enemies":"Champ","floor":33,"turns":11}],"seed_played":"6477950196059401496","potions_obtained":[{"floor":1,"key":"Poison Potion"},{"floor":2,"key":"EssenceOfSteel"},{"floor":10,"key":"Strength Potion"},{"floor":13,"key":"PowerPotion"}],"is_trial":false,"path_per_floor":["M","M","?","M","M","R","?","E","T","M","M","R","M","E","R","B",null,"M","?","$","$","?","R","M","R","T","M","M","M","E","M","R"],"character_chosen":"IRONCLAD","items_purchased":["Paper Frog","Reckless Charge"],"campfire_rested":0,"item_purchase_floors":[20,20],"current_hp_per_floor":[76,79,59,64,71,71,55,46,46,42,44,44,48,66,66,54,80,80,80,80,80,80,80,75,75,75,45,45,50,43,54,54,0],"gold":313,"neow_bonus":"ONE_RANDOM_RARE_CARD","is_prod":false,"is_daily":false,"chose_seed":false,"campfire_upgraded":6,"win_rate":0,"timestamp":1530686098,"path_taken":["M","M","?","M","?","R","?","E","T","M","M","R","?","E","R","BOSS","M","?","?","$","?","R","M","R","T","M","?","M","E","M","R","BOSS"],"build_version":"2018-07-02","purchased_purges":1,"victory":false,"max_hp_per_floor":[80,80,80,80,80,80,80,80,80,80,80,80,80,80,80,80,80,80,80,80,80,80,80,80,80,80,80,80,80,80,80,80,80],"card_choices":[{"not_picked":["Sentinel","Flex"],"picked":"Headbutt","floor":1},{"not_picked":["Ghostly Armor","Wild Strike"],"picked":"Cleave","floor":2},{"not_picked":["Thunderclap","Dropkick","Fire Breathing"],"picked":"SKIP","floor":4},{"not_picked":["Cleave","Armaments"],"picked":"Pommel Strike","floor":5},{"not_picked":["Rampage","Perfected Strike"],"picked":"Reckless Charge","floor":8},{"not_picked":["Pommel Strike","Armaments"],"picked":"Shrug It Off","floor":10},{"not_picked":["Second Wind","Flex"],"picked":"Seeing Red","floor":11},{"not_picked":["Pummel","True Grit"],"picked":"Armaments","floor":13},{"not_picked":["Body Slam","Cleave"],"picked":"Sword Boomerang","floor":14},{"not_picked":["Berserk","Juggernaut"],"picked":"Bludgeon","floor":16},{"not_picked":["Pummel","Corruption"],"picked":"Blood for Blood+1","floor":18},{"not_picked":["Pummel+1","Clothesline"],"picked":"Twin Strike","floor":24},{"not_picked":["Clothesline","Rupture","Body Slam"],"picked":"SKIP","floor":27},{"not_picked":["Hemokinesis","Combust+1","Iron Wave"],"picked":"SKIP","floor":28},{"not_picked":["Metallicize","Twin Strike"],"picked":"Fire Breathing+1","floor":29},{"not_picked":["Rampage","Burning Pact","Berserk"],"picked":"SKIP","floor":30},{"not_picked":["Pommel Strike","Flame Barrier+1"],"picked":"Battle Trance","floor":31}],"player_experience":581594,"relics_obtained":[{"floor":8,"key":"Oddly Smooth Stone"},{"floor":9,"key":"War Paint"},{"floor":14,"key":"Blood Vial"},{"floor":26,"key":"Regal Pillow"},{"floor":30,"key":"Ice Cream"}],"event_choices":[{"event_name":"Golden Idol","player_choice":"Take Damage","floor":3,"damage_taken":0},{"event_name":"Shining Light","player_choice":"Entered Light","floor":7,"damage_taken":0},{"event_name":"Accursed Blacksmith","player_choice":"Forge","floor":19,"damage_taken":0},{"event_name":"Nest","player_choice":"Stole From Cult","floor":22,"damage_taken":0}],"boss_relics":[{"not_picked":["Runic Cube","Tiny House"],"picked":"Coffee Dripper"}],"items_purged_floors":[20],"is_endless":false,"potions_floor_spawned":[1,2,10,13,14,29],"killed_by":"Champ","ascension_level":0}