{"gold_per_floor":[115,115,133,58,76,111,11,11,11,11,11,30,40,59,59,156,156,175,82,82,35,48,48,74,74,74,87,97,97,110,209,209,209],"floor_reached":33,"playtime":1434,"items_purged":["Defend_R","Decay"],"score":267,"play_id":"aeac53dc-057f-4636-a637-d1cd6f1ce7a7","local_time":"20190917012801","is_ascension_mode":false,"campfire_choices":[{"data":"Perfected Strike","floor":8,"key":"SMITH"},{"floor":10,"key":"REST"},{"data":"Perfected Strike","floor":15,"key":"SMITH"},{"data":"Bash","floor":23,"key":"SMITH"},{"floor":25,"key":"REST"},{"floor":32,"key":"REST"}],"neow_cost":"CURSE","seed_source_timestamp":75391950944200,"circlet_count":0,"master_deck":["Strike_R","Strike_R","Strike_R","Strike_R","Strike_R","Defend_R","Defend_R","Defend_R","Bash+1","Perfected Strike+1","Perfected Strike+1","Pommel Strike","Wild Strike","Perfected Strike+1","Warcry","Warcry","Shrug It Off+1"],"relics":["Burning Blood","Charon\u0027s Ashes","GremlinMask","Bottled Flame","Matryoshka","Omamori","Busted Crown","Anchor","Happy Flower","Juzu Bracelet"],"potions_floor_usage":[16,16,24,30,33],"damage_taken":[{"damage":4,"enemies":"Small Slimes","floor":1,"turns":4},{"damage":3,"enemies":"Cultist","floor":3,"turns":3},{"damage":15,"enemies":"Jaw Worm","floor":5,"turns":3},{"damage":30,"enemies":"Gremlin Nob","floor":6,"turns":4},{"damage":6,"enemies":"Red Slaver","floor":12,"turns":3},{"damage":1,"enemies":"3 Louse","floor":13,"turns":3},{"damage":8,"enemies":"Gremlin Gang","floor":14,"turns":5},{"damage":36,"enemies":"The Guardian","floor":16,"turns":7},{"damage":18,"enemies":"3 Byrds","floor":18,"turns":6},{"damage":10,"enemies":"Chosen","floor":22,"turns":2},{"damage":49,"enemies":"Gremlin Leader","floor":24,"turns":3},{"damage":13,"enemies":"Snake Plant","floor":27,"turns":3},{"damage":0,"enemies":"Snecko","floor":28,"turns":2},{"damage":4,"enemies":"Shelled Parasite and Fungi","floor":30,"turns":3},{"damage":107,"enemies":"Automaton","floor":33,"turns":6}],"seed_played":"-2657601634647472276","potions_obtained":[{"floor":1,"key":"Poison Potion"},{"floor":6,"key":"Poison Potion"},{"floor":14,"key":"AttackPotion"},{"floor":22,"key":"AttackPotion"},{"floor":28,"key":"AttackPotion"},{"floor":30,"key":"Weak Potion"}],"is_trial":false,"path_per_floor":["M","?","M","$","M","E","$","R","T","R","?","M","M","M","R","B",null,"M","$","?","$","M","R","E","R","T","M","M","?","M","?","R","B"],"character_chosen":"IRONCLAD","items_purchased":["Perfected Strike","Warcry","Warcry"],"campfire_rested":3,"item_purchase_floors":[19,19,21],"current_hp_per_floor":[80,80,80,80,71,47,47,47,47,71,71,71,76,74,74,44,80,68,68,68,68,64,64,21,45,45,38,44,44,46,46,70,0],"gold":209,"neow_bonus":"ONE_RARE_RELIC","is_prod":false,"is_daily":false,"chose_seed":false,"campfire_upgraded":3,"win_rate":0,"timestamp":1568698081,"path_taken":["M","?","?","$","M","E","$","R","T","R","?","M","?","M","R","BOSS","M","$","?","$","M","R","E","R","T","M","M","?","M","?","R","BOSS"],"build_version":"2019-07-17","purchased_purges":2,"victory":false,"max_hp_per_floor":[80,80,80,80,80,80,80,80,80,80,80,80,80,80,80,80,80,80,80,80,80,80,80,80,80,80,80,80,80,80,80,80,80],"card_choices":[{"not_picked":["Havoc","Armaments"],"picked":"Perfected Strike","floor":1},{"not_picked":["Armaments","Infernal Blade"],"picked":"Perfected Strike","floor":3},{"not_picked":["Carnage","Flex","Second Wind"],"picked":"SKIP","floor":5},{"not_picked":["Sword Boomerang","Dual Wield","Anger"],"picked":"SKIP","floor":6},{"not_picked":["Sword Boomerang","Disarm"],"picked":"Pommel Strike","floor":12},{"not_picked":["Thunderclap","Sentinel","Sword Boomerang"],"picked":"SKIP","floor":13},{"not_picked":["Exhume","Twin Strike"],"picked":"Wild Strike","floor":14},{"not_picked":["Seeing Red"],"picked":"SKIP","floor":18},{"not_picked":["True Grit+1"],"picked":"SKIP","floor":22},{"not_picked":[],"picked":"Shrug It Off+1","floor":24},{"not_picked":["Bloodletting"],"picked":"SKIP","floor":27},{"not_picked":["Cleave"],"picked":"SKIP","floor":28},{"not_picked":["Entrench"],"picked":"SKIP","floor":30}],"player_experience":549723,"relics_obtained":[{"floor":6,"key":"Bottled Flame"},{"floor":9,"key":"Matryoshka"},{"floor":24,"key":"Anchor"},{"floor":26,"key":"Happy Flower"},{"floor":26,"key":"Juzu Bracelet"}],"event_choices":[{"damage_healed":0,"gold_gain":0,"player_choice":"Trade","damage_taken":0,"relics_obtained":["GremlinMask"],"max_hp_gain":0,"max_hp_loss":0,"event_name":"FaceTrader","floor":2,"gold_loss":0},{"damage_healed":0,"gold_gain":0,"player_choice":"Gave Potion","damage_taken":0,"relics_obtained":["Omamori"],"max_hp_gain":0,"max_hp_loss":0,"event_name":"WeMeetAgain","floor":11,"gold_loss":0},{"damage_healed":0,"gold_gain":0,"player_choice":"Upgraded","damage_taken":0,"max_hp_gain":0,"max_hp_loss":0,"event_name":"Upgrade Shrine","floor":20,"gold_loss":0,"cards_upgraded":["Perfected Strike"]},{"damage_healed":0,"gold_gain":0,"player_choice":"Ignored","damage_taken":0,"max_hp_gain":0,"max_hp_loss":0,"event_name":"Ghosts","floor":29,"gold_loss":0},{"damage_healed":0,"gold_gain":99,"player_choice":"Stole From Cult","damage_taken":0,"max_hp_gain":0,"max_hp_loss":0,"event_name":"Nest","floor":31,"gold_loss":0}],"is_beta":false,"boss_relics":[{"not_picked":["Philosopher\u0027s Stone","Fusion Hammer"],"picked":"Busted Crown"}],"items_purged_floors":[4,7],"is_endless":false,"potions_floor_spawned":[1,6,14,22,28,30],"killed_by":"Automaton","ascension_level":0}