{"gold_per_floor":[112,125,90,104,104,104,120,136,162,246,269,281,305,331,343,355],"floor_reached":16,"playtime":772,"items_purged":[],"score":192,"play_id":"3b8dca58-716c-4b0b-99eb-64cad76f5825","local_time":"20190420112243","is_ascension_mode":true,"campfire_choices":[{"data":"Bash","floor":6,"key":"SMITH"},{"data":"Pommel Strike","floor":12,"key":"SMITH"},{"data":"Pommel Strike","floor":15,"key":"SMITH"}],"neow_cost":"PERCENT_DAMAGE","seed_source_timestamp":4918751386081,"circlet_count":0,"master_deck":["AscendersBane","Strike_R","Strike_R","Strike_R","Strike_R","Strike_R","Defend_R","Defend_R","Defend_R","Defend_R","Bash+1","Demon Form","Blood for Blood","Pommel Strike+1","Shrug It Off","Demon Form","Ghostly Armor","Battle Trance","Pommel Strike+1"],"relics":["Burning Blood","MawBank","Question Card"],"potions_floor_usage":[11],"damage_taken":[{"damage":14,"enemies":"Jaw Worm","floor":1,"turns":4},{"damage":24,"enemies":"Small Slimes","floor":2,"turns":5},{"damage":2,"enemies":"Cultist","floor":4,"turns":4},{"damage":5,"enemies":"2 Fungi Beasts","floor":7,"turns":4},{"damage":32,"enemies":"Large Slime","floor":8,"turns":5},{"damage":10,"enemies":"Exordium Thugs","floor":11,"turns":4},{"damage":1,"enemies":"2 Fungi Beasts","floor":13,"turns":4},{"damage":4,"enemies":"Exordium Wildlife","floor":14,"turns":5},{"damage":53,"enemies":"Hexaghost","floor":16,"turns":9}],"seed_played":"-7246256096111774127","potions_obtained":[{"floor":4,"key":"Explosive Potion"},{"floor":11,"key":"Ancient Potion"}],"is_trial":false,"path_per_floor":["M","M","?","M","?","R","M","M","T","T","M","R","M","M","R","B"],"character_chosen":"IRONCLAD","items_purchased":[],"campfire_rested":0,"item_purchase_floors":[],"current_hp_per_floor":[42,24,42,46,71,71,72,46,46,46,42,42,47,49,49,0],"gold":355,"neow_bonus":"THREE_RARE_CARDS","is_prod":false,"is_daily":false,"chose_seed":false,"campfire_upgraded":3,"win_rate":0,"timestamp":1555752163,"path_taken":["M","M","?","M","?","R","M","M","T","?","M","R","M","?","R","BOSS"],"build_version":"2019-01-23","purchased_purges":0,"victory":false,"max_hp_per_floor":[75,75,75,75,75,75,75,75,75,75,75,75,75,75,75,75],"card_choices":[{"not_picked":["Dark Embrace","Exhume"],"picked":"Demon Form","floor":0},{"not_picked":["Clash","Bloodletting"],"picked":"Blood for Blood","floor":1},{"not_picked":["Hemokinesis","Sword Boomerang"],"picked":"Pommel Strike","floor":2},{"not_picked":["Thunderclap","Perfected Strike"],"picked":"Shrug It Off","floor":4},{"not_picked":["Flex","Warcry"],"picked":"Demon Form","floor":7},{"not_picked":["Body Slam","Sever Soul","Rampage"],"picked":"SKIP","floor":8},{"not_picked":["Sentinel","Second Wind","Thunderclap"],"picked":"Ghostly Armor","floor":11},{"not_picked":["Body Slam","Sword Boomerang","Searing Blow"],"picked":"Battle Trance","floor":13},{"not_picked":["Uppercut","True Grit","Iron Wave"],"picked":"Pommel Strike","floor":14}],"player_experience":598017,"relics_obtained":[{"floor":9,"key":"MawBank"},{"floor":10,"key":"Question Card"}],"event_choices":[{"damage_healed":18,"gold_gain":0,"player_choice":"Healed","damage_taken":0,"max_hp_gain":0,"max_hp_loss":0,"event_name":"The Cleric","floor":3,"gold_loss":35},{"damage_healed":25,"gold_gain":0,"player_choice":"Banana","damage_taken":0,"max_hp_gain":0,"max_hp_loss":0,"event_name":"Big Fish","floor":5,"gold_loss":0}],"is_beta":false,"boss_relics":[],"items_purged_floors":[],"is_endless":false,"potions_floor_spawned":[4,11],"killed_by":"Hexaghost","ascension_level":20}