{"gold_per_floor":[118,118,43,61,61,61,96,96,96,96,111,111,124,158,158,158],"floor_reached":16,"playtime":915,"items_purged":[],"score":216,"play_id":"c6454361-7b34-4f12-ad41-a4984861a8f2","local_time":"20190820202252","is_ascension_mode":true,"campfire_choices":[{"data":"Redo","floor":6.0,"key":"SMITH"},{"data":"Zap","floor":8.0,"key":"SMITH"},{"data":"Dualcast","floor":10.0,"key":"SMITH"},{"data":"Coolheaded","floor":12.0,"key":"SMITH"},{"data":"Loop","floor":15.0,"key":"SMITH"}],"neow_cost":"TEN_PERCENT_HP_LOSS","seed_source_timestamp":552782530440381,"circlet_count":0,"master_deck":["AscendersBane","Strike_B","Strike_B","Strike_B","Defend_B","Zap+1","Dualcast+1","Leap","Darkness","Glacier","Redo+1","Conserve Battery","Coolheaded+1","Loop+1","Chill"],"special_seed":0,"relics":["Cracked Core","Golden Idol","PreservedInsect","Gremlin Horn","Pen Nib"],"potions_floor_usage":[16],"damage_taken":[{"damage":7.0,"enemies":"Jaw Worm","floor":1.0,"turns":4.0},{"damage":0.0,"enemies":"2 Louse","floor":4.0,"turns":2.0},{"damage":30.0,"enemies":"3 Sentries","floor":7.0,"turns":7.0},{"damage":0.0,"enemies":"Small Slimes","floor":11.0,"turns":3.0},{"damage":0.0,"enemies":"Looter","floor":13.0,"turns":3.0},{"damage":11.0,"enemies":"Gremlin Nob","floor":14.0,"turns":3.0},{"damage":20,"enemies":"Slime Boss","floor":16,"turns":5}],"seed_played":"4949181550563883395","potions_obtained":[{"floor":7.0,"key":"Explosive Potion"},{"floor":11.0,"key":"AttackPotion"}],"is_trial":false,"path_per_floor":["M","?","?","M","?","R","E","R","T","R","M","R","M","E","R","B"],"character_chosen":"DEFECT","items_purchased":[],"campfire_rested":0,"item_purchase_floors":[],"current_hp_per_floor":[57,57,57,57,57,57,27,27,27,27,27,27,27,16,16,0],"gold":158,"neow_bonus":"TRANSFORM_TWO_CARDS","is_prod":false,"is_daily":false,"chose_seed":false,"campfire_upgraded":5,"win_rate":0,"timestamp":1566357772,"path_taken":["M","?","?","M","?","R","E","R","T","R","M","R","M","E","R","BOSS"],"build_version":"2019-07-17","purchased_purges":0,"victory":false,"max_hp_per_floor":[64,64,64,64,58,58,58,58,58,58,58,58,58,58,58,58],"card_choices":[{"not_picked":["Rebound","Stack"],"picked":"Glacier","floor":1.0},{"not_picked":["Chaos","Gash"],"picked":"Redo","floor":4.0},{"not_picked":["Ball Lightning","Gash"],"picked":"Conserve Battery","floor":7.0},{"not_picked":["Streamline","Steam"],"picked":"Coolheaded","floor":11.0},{"not_picked":["Conserve Battery","Sweeping Beam"],"picked":"Loop","floor":13.0},{"not_picked":["Stack","Ball Lightning"],"picked":"Chill","floor":14.0}],"player_experience":719829,"relics_obtained":[{"floor":7.0,"key":"PreservedInsect"},{"floor":9.0,"key":"Gremlin Horn"},{"floor":14.0,"key":"Pen Nib"}],"event_choices":[{"cards_removed":["Defend_B"],"damage_healed":0.0,"max_hp_gain":0.0,"max_hp_loss":0.0,"gold_gain":0.0,"event_name":"Living Wall","player_choice":"Forget","floor":2.0,"gold_loss":0.0,"damage_taken":0.0},{"cards_removed":["Defend_B"],"damage_healed":0.0,"max_hp_gain":0.0,"max_hp_loss":0.0,"gold_gain":0.0,"event_name":"The Cleric","player_choice":"Card Removal","floor":3.0,"gold_loss":75.0,"damage_taken":0.0},{"damage_healed":0.0,"max_hp_gain":0.0,"max_hp_loss":6.0,"gold_gain":0.0,"event_name":"Golden Idol","player_choice":"Lose Max HP","floor":5.0,"gold_loss":0.0,"damage_taken":0.0,"relics_obtained":["Golden Idol"]}],"is_beta":false,"boss_relics":[],"items_purged_floors":[],"is_endless":false,"potions_floor_spawned":[7,11,13],"killed_by":"Slime Boss","ascension_level":20}