{"gold_per_floor":[215,215,23,43,55,88,88,105,131,146,159,159,177,190,190,286,286,304,304],"floor_reached":19,"playtime":497,"items_purged":[],"score":234,"play_id":"5ae0f651-3ff8-4c76-814f-7bd6ec1afe75","local_time":"20190331211200","is_ascension_mode":true,"campfire_choices":[{"data":"infinitespire:OneForAll","floor":7,"key":"SMITH"},{"data":"Barricade","floor":12,"key":"SMITH"},{"data":"Inflame","floor":15,"key":"SMITH"}],"neow_cost":"NONE","seed_source_timestamp":3476335587226330,"circlet_count":0,"master_deck":["strawberrySpire:AnotherWinter+1","Strike_R","Strike_R","Strike_R","Strike_R","Strike_R","Defend_R","Defend_R","Defend_R","Defend_R","Bash+1","Sword Boomerang","Flex+1","Twin Strike","Sword Boomerang","infinitespire:OneForAll+1","Barricade+1","Seeing Red","Inflame+1","Limit Break","ReplayTheSpireMod:Muscle Training"],"relics":["Burning Blood","ReplayTheSpireMod:Spearhead","SpikesRelics:DaevaFist","Anchor","Sozu"],"potions_floor_usage":[],"damage_taken":[{"damage":2,"enemies":"conspire:RoseBush","floor":1,"turns":4},{"damage":0,"enemies":"Cultist","floor":4,"turns":4},{"damage":5,"enemies":"2 Louse","floor":5,"turns":4},{"damage":15,"enemies":"Gremlin Nob","floor":6,"turns":4},{"damage":2,"enemies":"Large Slime","floor":8,"turns":5},{"damage":7,"enemies":"Looter","floor":10,"turns":3},{"damage":0,"enemies":"3 Louse","floor":11,"turns":2},{"damage":14,"enemies":"Large Slime","floor":13,"turns":6},{"damage":12,"enemies":"conspire:2 RoseBushes","floor":14,"turns":4},{"damage":30,"enemies":"The Guardian","floor":16,"turns":7},{"damage":60,"enemies":"conspire:FuzzyDice","floor":18,"turns":5},{"damage":27,"enemies":"Spheric Guardian","floor":19,"turns":3}],"seed_played":"7997374199389596405","potions_obtained":[{"floor":5,"key":"Elixir"},{"floor":6,"key":"Poison Potion"},{"floor":8,"key":"Energy Potion"},{"floor":13,"key":"Explosive Potion"},{"floor":14,"key":"Strength Potion"}],"is_trial":false,"path_per_floor":["M","?","$","M","M","E","R","M","T","M","M","R","M","M","R","B",null,"M","M"],"character_chosen":"IRONCLAD","items_purchased":["Flex+1","ReplayTheSpireMod:Spearhead"],"campfire_rested":0,"item_purchase_floors":[3,3],"current_hp_per_floor":[84,84,84,88,88,79,79,83,83,82,88,88,80,74,74,50,79,25,0],"gold":304,"neow_bonus":"TEN_PERCENT_HP_BONUS","is_prod":false,"is_daily":false,"chose_seed":false,"campfire_upgraded":3,"win_rate":0,"timestamp":1554081120,"path_taken":["M","?","$","M","M","E","R","M","T","?","M","R","M","M","R","BOSS","M","M"],"build_version":"2019-01-23","purchased_purges":0,"victory":false,"max_hp_per_floor":[88,88,88,88,88,88,88,88,88,88,88,88,88,88,88,88,88,88,88],"card_choices":[{"not_picked":["Iron Wave","Replay:Undeath\u0027s Touch"],"picked":"Sword Boomerang","floor":1},{"not_picked":["Shrug It Off","Wild Strike"],"picked":"Twin Strike","floor":4},{"not_picked":["strawberrySpire:Endurance","Body Slam"],"picked":"Sword Boomerang","floor":5},{"not_picked":["Pummel","Replay:Undeath\u0027s Touch"],"picked":"infinitespire:OneForAll","floor":6},{"not_picked":["Pommel Strike","Wild Strike"],"picked":"Barricade","floor":8},{"not_picked":["Clash","strawberrySpire:JustAWound","strawberrySpire:Endurance"],"picked":"SKIP","floor":10},{"not_picked":["Demonic Infusion","ReplayTheSpireMod:Limb From Limb"],"picked":"Seeing Red","floor":11},{"not_picked":["strawberrySpire:Conflagrate","Replay:Undeath\u0027s Touch"],"picked":"Inflame","floor":13},{"not_picked":["ReplayTheSpireMod:Limb From Limb","Perfected Strike","strawberrySpire:Overwork"],"picked":"SKIP","floor":14},{"not_picked":["Berserk","Dark Embrace"],"picked":"Limit Break","floor":16},{"not_picked":["Clash","Searing Blow"],"picked":"ReplayTheSpireMod:Muscle Training","floor":18}],"player_experience":739429,"relics_obtained":[{"floor":6,"key":"SpikesRelics:DaevaFist"},{"floor":9,"key":"Anchor"}],"event_choices":[],"is_beta":false,"boss_relics":[{"not_picked":["ReplayTheSpireMod:Onyx Gauntlets","Runic Cube"],"picked":"Sozu"}],"items_purged_floors":[],"is_endless":false,"potions_floor_spawned":[5,6,8,13,14,18],"killed_by":"Spheric Guardian","ascension_level":7}