{"path_per_floor":["M","M","M","M","M","R","E","?","T","M","$","R","M","M","R","B",null,"M","$","?","M","M","R","E","R","T","M","M","?","R","$","R","B",null,"M","$","M","M","?","R","M","R","T","T","?","M","$","?","R"],"character_chosen":"IRONCLAD","items_purchased":["Perfected Strike","Apotheosis","Whetstone","Evolve","Shrug It Off"],"gold_per_floor":[111,131,149,162,179,179,207,230,230,242,193,193,211,231,231,328,328,348,144,144,164,180,180,211,211,241,253,269,269,269,49,49,149,149,159,126,139,156,0,0,16,16,40,63,63,78,32,32,32,32],"floor_reached":50,"campfire_rested":2,"playtime":1497,"item_purchase_floors":[11,19,31,36,47],"current_hp_per_floor":[79,84,84,88,81,81,78,60,60,63,63,63,69,72,72,28,73,76,76,76,82,73,73,35,35,35,30,15,15,41,41,67,10,69,62,62,63,70,70,70,81,81,88,88,88,59,59,59,59,0],"items_purged":["Decay"],"gold":32,"score":679,"play_id":"5dc79b98-63ac-40c5-9674-f3e9991216c4","local_time":"20180601142259","is_prod":false,"is_daily":false,"chose_seed":false,"is_ascension_mode":true,"campfire_upgraded":8,"win_rate":0,"timestamp":1527877379,"campfire_choices":[{"data":"Perfected Strike","floor":6,"key":"SMITH"},{"data":"Perfected Strike","floor":12,"key":"SMITH"},{"data":"Perfected Strike","floor":15,"key":"SMITH"},{"data":"Apotheosis","floor":23,"key":"SMITH"},{"data":"Inflame","floor":25,"key":"SMITH"},{"floor":30,"key":"REST"},{"floor":32,"key":"REST"},{"data":"Metallicize","floor":40,"key":"SMITH"},{"data":"Reaper","floor":42,"key":"SMITH"},{"data":"Shrug It Off","floor":49,"key":"SMITH"}],"path_taken":["M","M","M","M","M","R","E","?","T","?","$","R","M","M","R","BOSS","M","$","?","M","M","R","E","R","T","M","M","?","R","$","R","BOSS","M","$","M","M","?","R","M","R","T","?","?","M","$","?","R","BOSS"],"build_version":"2018-05-31","seed_source_timestamp":150122611112423,"purchased_purges":1,"victory":false,"master_deck":["Strike_R+1","Strike_R","Strike_R","Strike_R","Strike_R","Defend_R","Defend_R","Defend_R","Bash","Perfected Strike+1","Disarm","Clothesline+1","Dual Wield","Headbutt","Perfected Strike+1","Reaper+1","Inflame+1","Perfected Strike+1","Metallicize+1","Double Tap","Disarm+1","Apotheosis+1","Cleave+1","Perfected Strike+1","Impervious","True Grit+1","Evolve","Power Through+1","Body Slam+1","Madness","Ghostly Armor","Shrug It Off+1","Seeing Red"],"max_hp_per_floor":[88,88,88,88,88,88,88,88,88,88,88,88,88,88,88,88,88,88,88,88,88,88,88,88,88,88,88,88,88,88,88,88,88,88,88,88,88,88,88,88,88,88,95,95,95,95,95,95,95,95],"relics":["Burning Blood","Oddly Smooth Stone","Odd Mushroom","Anchor","Mark of Pain","Lantern","Tiny Chest","Whetstone","Sozu","Red Mask","Strawberry","Dream Catcher"],"card_choices":[{"not_picked":["Warcry","Sever Soul"],"picked":"Perfected Strike","floor":1},{"not_picked":["Thunderclap","Pommel Strike"],"picked":"Disarm","floor":2},{"not_picked":["Havoc","Warcry"],"picked":"Clothesline","floor":3},{"not_picked":["Blood for Blood","Dual Wield","Warcry"],"picked":"SKIP","floor":4},{"not_picked":["Blood for Blood","Warcry"],"picked":"Dual Wield","floor":4},{"not_picked":["Havoc","Sword Boomerang"],"picked":"Headbutt","floor":5},{"not_picked":["Power Through","Rupture"],"picked":"Perfected Strike","floor":7},{"not_picked":["Thunderclap","Havoc"],"picked":"Reaper","floor":8},{"not_picked":["Feel No Pain","Corruption"],"picked":"Inflame","floor":10},{"not_picked":["Uppercut","Ghostly Armor"],"picked":"Metallicize","floor":13},{"not_picked":["Infernal Blade","Wild Strike","Clothesline"],"picked":"SKIP","floor":14},{"not_picked":["Exhume","Fiend Fire"],"picked":"Double Tap","floor":16},{"not_picked":["Havoc","Sword Boomerang+1"],"picked":"Disarm+1","floor":18},{"not_picked":["Wild Strike","Cleave","Iron Wave"],"picked":"SKIP","floor":21},{"not_picked":["Barricade","Sword Boomerang"],"picked":"Cleave+1","floor":22},{"not_picked":["Power Through","Inflame","Clothesline"],"picked":"SKIP","floor":24},{"not_picked":["Anger+1","Headbutt"],"picked":"Perfected Strike+1","floor":27},{"not_picked":["Havoc","Clothesline","Flex"],"picked":"SKIP","floor":28},{"not_picked":["Bludgeon","Berserk"],"picked":"Impervious","floor":33},{"not_picked":["Anger","Inflame"],"picked":"True Grit+1","floor":35},{"not_picked":["Thunderclap+1","Heavy Blade"],"picked":"Power Through+1","floor":37},{"not_picked":["Flex","Disarm"],"picked":"Body Slam+1","floor":38},{"not_picked":["Corruption","Anger+1","Flex+1"],"picked":"SKIP","floor":41},{"not_picked":["Bandage Up","Panache"],"picked":"Madness","floor":45},{"not_picked":["Wild Strike","Pommel Strike"],"picked":"Ghostly Armor","floor":46}],"player_experience":539273,"potions_floor_usage":[7,7,18,27,27,28,33],"damage_taken":[{"damage":7,"enemies":"Jaw Worm","floor":1,"turns":6},{"damage":1,"enemies":"2 Louse","floor":2,"turns":3},{"damage":6,"enemies":"Cultist","floor":3,"turns":3},{"damage":0,"enemies":"2 Fungi Beasts","floor":4,"turns":3},{"damage":13,"enemies":"3 Louse","floor":5,"turns":5},{"damage":9,"enemies":"3 Sentries","floor":7,"turns":6},{"damage":24,"enemies":"The Mushroom Lair","floor":8,"turns":4},{"damage":3,"enemies":"Blue Slaver","floor":10,"turns":3},{"damage":0,"enemies":"Large Slime","floor":13,"turns":4},{"damage":3,"enemies":"2 Fungi Beasts","floor":14,"turns":3},{"damage":50,"enemies":"The Guardian","floor":16,"turns":10},{"damage":3,"enemies":"3 Byrds","floor":18,"turns":5},{"damage":0,"enemies":"Spheric Guardian","floor":21,"turns":1},{"damage":15,"enemies":"Snecko","floor":22,"turns":4},{"damage":44,"enemies":"Gremlin Leader","floor":24,"turns":6},{"damage":27,"enemies":"Sentry and Sphere","floor":27,"turns":4},{"damage":21,"enemies":"Centurion and Healer","floor":28,"turns":3},{"damage":63,"enemies":"Champ","floor":33,"turns":9},{"damage":13,"enemies":"3 Shapes","floor":35,"turns":5},{"damage":9,"enemies":"Orb Walker","floor":37,"turns":4},{"damage":9,"enemies":"3 Darklings","floor":38,"turns":8},{"damage":5,"enemies":"4 Shapes","floor":41,"turns":7},{"damage":35,"enemies":"Sphere and 2 Shapes","floor":46,"turns":4},{"damage":65,"enemies":"Awakened One","floor":50,"turns":5}],"relics_obtained":[{"floor":7,"key":"Oddly Smooth Stone"},{"floor":8,"key":"Odd Mushroom"},{"floor":9,"key":"Anchor"},{"floor":24,"key":"Lantern"},{"floor":26,"key":"Tiny Chest"},{"floor":43,"key":"Strawberry"},{"floor":44,"key":"Dream Catcher"}],"event_choices":[{"event_name":"Mushrooms","player_choice":"Fought Mushrooms","floor":8,"damage_taken":0},{"event_name":"The Mausoleum","player_choice":"No","floor":20,"damage_taken":0},{"event_name":"Forgotten Altar","player_choice":"Smashed Altar","floor":29,"damage_taken":0},{"event_name":"Tomb of Lord Red Mask","player_choice":"Paid","floor":39,"damage_taken":0},{"event_name":"SensoryStone","player_choice":"Memory 1","floor":45,"damage_taken":0},{"event_name":"Transmorgrifier","player_choice":"Transform","floor":48,"damage_taken":0}],"boss_relics":[{"not_picked":["Ectoplasm","Lizard Tail"],"picked":"Mark of Pain"},{"not_picked":["Calling Bell","Runic Dome"],"picked":"Sozu"}],"items_purged_floors":[31],"potions_floor_spawned":[2,4,5,13,14,18,22,27,35,38],"seed_played":"7563050677673404942","killed_by":"Awakened One","ascension_level":7,"potions_obtained":[{"floor":2,"key":"SkillPotion"},{"floor":4,"key":"Fire Potion"},{"floor":5,"key":"BloodPotion"},{"floor":13,"key":"Poison Potion"},{"floor":14,"key":"Block Potion"},{"floor":18,"key":"BloodPotion"},{"floor":27,"key":"Block Potion"}],"is_trial":false}