{"gold_per_floor":[118,168,185,198,123,123,151,166,166,180,180,180,180,180,180,180],"floor_reached":16,"playtime":387,"items_purged":[],"score":200,"play_id":"535cbea7-4f89-47f8-a7c0-681d7f7c7a7b","local_time":"20190914134631","is_ascension_mode":true,"campfire_choices":[{"data":"Inflame","floor":6.0,"key":"SMITH"},{"floor":11.0,"key":"REST"},{"floor":15,"key":"REST"}],"neow_cost":"NONE","seed_source_timestamp":524048773700,"circlet_count":0,"master_deck":["AscendersBane","Strike_R","Strike_R","Strike_R","Strike_R","Strike_R","Defend_R","Defend_R","Defend_R","Defend_R","Bash+1","Inflame+1","Flex+1","Clothesline","Spot Weakness","Double Tap","Shrug It Off"],"special_seed":0,"relics":["Burning Blood","The Courier","Bottled Lightning"],"potions_floor_usage":[16],"damage_taken":[{"damage":7.0,"enemies":"Jaw Worm","floor":1.0,"turns":3.0},{"damage":6.0,"enemies":"Cultist","floor":3.0,"turns":3.0},{"damage":4.0,"enemies":"Small Slimes","floor":4.0,"turns":3.0},{"damage":60.0,"enemies":"3 Sentries","floor":7.0,"turns":10.0},{"damage":7.0,"enemies":"2 Fungi Beasts","floor":8.0,"turns":3.0},{"damage":8.0,"enemies":"Exordium Wildlife","floor":10.0,"turns":3.0},{"damage":58,"enemies":"The Guardian","floor":16,"turns":10}],"seed_played":"-347381427510194604","potions_obtained":[{"floor":3.0,"key":"Poison Potion"},{"floor":10.0,"key":"Block Potion"}],"is_trial":false,"path_per_floor":["M","?","M","M","$","R","E","M","T","M","R","$","?","?","R","B"],"character_chosen":"IRONCLAD","items_purchased":["Flex","Clothesline"],"campfire_rested":2,"item_purchase_floors":[5,5],"current_hp_per_floor":[67,67,67,69,69,69,15,14,14,12,34,34,34,34,56,0],"gold":180,"neow_bonus":"UPGRADE_CARD","is_prod":false,"is_daily":false,"chose_seed":false,"campfire_upgraded":1,"win_rate":0,"timestamp":1568486791,"path_taken":["M","?","M","M","$","R","E","?","T","M","R","?","?","?","R","BOSS"],"build_version":"2019-09-12","purchased_purges":0,"victory":false,"max_hp_per_floor":[75,75,75,75,75,75,75,75,75,75,75,75,75,75,75,75],"card_choices":[{"not_picked":["Anger","Body Slam"],"picked":"Inflame","floor":1.0},{"not_picked":["Perfected Strike","Anger","Twin Strike"],"picked":"SKIP","floor":3.0},{"not_picked":["Perfected Strike","True Grit","Havoc"],"picked":"SKIP","floor":4.0},{"not_picked":["Twin Strike","Rampage"],"picked":"Spot Weakness","floor":7.0},{"not_picked":["Armaments","True Grit"],"picked":"Double Tap","floor":8.0},{"not_picked":["Armaments","Headbutt"],"picked":"Shrug It Off","floor":10.0}],"player_experience":1313568,"relics_obtained":[{"floor":7.0,"key":"The Courier"},{"floor":9.0,"key":"Bottled Lightning"}],"event_choices":[{"damage_healed":0.0,"max_hp_gain":0.0,"max_hp_loss":0.0,"gold_gain":50.0,"event_name":"Golden Shrine","player_choice":"Pray","floor":2.0,"gold_loss":0.0,"damage_taken":0.0},{"damage_healed":0.0,"max_hp_gain":0.0,"max_hp_loss":0.0,"gold_gain":0.0,"event_name":"Living Wall","player_choice":"Grow","floor":13.0,"gold_loss":0.0,"damage_taken":0.0,"cards_upgraded":["Flex"]},{"damage_healed":0,"gold_gain":0,"player_choice":"Searched \u00270\u0027 times","damage_taken":0,"max_hp_gain":0,"max_hp_loss":0,"event_name":"Dead Adventurer","floor":14,"gold_loss":0}],"is_beta":true,"boss_relics":[],"items_purged_floors":[],"is_endless":false,"potions_floor_spawned":[3,10],"killed_by":"The Guardian","ascension_level":20}