{"gold_per_floor":[114,134,134,108,118,118,150,161,161,175,195,224,224,244,244,244],"floor_reached":16,"playtime":844,"items_purged":[],"score":148,"play_id":"76e92404-8067-43e2-9cb4-98ba88184bab","local_time":"20190223144708","is_ascension_mode":true,"campfire_choices":[{"data":"Uppercut","floor":6,"key":"SMITH"},{"data":"Blood for Blood","floor":15,"key":"SMITH"}],"neow_cost":"TEN_PERCENT_HP_LOSS","seed_source_timestamp":6289252757574,"circlet_count":0,"master_deck":["Strike_R","Strike_R","Strike_R","Strike_R","Strike_R","Defend_R","Defend_R","Defend_R","Defend_R","Bash","Offering","Blood for Blood+1","Uppercut+1","Headbutt","Bloodletting+1","Flame Barrier+1","Iron Wave","Battle Trance+1","Blood for Blood+1"],"relics":["Burning Blood","Toxic Egg 2","Frozen Egg 2","Shuriken"],"potions_floor_usage":[12,16,16],"damage_taken":[{"damage":18,"enemies":"Jaw Worm","floor":1,"turns":2},{"damage":6,"enemies":"2 Louse","floor":2,"turns":3},{"damage":8,"enemies":"Small Slimes","floor":5,"turns":3},{"damage":12,"enemies":"Gremlin Nob","floor":7,"turns":3},{"damage":6,"enemies":"Exordium Wildlife","floor":8,"turns":3},{"damage":12,"enemies":"2 Fungi Beasts","floor":10,"turns":3},{"damage":6,"enemies":"3 Louse","floor":11,"turns":3},{"damage":15,"enemies":"3 Sentries","floor":12,"turns":5},{"damage":12,"enemies":"Lots of Slimes","floor":14,"turns":4},{"damage":32,"enemies":"The Guardian","floor":16,"turns":6}],"seed_played":"2469098396722901090","potions_obtained":[{"floor":2,"key":"Explosive Potion"},{"floor":11,"key":"Ancient Potion"},{"floor":12,"key":"SpeedPotion"},{"floor":14,"key":"FearPotion"}],"is_trial":false,"path_per_floor":["M","M","?","?","M","R","E","M","T","M","M","E","?","M","R","B"],"character_chosen":"IRONCLAD","items_purchased":[],"campfire_rested":0,"item_purchase_floors":[],"current_hp_per_floor":[60,60,60,60,58,58,52,52,52,46,46,37,37,31,31,0],"gold":244,"neow_bonus":"THREE_RARE_CARDS","is_prod":false,"is_daily":false,"chose_seed":false,"campfire_upgraded":2,"win_rate":0,"timestamp":1550929628,"path_taken":["M","M","?","?","M","R","E","M","T","M","M","E","?","M","R","BOSS"],"build_version":"2019-01-23","purchased_purges":0,"victory":false,"max_hp_per_floor":[72,72,72,72,72,72,72,72,72,72,72,72,72,72,72,72],"card_choices":[{"not_picked":["Double Tap","Barricade"],"picked":"Offering","floor":0},{"not_picked":["True Grit","Cleave"],"picked":"Blood for Blood","floor":1},{"not_picked":["Seeing Red","Bloodletting"],"picked":"Uppercut","floor":2},{"not_picked":["Havoc","Disarm"],"picked":"Headbutt","floor":5},{"not_picked":["Sever Soul","Clothesline"],"picked":"Bloodletting","floor":7},{"not_picked":["Sever Soul","Havoc+1"],"picked":"Flame Barrier+1","floor":8},{"not_picked":["Pommel Strike","Twin Strike"],"picked":"Iron Wave","floor":10},{"not_picked":["Perfected Strike","Flex+1"],"picked":"Battle Trance+1","floor":11},{"not_picked":["Dropkick","Bludgeon"],"picked":"Blood for Blood","floor":12},{"not_picked":["Clash","Wild Strike","Searing Blow"],"picked":"SKIP","floor":14}],"player_experience":255712,"relics_obtained":[{"floor":7,"key":"Toxic Egg 2"},{"floor":9,"key":"Frozen Egg 2"},{"floor":12,"key":"Shuriken"}],"event_choices":[{"damage_healed":0,"gold_gain":0,"player_choice":"Grow","damage_taken":0,"max_hp_gain":0,"max_hp_loss":0,"event_name":"Living Wall","floor":3,"gold_loss":0,"cards_upgraded":["Blood for Blood"]},{"damage_healed":0,"gold_gain":0,"player_choice":"Left Gold","damage_taken":0,"max_hp_gain":0,"max_hp_loss":0,"event_name":"World of Goop","floor":4,"gold_loss":26},{"damage_healed":0,"gold_gain":0,"player_choice":"Searched \u00270\u0027 times","damage_taken":0,"max_hp_gain":0,"max_hp_loss":0,"event_name":"Dead Adventurer","floor":13,"gold_loss":0}],"is_beta":false,"boss_relics":[],"items_purged_floors":[],"is_endless":false,"potions_floor_spawned":[2,11,12,14],"killed_by":"The Guardian","ascension_level":6}