{"path_per_floor":["M","M","?","$","M","R","M","T","T","M","M","R","$","?","R","B",null,"M","M","M","M","?","E","?","R","T","R","M","M","E","?","R","B",null,"M","M","?","M","M","R","M","R","T","R","M","M","$","M","R"],"character_chosen":"DEFECT","items_purchased":["Ball Lightning","Gash","Anchor","Blind","Impulse"],"gold_per_floor":[111,127,127,4,18,18,28,28,53,70,85,85,11,11,11,116,116,130,143,162,173,173,207,207,207,207,207,218,230,265,265,265,363,393,408,423,523,536,556,556,568,568,568,568,580,597,194,212,212,212],"floor_reached":50,"campfire_rested":2,"playtime":2417,"current_hp_per_floor":[69,69,69,69,69,69,67,67,67,63,63,63,63,63,63,23,75,64,64,60,31,31,19,44,44,44,44,42,42,9,9,31,19,80,75,73,73,73,43,43,36,36,36,36,36,20,20,20,44,0],"items_purged":["Strike_B","Strike_B"],"gold":212,"score":480,"play_id":"1a5d0b98-3ba5-470d-aad5-3d2a10309851","local_time":"20180429222730","is_prod":false,"is_daily":false,"chose_seed":false,"is_ascension_mode":false,"campfire_upgraded":8,"timestamp":1525055250,"path_taken":["M","M","?","$","M","R","M","?","T","M","M","R","$","?","R","BOSS","M","M","?","M","?","E","?","R","T","R","M","M","E","?","R","BOSS","M","M","?","M","M","R","M","R","T","R","M","M","$","M","R","BOSS"],"build_version":"2018-04-27v3","seed_source_timestamp":2498996450518343,"purchased_purges":2,"victory":false,"master_deck":["Strike_B","Strike_B","Defend_B","Defend_B+1","Defend_B","Defend_B","Zap+1","Dualcast","Genetic Algorithm+1","Ball Lightning","Tempest","Glacier+1","Buffer+1","Gash+1","Machine Learning","Skim+1","Gash+1","Hologram+1","Go for the Eyes+1","Beam Cell","Hologram+1","Rebound","Capacitor+1","Beam Cell+1","Reboot+1","Buffer","Blind","Impulse","Skim+1"],"max_hp_per_floor":[75,75,75,75,75,75,75,75,75,75,75,75,75,75,75,75,75,75,75,75,75,75,75,75,75,75,75,75,75,75,75,75,75,80,80,80,80,80,80,80,80,80,80,80,80,80,80,80,80,80],"relics":["Cracked Core","Bag of Marbles","Prayer Wheel","Cursed Key","Gremlin Horn","Bag of Preparation","Tiny House","Anchor"],"card_choices":[{"not_picked":["Beam Cell","Blaster"],"picked":"Genetic Algorithm","floor":2},{"not_picked":["Impulse","Go for the Eyes"],"picked":"Tempest","floor":5},{"not_picked":["Recycle","Cold Snap"],"picked":"Glacier","floor":7},{"not_picked":["Leap","Aggregate"],"picked":"Buffer","floor":10},{"not_picked":["Reboot","Nova"],"picked":"Machine Learning","floor":16},{"not_picked":["Stack","Coolheaded"],"picked":"Skim","floor":18},{"not_picked":["Hello World","FTL"],"picked":"Gash","floor":19},{"not_picked":["Coolheaded","Turbo"],"picked":"Hologram","floor":20},{"not_picked":["Streamline","Capacitor"],"picked":"Go for the Eyes","floor":21},{"not_picked":["Conserve Battery","Buffer"],"picked":"Beam Cell","floor":29},{"not_picked":["Barrage","Reboot"],"picked":"Hologram","floor":30},{"not_picked":["Leap","Barrage"],"picked":"Rebound","floor":34},{"not_picked":["Doom and Gloom","Flux Capacitor"],"picked":"Capacitor","floor":35},{"not_picked":["Coolheaded","Leap"],"picked":"Beam Cell","floor":36},{"not_picked":["Go for the Eyes","Rebound"],"picked":"Reboot","floor":38},{"not_picked":["Flux Capacitor","Doom and Gloom"],"picked":"Buffer","floor":39},{"not_picked":["Hologram","Heatsinks"],"picked":"Skim","floor":48}],"player_experience":412842,"potions_floor_usage":[23,23,45,45,50],"damage_taken":[{"damage":6,"enemies":"Jaw Worm","floor":1,"turns":4},{"damage":0,"enemies":"2 Louse","floor":2,"turns":2},{"damage":0,"enemies":"Small Slimes","floor":5,"turns":3},{"damage":2,"enemies":"Blue Slaver","floor":7,"turns":3},{"damage":4,"enemies":"Exordium Wildlife","floor":10,"turns":5},{"damage":0,"enemies":"Gremlin Gang","floor":11,"turns":4},{"damage":40,"enemies":"Hexaghost","floor":16,"turns":13},{"damage":11,"enemies":"3 Byrds","floor":18,"turns":6},{"damage":0,"enemies":"Chosen","floor":19,"turns":4},{"damage":4,"enemies":"Centurion and Healer","floor":20,"turns":8},{"damage":29,"enemies":"Snake Plant","floor":21,"turns":4},{"damage":12,"enemies":"Slavers","floor":23,"turns":6},{"damage":2,"enemies":"Cultist and Chosen","floor":28,"turns":10},{"damage":0,"enemies":"Snecko","floor":29,"turns":6},{"damage":33,"enemies":"Book of Stabbing","floor":30,"turns":6},{"damage":12,"enemies":"Champ","floor":33,"turns":10},{"damage":5,"enemies":"Orb Walker","floor":35,"turns":4},{"damage":2,"enemies":"3 Shapes","floor":36,"turns":2},{"damage":0,"enemies":"Flame Bruiser 2 Orb","floor":38,"turns":5},{"damage":30,"enemies":"3 Darklings","floor":39,"turns":5},{"damage":7,"enemies":"Maw","floor":41,"turns":8},{"damage":0,"enemies":"Flame Bruiser 2 Orb","floor":45,"turns":6},{"damage":16,"enemies":"Spire Growth","floor":46,"turns":5},{"damage":0,"enemies":"Sphere and 2 Shapes","floor":48,"turns":4},{"damage":67,"enemies":"Time Eater","floor":50,"turns":10}],"event_choices":[{"event_name":"Living Wall","player_choice":"Grow","floor":3,"damage_taken":0},{"event_name":"Golden Idol","player_choice":"Ignored","floor":14,"damage_taken":0},{"event_name":"The Lab","player_choice":"Got Potions","floor":22,"damage_taken":0},{"event_name":"The Library","player_choice":"Heal","floor":24,"damage_taken":0},{"event_name":"Drug Dealer","player_choice":"Ignored","floor":31,"damage_taken":0},{"event_name":"Golden Shrine","player_choice":"Pray","floor":37,"damage_taken":0}],"boss_relics":[{"not_picked":["Astrolabe","Lizard Tail"],"picked":"Cursed Key"},{"not_picked":["Pandora\u0027s Box","Orrery"],"picked":"Tiny House"}],"potions_floor_spawned":[2,5,16,19,21,28,35,41],"seed_played":"8046628945102259593","killed_by":"Time Eater","ascension_level":0,"is_trial":false}