{"gold_per_floor":[115,129,24,24,34,34,54,89,89,89,147,147,157,29,29,105,105,121,121,134,152,152,152,3,32,83,83,96,96,21,38,38,117,117,136,155,155,155,155,155,155],"floor_reached":41,"playtime":1651,"items_purged":[],"score":818,"play_id":"7b34ff0c-e258-445a-a8a3-c15630591c80","local_time":"20190915180134","is_ascension_mode":true,"campfire_choices":[{"floor":6.0,"key":"REST"},{"data":"Demon Form","floor":10.0,"key":"SMITH"},{"floor":15.0,"key":"REST"},{"floor":23.0,"key":"REST"},{"data":"Juggernaut","floor":27.0,"key":"SMITH"},{"floor":29.0,"key":"REST"},{"floor":32.0,"key":"REST"},{"floor":40.0,"key":"REST"}],"neow_cost":"NONE","seed_source_timestamp":99991554943500,"circlet_count":0,"master_deck":["AscendersBane","Strike_R","Strike_R","Strike_R","Strike_R","Defend_R","Defend_R","Defend_R","Defend_R","Bash","Demon Form+1","Infernal Blade","Shrug It Off","Evolve","Shrug It Off+1","Impervious+1","Havoc+1","Armaments+1","Whirlwind","Inflame","Disarm+1","Heavy Blade","Reaper","Fire Breathing","True Grit+1","Impervious+1","CurseOfTheBell","Havoc+1","True Grit+1"],"special_seed":0,"relics":["Burning Blood","Toxic Egg 2","HornCleat","Gremlin Horn","Art of War","FaceOfCleric","SlaversCollar","Lantern","Vajra","Boot","Calling Bell","Oddly Smooth Stone","Ornamental Fan","Nunchaku"],"potions_floor_usage":[],"damage_taken":[{"damage":17.0,"enemies":"Small Slimes","floor":1.0,"turns":5.0},{"damage":16.0,"enemies":"2 Louse","floor":2.0,"turns":3.0},{"damage":4.0,"enemies":"Cultist","floor":5.0,"turns":4.0},{"damage":10.0,"enemies":"Lots of Slimes","floor":7.0,"turns":8.0},{"damage":12.0,"enemies":"3 Sentries","floor":8.0,"turns":7.0},{"damage":32.0,"enemies":"3 Sentries","floor":11.0,"turns":8.0},{"damage":2.0,"enemies":"2 Fungi Beasts","floor":13.0,"turns":4.0},{"damage":33.0,"enemies":"Slime Boss","floor":16.0,"turns":7.0},{"damage":4.0,"enemies":"3 Byrds","floor":18.0,"turns":4.0},{"damage":32.0,"enemies":"2 Thieves","floor":20.0,"turns":5.0},{"damage":0.0,"enemies":"3 Cultists","floor":21.0,"turns":4.0},{"damage":3.0,"enemies":"Gremlin Leader","floor":25.0,"turns":6.0},{"damage":12.0,"enemies":"Centurion and Healer","floor":28.0,"turns":7.0},{"damage":25.0,"enemies":"Snake Plant","floor":31.0,"turns":4.0},{"damage":76.0,"enemies":"Automaton","floor":33.0,"turns":8.0},{"damage":10.0,"enemies":"3 Shapes","floor":35.0,"turns":4.0},{"damage":45.0,"enemies":"Orb Walker","floor":36.0,"turns":5.0},{"damage":153,"enemies":"Transient","floor":41,"turns":6}],"seed_played":"-185545903164000956","potions_obtained":[{"floor":1.0,"key":"Swift Potion"},{"floor":2.0,"key":"SkillPotion"},{"floor":7.0,"key":"Explosive Potion"},{"floor":13.0,"key":"DuplicationPotion"},{"floor":21.0,"key":"Fire Potion"},{"floor":25.0,"key":"FairyPotion"},{"floor":28.0,"key":"SteroidPotion"},{"floor":33.0,"key":"PowerPotion"},{"floor":35.0,"key":"EssenceOfSteel"}],"is_trial":false,"path_per_floor":["M","M","$","?","M","R","M","E","T","R","?","?","M","$","R","B",null,"M","?","M","M","?","R","$","E","T","R","M","R","?","M","R","B",null,"M","M","?","?","?","R","M"],"character_chosen":"IRONCLAD","items_purchased":["Shrug It Off","Evolve","Whirlwind","Inflame","Reaper"],"campfire_rested":6,"item_purchase_floors":[3,3,14,14,24],"current_hp_per_floor":[57,47,47,29,31,53,49,43,43,43,17,17,22,22,44,18,62,65,65,40,47,24,49,49,53,53,53,57,83,83,65,88,23,73,85,47,47,47,47,74,0],"gold":155,"neow_bonus":"ONE_RANDOM_RARE_CARD","is_prod":false,"is_daily":false,"chose_seed":false,"campfire_upgraded":2,"win_rate":0,"timestamp":1568588494,"path_taken":["M","M","$","?","M","R","M","E","T","R","?","?","M","$","R","BOSS","M","?","?","M","?","R","?","E","T","R","M","R","?","M","R","BOSS","M","M","?","?","?","R","M"],"build_version":"2019-09-12","purchased_purges":0,"victory":false,"max_hp_per_floor":[75,75,75,75,75,75,75,75,75,75,75,75,76,76,76,77,77,78,78,79,80,85,85,85,86,86,86,87,87,87,88,88,89,89,90,91,91,91,91,91,91],"card_choices":[{"not_picked":["Warcry","Rage"],"picked":"Infernal Blade","floor":1.0},{"not_picked":["Rupture","Iron Wave","Spot Weakness"],"picked":"SKIP","floor":2.0},{"not_picked":["Flex+1","Armaments+1"],"picked":"Shrug It Off+1","floor":5.0},{"not_picked":["Inflame","Body Slam","Anger"],"picked":"SKIP","floor":7.0},{"not_picked":["Rupture","Perfected Strike"],"picked":"Impervious+1","floor":8.0},{"not_picked":["Headbutt","Combust"],"picked":"Havoc+1","floor":11.0},{"not_picked":["Shrug It Off+1","Dropkick"],"picked":"Armaments+1","floor":13.0},{"not_picked":["Impervious+1","Reaper"],"picked":"Juggernaut","floor":16.0},{"not_picked":["Sever Soul","Sentinel+1","Rage+1"],"picked":"SKIP","floor":18.0},{"not_picked":["Sword Boomerang","Whirlwind"],"picked":"Disarm+1","floor":20.0},{"not_picked":["Armaments+1","Inflame+1"],"picked":"Heavy Blade","floor":21.0},{"not_picked":["Carnage","Perfected Strike"],"picked":"Fire Breathing","floor":25.0},{"not_picked":["Heavy Blade","Iron Wave"],"picked":"True Grit+1","floor":28.0},{"not_picked":["Armaments+1","Heavy Blade","Pommel Strike"],"picked":"SKIP","floor":31.0},{"not_picked":["Dark Embrace","Brutality"],"picked":"Impervious+1","floor":33.0},{"not_picked":["Warcry+1","Thunderclap"],"picked":"Havoc+1","floor":35.0},{"not_picked":["Searing Blow","Juggernaut"],"picked":"True Grit+1","floor":36.0}],"player_experience":1332078,"relics_obtained":[{"floor":8.0,"key":"HornCleat"},{"floor":9.0,"key":"Gremlin Horn"},{"floor":11.0,"key":"Art of War"},{"floor":25.0,"key":"Vajra"},{"floor":26.0,"key":"Boot"},{"floor":34.0,"key":"Oddly Smooth Stone"},{"floor":34.0,"key":"Ornamental Fan"},{"floor":34.0,"key":"Nunchaku"}],"event_choices":[{"damage_healed":0.0,"max_hp_gain":0.0,"max_hp_loss":0.0,"gold_gain":0.0,"event_name":"Scrap Ooze","player_choice":"Success","floor":4.0,"gold_loss":0.0,"damage_taken":18.0,"relics_obtained":["Toxic Egg 2"]},{"damage_healed":0.0,"max_hp_gain":0.0,"max_hp_loss":0.0,"gold_gain":0.0,"event_name":"Dead Adventurer","player_choice":"Searched \u00271\u0027 times","floor":11.0,"gold_loss":0.0,"damage_taken":0.0},{"damage_healed":0.0,"max_hp_gain":0.0,"max_hp_loss":0.0,"gold_gain":0.0,"event_name":"FaceTrader","player_choice":"Trade","floor":12.0,"gold_loss":0.0,"damage_taken":0.0,"relics_obtained":["FaceOfCleric"]},{"damage_healed":0.0,"max_hp_gain":0.0,"max_hp_loss":0.0,"gold_gain":0.0,"event_name":"WeMeetAgain","player_choice":"Gave Potion","floor":19.0,"gold_loss":0.0,"damage_taken":0.0,"relics_obtained":["Lantern"]},{"damage_healed":0.0,"max_hp_gain":5.0,"max_hp_loss":0.0,"gold_gain":0.0,"event_name":"Forgotten Altar","player_choice":"Shed Blood","floor":22.0,"gold_loss":0.0,"damage_taken":28.0},{"cards_removed":["Strike_R"],"damage_healed":0.0,"max_hp_gain":0.0,"max_hp_loss":0.0,"gold_gain":0.0,"event_name":"Beggar","player_choice":"Gave Gold","floor":30.0,"gold_loss":75.0,"damage_taken":0.0},{"damage_healed":0.0,"max_hp_gain":0.0,"max_hp_loss":0.0,"gold_gain":0.0,"event_name":"Tomb of Lord Red Mask","player_choice":"Ignored","floor":37.0,"gold_loss":0.0,"damage_taken":0.0},{"damage_healed":0.0,"max_hp_gain":0.0,"max_hp_loss":0.0,"gold_gain":0.0,"event_name":"Mysterious Sphere","player_choice":"Ignored","floor":38.0,"gold_loss":0.0,"damage_taken":0.0},{"cards_removed":["Juggernaut"],"damage_healed":0.0,"max_hp_gain":0.0,"max_hp_loss":0.0,"gold_gain":0.0,"event_name":"Falling","player_choice":"Removed Power","floor":39.0,"gold_loss":0.0,"damage_taken":0.0}],"is_beta":true,"boss_relics":[{"not_picked":["Runic Pyramid","Philosopher\u0027s Stone"],"picked":"SlaversCollar"},{"not_picked":["Runic Dome","SacredBark"],"picked":"Calling Bell"}],"items_purged_floors":[],"is_endless":false,"potions_floor_spawned":[1,2,7,13,21,25,28,33,35],"killed_by":"Transient","ascension_level":20}