{"path_per_floor":["M","M","?","?","M","R","E","T","T","M","R","$","?","M","R","B",null,"M","$","M","M","M","R","?","E","T","?","T","M","M","M","R","B",null,"M","M","M","?","?","R","?","E","T"],"character_chosen":"THE_SILENT","items_purchased":["Infinite Blades"],"gold_per_floor":[18,30,30,30,49,49,81,81,81,98,98,23,23,37,37,133,133,98,19,31,43,63,63,63,98,152,152,175,186,198,215,215,319,349,364,383,393,393,393,393,393,422,446],"floor_reached":44,"campfire_rested":5,"playtime":2845,"current_hp_per_floor":[83,80,80,80,74,74,49,49,49,49,74,74,57,57,82,17,84,79,79,79,75,51,76,76,29,29,29,29,19,14,19,59,9,89,68,41,8,8,8,49,49,13,13],"items_purged":["Strike_G"],"gold":446,"score":435,"play_id":"281e1b75-750d-4332-9b92-e448c16fb6c8","is_prod":false,"is_daily":false,"is_ascension_mode":false,"campfire_upgraded":1,"path_taken":["M","M","?","?","M","R","E","?","T","M","R","?","?","M","R","BOSS","M","$","M","M","M","R","?","E","T","?","?","M","M","?","R","BOSS","M","M","M","?","?","R","?","E","T","M"],"build_version":"2018-02-22-PROD1","purchased_purges":1,"victory":false,"master_deck":["Defend_G","Defend_G","Defend_G+1","Strike_G","Strike_G","Strike_G","Strike_G+1","Survivor","Neutralize","Quick Slash","Infinite Blades+1","Burst+1","Acrobatics","Cloak And Dagger","Footwork","Adrenaline","Cloak And Dagger","Infinite Blades","All Out Attack","Flying Knee","Finisher","Dodge and Roll","Accuracy","Footwork","Sucker Punch","Tactician","Dodge and Roll","Endless Agony+1","Prepared","Underhanded Strike+1","Quick Slash+1"],"max_hp_per_floor":[84,84,84,84,84,84,84,84,84,84,84,84,84,84,84,84,84,84,84,84,84,84,84,84,84,84,84,84,84,84,84,84,84,89,89,89,89,89,89,89,89,89,89],"relics":["Ring of the Snake","Anchor","Happy Flower","Ginger","Sozu","Blood Vial","Ancient Tea Set","Regal Pillow","Singing Bowl","Tiny House","Omamori","Bronze Scales"],"card_choices":[{"not_picked":["Leg Sweep","Prepared"],"picked":"Quick Slash"},{"not_picked":["Expertise","PiercingWail"],"picked":"Infinite Blades"},{"not_picked":["Dagger Throw","Bane"],"picked":"Burst"},{"not_picked":["Sucker Punch","Riddle With Holes"],"picked":"Acrobatics"},{"not_picked":["Sucker Punch","Quick Slash"],"picked":"Cloak And Dagger"},{"not_picked":["Masterful Stab","Reflex"],"picked":"Footwork"},{"not_picked":["Tactician","Bullet Time"],"picked":"Adrenaline"},{"not_picked":["Outmaneuver","Acrobatics"],"picked":"Cloak And Dagger"},{"not_picked":["Eviscerate","Dagger Spray"],"picked":"All Out Attack"},{"not_picked":["Deadly Poison","Unload"],"picked":"Flying Knee"},{"not_picked":["Deflect","Masterful Stab"],"picked":"Finisher"},{"not_picked":["Quick Slash","Bane"],"picked":"Dodge and Roll"},{"not_picked":["Distraction","Night Terror"],"picked":"Accuracy"},{"not_picked":["Bane","Masterful Stab"],"picked":"Footwork"},{"not_picked":["Dodge and Roll","Deadly Poison"],"picked":"Sucker Punch"},{"not_picked":["Venomology","Wraith Form"],"picked":"Tactician"},{"not_picked":["Riddle With Holes","Calculated Gamble"],"picked":"Dodge and Roll"},{"not_picked":["Reflex","Malaise"],"picked":"Endless Agony"},{"not_picked":["Deflect","Dash"],"picked":"Prepared"},{"not_picked":["Sucker Punch","Deadly Poison"],"picked":"Underhanded Strike"},{"not_picked":["Bouncing Flask","Underhanded Strike"],"picked":"Quick Slash"}],"player_experience":107035,"potions_floor_usage":[31,33,42],"damage_taken":[{"damage":1,"enemies":"Cultist","floor":1,"turns":5},{"damage":3,"enemies":"Small Slimes","floor":2,"turns":4},{"damage":6,"enemies":"Jaw Worm","floor":5,"turns":4},{"damage":25,"enemies":"Gremlin Nob","floor":7,"turns":5},{"damage":0,"enemies":"Looter","floor":10,"turns":4},{"damage":0,"enemies":"3 Louse","floor":14,"turns":3},{"damage":65,"enemies":"The Guardian","floor":16,"turns":18},{"damage":5,"enemies":"2 Thieves","floor":18,"turns":5},{"damage":0,"enemies":"Chosen","floor":20,"turns":6},{"damage":4,"enemies":"Snake Plant","floor":21,"turns":7},{"damage":24,"enemies":"Cultist and Chosen","floor":22,"turns":7},{"damage":49,"enemies":"Book of Stabbing","floor":25,"turns":6},{"damage":12,"enemies":"Snecko","floor":29,"turns":7},{"damage":7,"enemies":"Snake Plant","floor":30,"turns":5},{"damage":12,"enemies":"Centurion and Healer","floor":31,"turns":8},{"damage":52,"enemies":"Collector","floor":33,"turns":16},{"damage":21,"enemies":"3 Shapes","floor":35,"turns":6},{"damage":29,"enemies":"3 Darklings","floor":36,"turns":5},{"damage":35,"enemies":"Sphere and 2 Shapes","floor":37,"turns":8},{"damage":38,"enemies":"Nemesis","floor":42,"turns":12},{"damage":17,"enemies":"4 Shapes","floor":44,"turns":4}],"event_choices":[{"event_name":"Bonfire Elementals","player_choice":"BASIC","floor":3,"damage_taken":0},{"event_name":"Liars Game","player_choice":"disagreed","floor":4,"damage_taken":0},{"event_name":"Shining Light","player_choice":"Entered Light","floor":13,"damage_taken":0},{"event_name":"The Mausoleum","player_choice":"Yes","floor":24,"damage_taken":0},{"event_name":"The Woman in Blue","player_choice":"Bought 0 Potions","floor":27,"damage_taken":0},{"event_name":"Purifier","player_choice":"One Purge","floor":38,"damage_taken":0},{"event_name":"Tomb of Lord Red Mask","player_choice":"Ignored","floor":39,"damage_taken":0}],"boss_relics":[{"not_picked":["Runic Pyramid","Black Star"],"picked":"Sozu"},{"not_picked":["Runic Dome","The Specimen"],"picked":"Tiny House"}],"potions_floor_spawned":[1,10,14,18,21,31,37,42],"seed_played":"3909606035749630271","killed_by":"4 Shapes","ascension_level":0,"is_trial":false}