{"path_per_floor":["M","$","M","?","M","R","M","M","T","?","?","R","M","M","R","B",null,"M","?","M","M","M"],"character_chosen":"THE_SILENT","items_purchased":["Poison Potion","Poison Potion"],"gold_per_floor":[114,14,33,108,126,126,140,155,155,155,155,155,169,189,189,313,313,313,313,313,313,313],"floor_reached":23,"campfire_rested":2,"playtime":1135,"current_hp_per_floor":[69,69,69,58,56,56,51,51,51,34,34,55,52,39,60,49,70,66,50,49,44,44],"items_purged":[],"gold":313,"score":187,"play_id":"21b2a74a-b2fd-4dd2-886b-80007c68826e","is_prod":false,"is_daily":false,"is_ascension_mode":false,"campfire_upgraded":1,"path_taken":["M","$","M","?","M","R","M","M","T","?","?","R","M","M","R","BOSS","M","?","?","M","M","E"],"build_version":"2018-02-15-PROD1","purchased_purges":0,"victory":false,"master_deck":["Defend_G","Defend_G","Defend_G","Defend_G","Defend_G","Strike_G","Strike_G","Strike_G","Strike_G","Strike_G","Survivor","Neutralize","Poisoned Stab","Flying Knee","Tools of the Trade","Deadly Poison+1","Terror","Bane","Blade Dance","Dodge and Roll","Blur","Predator","Backflip","Bane","Venomology","Footwork+1","PiercingWail","Bane+1","Corpse Explosion"],"max_hp_per_floor":[70,70,70,70,70,70,70,70,70,70,70,70,70,70,70,70,70,70,70,70,70,70],"relics":["Orrery","Ornamental Fan","Golden Idol","Ectoplasm","Enchiridion"],"card_choices":[{"not_picked":["PiercingWail","Sucker Punch"],"picked":"Poisoned Stab"},{"not_picked":["Well Laid Plans","Leg Sweep"],"picked":"Flying Knee"},{"not_picked":["Heel Hook","Well Laid Plans"],"picked":"Tools of the Trade"},{"not_picked":["Dagger Throw","Dodge and Roll"],"picked":"Deadly Poison"},{"not_picked":["Dagger Throw","Dagger Spray"],"picked":"Terror"},{"not_picked":["Poisoned Stab","Skewer"],"picked":"Bane"},{"not_picked":["PiercingWail","Flying Knee"],"picked":"Blade Dance"},{"not_picked":["Leg Sweep","Prepared"],"picked":"Dodge and Roll"},{"not_picked":["Backstab","Expertise"],"picked":"Blur"},{"not_picked":["Distraction","Masterful Stab"],"picked":"Predator"},{"not_picked":["Sucker Punch","Outmaneuver"],"picked":"Backflip"},{"not_picked":["Acrobatics","Blade Dance"],"picked":"Bane"},{"not_picked":["Bullet Time","Night Terror"],"picked":"Venomology"},{"not_picked":["Acrobatics","Dagger Spray"],"picked":"Footwork"},{"not_picked":["Acrobatics","Skewer"],"picked":"PiercingWail"},{"not_picked":["Calculated Gamble","Dagger Spray"],"picked":"Bane"},{"not_picked":["Slice","Prepared"],"picked":"Corpse Explosion"}],"player_experience":60027,"potions_floor_usage":[13,16,16,18,20,21,22,22],"damage_taken":[{"damage":1,"enemies":"Jaw Worm","floor":1,"turns":4},{"damage":0,"enemies":"2 Louse","floor":3,"turns":2},{"damage":2,"enemies":"Cultist","floor":5,"turns":4},{"damage":5,"enemies":"2 Fungi Beasts","floor":7,"turns":4},{"damage":0,"enemies":"Blue Slaver","floor":8,"turns":3},{"damage":12,"enemies":"3 Louse","floor":13,"turns":4},{"damage":13,"enemies":"Exordium Wildlife","floor":14,"turns":3},{"damage":11,"enemies":"Slime Boss","floor":16,"turns":12},{"damage":4,"enemies":"Shell Parasite","floor":18,"turns":5},{"damage":1,"enemies":"3 Byrds","floor":20,"turns":4},{"damage":5,"enemies":"Centurion and Healer","floor":21,"turns":10},{"damage":0,"enemies":"Snecko","floor":22,"turns":3},{"damage":46,"enemies":"Gremlin Leader","floor":23,"turns":2}],"event_choices":[{"event_name":"World of Goop","player_choice":"Gather Gold","floor":4,"damage_taken":0},{"event_name":"Golden Idol","player_choice":"Take Damage","floor":10,"damage_taken":0},{"event_name":"The Woman in Blue","player_choice":"Bought 0 Potions","floor":11,"damage_taken":0},{"event_name":"Cursed Tome","player_choice":"Obtained Book","floor":19,"damage_taken":0}],"boss_relics":[{"not_picked":["Sozu","Calling Bell"],"picked":"Ectoplasm"}],"potions_floor_spawned":[7,8,14,20,21,22],"seed_played":"-6020611271678123479","killed_by":"Gremlin Leader","ascension_level":0,"is_trial":false}