{"gold_per_floor":[115,40,40,40,53,53,83,83,83,113,13,13,45,64,64,141,141,153,153,153,165,1,1,32,32,32,32,59,84,101,131,131,208,208,223,223,203,221,15,15,15,41,41,41,66,66,66,101,101,101,101,101,101,1,31,31],"floor_reached":57,"playtime":10816,"items_purged":["Defend_P","Defend_P"],"score":3037,"play_id":"c65286ba-438c-44c8-96ac-facc24016934","local_time":"20190916223446","is_ascension_mode":true,"campfire_choices":[{"data":"DeceiveReality","floor":6.0,"key":"SMITH"},{"data":"Eruption","floor":8.0,"key":"SMITH"},{"data":"FollowUp","floor":15.0,"key":"SMITH"},{"data":"RitualDagger","floor":23.0,"key":"SMITH"},{"data":"FlurryOfBlows","floor":25.0,"key":"SMITH"},{"data":"EmptyBody","floor":27.0,"key":"SMITH"},{"data":"SashWhip","floor":32.0,"key":"SMITH"},{"data":"MentalFortress","floor":40.0,"key":"SMITH"},{"data":"Adaptation","floor":46.0,"key":"SMITH"},{"floor":47.0,"key":"RECALL"},{"data":"ClearTheMind","floor":49.0,"key":"SMITH"},{"data":"Adaptation","floor":53.0,"key":"SMITH"}],"neow_cost":"NONE","seed_source_timestamp":0,"circlet_count":0,"master_deck":["AscendersBane","Strike_P+1","Strike_P","Strike_P+1","Strike_P+1","Defend_P","Defend_P","Eruption+1","Vigilance","EmptyFist+1","DeceiveReality+1","EmptyBody+1","CarveReality+1","ClearTheMind+1","FollowUp+1","Omniscience","JustLucky+1","RitualDagger+1","Vengeance","Adaptation+1","FlurryOfBlows+1","CrushJoints+1","SashWhip+1","MentalFortress+1","DeceiveReality+1","LessonLearned+1","Collect+1","Enlightenment+1","SashWhip+1","Wish+1","EmptyBody+1","InnerPeace+1","Adaptation+1","EmptyFist+1","Madness+1","Madness+1","Meditate+1","SpiritShield+1","Adaptation","EmptyBody+1"],"special_seed":0,"relics":["PureWater","NeowsBlessing","Letter Opener","Pantograph","Toy Ornithopter","Dream Catcher","InkBottle","Coffee Dripper","MutagenicStrength","WingedGreaves","Mango","Strawberry","PreservedInsect","Toxic Egg 2","Runic Pyramid","Orrery","Thread and Needle","TeardropLocket","MealTicket","Whetstone"],"potions_floor_usage":[],"damage_taken":[{"damage":0.0,"enemies":"Small Slimes","floor":1.0,"turns":1.0},{"damage":0.0,"enemies":"Cultist","floor":5.0,"turns":1.0},{"damage":0.0,"enemies":"Gremlin Nob","floor":7.0,"turns":1.0},{"damage":8.0,"enemies":"3 Sentries","floor":10.0,"turns":9.0},{"damage":0.0,"enemies":"Lagavulin","floor":13.0,"turns":7.0},{"damage":0.0,"enemies":"2 Louse","floor":14.0,"turns":1.0},{"damage":29.0,"enemies":"The Guardian","floor":16.0,"turns":11.0},{"damage":0.0,"enemies":"Spheric Guardian","floor":18.0,"turns":1.0},{"damage":0.0,"enemies":"Chosen","floor":21.0,"turns":2.0},{"damage":47.0,"enemies":"Book of Stabbing","floor":24.0,"turns":4.0},{"damage":0.0,"enemies":"Gremlin Leader","floor":28.0,"turns":4.0},{"damage":0.0,"enemies":"Snake Plant","floor":30.0,"turns":2.0},{"damage":18.0,"enemies":"Book of Stabbing","floor":31.0,"turns":3.0},{"damage":41.0,"enemies":"Champ","floor":33.0,"turns":14.0},{"damage":1.0,"enemies":"3 Shapes","floor":35.0,"turns":5.0},{"damage":17.0,"enemies":"3 Darklings","floor":38.0,"turns":5.0},{"damage":0.0,"enemies":"Reptomancer","floor":42.0,"turns":2.0},{"damage":13.0,"enemies":"Giant Head","floor":45.0,"turns":6.0},{"damage":12.0,"enemies":"Nemesis","floor":48.0,"turns":3.0},{"damage":25.0,"enemies":"Awakened One","floor":50.0,"turns":8.0},{"damage":35.0,"enemies":"Time Eater","floor":51.0,"turns":9.0},{"damage":23.0,"enemies":"Shield and Spear","floor":55.0,"turns":3.0},{"damage":20,"enemies":"The Heart","floor":56,"turns":9}],"seed_played":"7792688210236853553","potions_obtained":[{"floor":1.0,"key":"Strength Potion"},{"floor":5.0,"key":"SpeedPotion"},{"floor":13.0,"key":"Regen Potion"},{"floor":14.0,"key":"StancePotion"},{"floor":24.0,"key":"SteroidPotion"},{"floor":28.0,"key":"Explosive Potion"},{"floor":35.0,"key":"Energy Potion"},{"floor":37.0,"key":"Regen Potion"},{"floor":38.0,"key":"Regen Potion"},{"floor":45.0,"key":"AttackPotion"},{"floor":48.0,"key":"Energy Potion"}],"is_trial":false,"path_per_floor":["M","$","?","$","M","R","E","R","T","E","$","?","E","M","R","B",null,"M","?","?","M","$","R","E","R","T","R","E","T","M","E","R","B",null,"M","?","?","M","$","R","?","E","T","?","E","R","R","E","R","B","B",null,"R","$","E","B",null],"character_chosen":"WATCHER","items_purchased":["Adaptation","FlurryOfBlows","Orrery","Adaptation","Adaptation","Energy Potion"],"campfire_rested":0,"item_purchase_floors":[22,22,39,39,54,54],"current_hp_per_floor":[55,55,46,46,46,46,46,46,46,38,38,20,20,20,20,16,50,55,55,49,49,49,49,2,2,16,16,40,40,40,27,27,11,64,63,63,63,63,63,63,63,63,63,48,60,60,60,48,48,58,47,73,73,82,64,62],"gold":31,"neow_bonus":"THREE_ENEMY_KILL","is_prod":false,"is_daily":false,"chose_seed":false,"campfire_upgraded":11,"win_rate":0,"timestamp":1568698486,"path_taken":["M","$","?","$","?","R","E","R","T","E","$","?","E","M","R","BOSS","M","?","?","M","$","R","E","R","T","R","E","?","?","E","R","BOSS","M","?","?","?","$","R","?","E","T","?","E","R","R","E","R","BOSS","BOSS","R","$","E","BOSS"],"build_version":"2019-09-16","purchased_purges":2,"victory":true,"max_hp_per_floor":[61,61,61,61,61,61,61,61,61,61,61,61,61,61,61,61,61,61,61,61,61,61,61,61,61,75,75,82,82,82,82,82,82,82,82,82,82,82,82,82,82,82,82,82,82,82,82,82,82,82,82,82,82,82,82,82],"card_choices":[{"not_picked":["Halt","FlyingSleeves"],"picked":"EmptyFist","floor":1.0},{"not_picked":["Worship","EmptyFist"],"picked":"DeceiveReality","floor":5.0},{"not_picked":["Prostrate","Worship"],"picked":"EmptyBody","floor":7.0},{"not_picked":["CleanseEvil","Crescendo"],"picked":"CarveReality","floor":10.0},{"not_picked":["ThirdEye","Crescendo"],"picked":"ClearTheMind","floor":13.0},{"not_picked":["Tantrum","Worship"],"picked":"FollowUp","floor":14.0},{"not_picked":["Metaphysics","Pray"],"picked":"Omniscience","floor":16.0},{"not_picked":["Sanctity","SpiritShield"],"picked":"JustLucky","floor":18.0},{"not_picked":["EmptyFist","BowlingBash"],"picked":"Vengeance","floor":21.0},{"not_picked":["FlyingSleeves","Halt"],"picked":"CrushJoints+1","floor":24.0},{"not_picked":["FlyingSleeves","Halt"],"picked":"SashWhip","floor":28.0},{"not_picked":["BowlingBash+1","EmptyMind"],"picked":"MentalFortress","floor":30.0},{"not_picked":["Vengeance","MentalFortress"],"picked":"DeceiveReality","floor":31.0},{"not_picked":["Brilliance+1","DevaForm"],"picked":"LessonLearned","floor":33.0},{"not_picked":["Weave","Scrawl+1"],"picked":"Collect+1","floor":35.0},{"not_picked":["Apotheosis+1","Good Instincts+1"],"picked":"Enlightenment+1","floor":36.0},{"not_picked":["CutThroughFate+1","JustLucky"],"picked":"SashWhip+1","floor":38.0},{"not_picked":["ForeignInfluence+1","Swivel+1"],"picked":"Wish+1","floor":39.0},{"not_picked":["CutThroughFate","FlyingSleeves+1"],"picked":"EmptyBody+1","floor":39.0},{"not_picked":["SashWhip","ThirdEye+1"],"picked":"InnerPeace+1","floor":39.0},{"not_picked":["Protect+1","Fasting"],"picked":"Adaptation","floor":39.0},{"not_picked":["CutThroughFate","FollowUp"],"picked":"EmptyFist","floor":39.0},{"not_picked":["JustLucky","CutThroughFate","Consecrate"],"picked":"SKIP","floor":42.0},{"not_picked":["Sanctity+1","Tantrum"],"picked":"Meditate+1","floor":45.0},{"not_picked":["DeceiveReality+1","Weave"],"picked":"SpiritShield+1","floor":48.0},{"not_picked":["FollowUp","FlowState+1"],"picked":"EmptyBody+1","floor":55.0}],"player_experience":1103269,"relics_obtained":[{"floor":7.0,"key":"Letter Opener"},{"floor":9.0,"key":"Pantograph"},{"floor":10.0,"key":"Toy Ornithopter"},{"floor":13.0,"key":"InkBottle"},{"floor":24.0,"key":"WingedGreaves"},{"floor":26.0,"key":"Mango"},{"floor":28.0,"key":"Strawberry"},{"floor":29.0,"key":"PreservedInsect"},{"floor":31.0,"key":"Toxic Egg 2"},{"floor":42.0,"key":"Thread and Needle"},{"floor":45.0,"key":"TeardropLocket"},{"floor":48.0,"key":"MealTicket"},{"floor":55.0,"key":"Whetstone"}],"event_choices":[{"damage_healed":0.0,"max_hp_gain":0.0,"max_hp_loss":0.0,"gold_gain":0.0,"event_name":"Wheel of Change","player_choice":"Damaged","floor":3.0,"gold_loss":0.0,"damage_taken":9.0},{"damage_healed":0.0,"max_hp_gain":0.0,"max_hp_loss":0.0,"gold_gain":0.0,"event_name":"Scrap Ooze","player_choice":"Success","floor":12.0,"gold_loss":0.0,"damage_taken":18.0,"relics_obtained":["Dream Catcher"]},{"damage_healed":0.0,"max_hp_gain":0.0,"max_hp_loss":0.0,"gold_gain":0.0,"event_name":"Drug Dealer","player_choice":"Inject Mutagens","floor":19.0,"gold_loss":0.0,"damage_taken":0.0,"relics_obtained":["MutagenicStrength"]},{"damage_healed":0.0,"max_hp_gain":0.0,"max_hp_loss":0.0,"gold_gain":0.0,"event_name":"Nest","player_choice":"Joined the Cult","floor":20.0,"gold_loss":0.0,"damage_taken":6.0,"cards_obtained":["RitualDagger"]},{"damage_healed":0.0,"max_hp_gain":0.0,"max_hp_loss":0.0,"gold_gain":0.0,"event_name":"SensoryStone","player_choice":"Memory 1","floor":36.0,"gold_loss":0.0,"damage_taken":0.0},{"damage_healed":0.0,"max_hp_gain":0.0,"max_hp_loss":0.0,"gold_gain":0.0,"event_name":"The Woman in Blue","player_choice":"Bought 1 Potion","floor":37.0,"gold_loss":0.0,"damage_taken":0.0},{"cards_removed":["Adaptation"],"damage_healed":0.0,"max_hp_gain":0.0,"max_hp_loss":0.0,"gold_gain":0.0,"event_name":"Falling","player_choice":"Removed Power","floor":41.0,"gold_loss":0.0,"damage_taken":0.0},{"damage_healed":0.0,"max_hp_gain":0.0,"max_hp_loss":0.0,"gold_gain":0.0,"event_name":"Winding Halls","player_choice":"Embrace Madness","floor":44.0,"gold_loss":0.0,"damage_taken":15.0,"cards_obtained":["Madness","Madness"]}],"is_beta":true,"boss_relics":[{"not_picked":["Snecko Eye","Busted Crown"],"picked":"Coffee Dripper"},{"not_picked":["Philosopher\u0027s Stone","Sozu"],"picked":"Runic Pyramid"}],"items_purged_floors":[2,11],"is_endless":false,"potions_floor_spawned":[1,5,13,14,24,28,30,35,38,45,48],"ascension_level":20}