{"gold_per_floor":[109,109,9,9,21,21,51,51,102,102,135,153,54,70,70,147,147,167,182,182,232,16,16,28,59,71,83,95],"floor_reached":28,"playtime":2922,"items_purged":["Strike_B"],"score":488,"play_id":"34d3ee5b-09fd-4452-82ac-30e1f56a6aac","local_time":"20190826123046","is_ascension_mode":true,"campfire_choices":[{"data":"Sweeping Beam","floor":6.0,"key":"SMITH"},{"data":"Zap","floor":8.0,"key":"SMITH"},{"floor":10.0,"key":"REST"},{"data":"Dualcast","floor":15.0,"key":"SMITH"},{"data":"Capacitor","floor":23.0,"key":"SMITH"},{"data":"Impatience","floor":27.0,"key":"SMITH"}],"neow_cost":"NONE","seed_source_timestamp":252152472589337,"circlet_count":0,"master_deck":["AscendersBane","Strike_B","Strike_B","Defend_B","Defend_B","Defend_B","Defend_B+1","Zap+1","Dualcast+1","White Noise+1","Heatsinks","Cold Snap","Sweeping Beam+1","All For One","Glacier","Coolheaded","Impatience+1","Leap","Core Surge","Steam+1","Capacitor+1","Writhe","Turbo","Aggregate+1","Injury"],"special_seed":0,"relics":["Cracked Core","Bag of Preparation","Bottled Flame","War Paint","Sundial","Cursed Key","Pear","Toy Ornithopter","MawBank","Darkstone Periapt"],"potions_floor_usage":[28],"damage_taken":[{"damage":0.0,"enemies":"2 Louse","floor":1.0,"turns":1.0},{"damage":0.0,"enemies":"Cultist","floor":5.0,"turns":4.0},{"damage":32.0,"enemies":"Lagavulin","floor":7.0,"turns":7.0},{"damage":16.0,"enemies":"3 Sentries","floor":11.0,"turns":5.0},{"damage":0.0,"enemies":"Small Slimes","floor":12.0,"turns":3.0},{"damage":0.0,"enemies":"Blue Slaver","floor":14.0,"turns":4.0},{"damage":4.0,"enemies":"The Guardian","floor":16.0,"turns":14.0},{"damage":3.0,"enemies":"Shell Parasite","floor":18.0,"turns":4.0},{"damage":12.0,"enemies":"2 Thieves","floor":19.0,"turns":3.0},{"damage":4.0,"enemies":"Centurion and Healer","floor":24.0,"turns":12.0},{"damage":17.0,"enemies":"Slavers","floor":25.0,"turns":7.0},{"damage":65,"enemies":"Gremlin Leader","floor":28,"turns":7}],"seed_played":"6496598245879725100","potions_obtained":[{"floor":12.0,"key":"SpeedPotion"},{"floor":14.0,"key":"SkillPotion"},{"floor":18.0,"key":"Weak Potion"},{"floor":19.0,"key":"Weak Potion"},{"floor":25.0,"key":"Weak Potion"}],"is_trial":false,"path_per_floor":["M","?","$","?","M","R","E","R","T","R","E","M","$","M","R","B",null,"M","M","?","?","$","R","M","E","T","R","E"],"character_chosen":"DEFECT","items_purchased":["Cold Snap","Impatience","Toy Ornithopter"],"campfire_rested":1,"item_purchase_floors":[3,13,22],"current_hp_per_floor":[64,64,64,69,69,69,37,37,37,59,43,43,43,43,43,39,67,64,52,62,62,62,62,63,51,51,51,0],"gold":95,"neow_bonus":"RANDOM_COMMON_RELIC","is_prod":false,"is_daily":false,"chose_seed":false,"campfire_upgraded":5,"win_rate":0,"timestamp":1566847846,"path_taken":["M","?","?","?","?","R","E","R","T","R","E","M","$","M","R","BOSS","M","M","?","?","$","R","M","E","T","R","E"],"build_version":"2019-07-17","purchased_purges":1,"victory":false,"max_hp_per_floor":[71,71,71,76,76,76,76,76,76,76,76,76,76,76,76,76,76,76,76,86,86,86,86,86,86,86,86,86],"card_choices":[{"not_picked":["Turbo","Beam Cell"],"picked":"White Noise","floor":1.0},{"not_picked":["Stack","Streamline"],"picked":"Sweeping Beam","floor":5.0},{"not_picked":["Static Discharge","Coolheaded"],"picked":"All For One","floor":7.0},{"not_picked":["Rip and Tear","Melter"],"picked":"Glacier","floor":11.0},{"not_picked":["Auto Shields","Lockon"],"picked":"Coolheaded","floor":12.0},{"not_picked":["Streamline","Double Energy"],"picked":"Leap","floor":14.0},{"not_picked":["All For One","Hyperbeam"],"picked":"Core Surge","floor":16.0},{"not_picked":["Gash","Compile Driver"],"picked":"Steam+1","floor":18.0},{"not_picked":["Rebound","Cold Snap"],"picked":"Capacitor","floor":19.0},{"not_picked":["Reprogram","Sweeping Beam"],"picked":"Turbo","floor":24.0},{"not_picked":["Heatsinks","Rebound"],"picked":"Aggregate+1","floor":25.0}],"player_experience":778976,"relics_obtained":[{"floor":7.0,"key":"Bottled Flame"},{"floor":9.0,"key":"War Paint"},{"floor":11.0,"key":"Sundial"},{"floor":25.0,"key":"MawBank"},{"floor":26.0,"key":"Darkstone Periapt"}],"event_choices":[{"damage_healed":0.0,"max_hp_gain":0.0,"max_hp_loss":0.0,"gold_gain":0.0,"cards_transformed":["Strike_B"],"event_name":"Transmorgrifier","player_choice":"Transformed","floor":2.0,"gold_loss":0.0,"damage_taken":0.0,"cards_obtained":["Heatsinks"]},{"damage_healed":0.0,"max_hp_gain":5.0,"max_hp_loss":0.0,"gold_gain":0.0,"event_name":"Big Fish","player_choice":"Donut","floor":4.0,"gold_loss":0.0,"damage_taken":0.0},{"damage_healed":0.0,"max_hp_gain":0.0,"max_hp_loss":0.0,"gold_gain":0.0,"event_name":"The Mausoleum","player_choice":"Opened","floor":20.0,"gold_loss":0.0,"damage_taken":0.0,"relics_obtained":["Pear"],"cards_obtained":["Writhe"]},{"damage_healed":0.0,"max_hp_gain":0.0,"max_hp_loss":0.0,"gold_gain":50.0,"event_name":"Nest","player_choice":"Stole From Cult","floor":21.0,"gold_loss":0.0,"damage_taken":0.0}],"is_beta":false,"boss_relics":[{"not_picked":["Fusion Hammer","Orrery"],"picked":"Cursed Key"}],"items_purged_floors":[3],"is_endless":false,"potions_floor_spawned":[12,14,18,19,25],"killed_by":"Gremlin Leader","ascension_level":20}