{"gold_per_floor":[119,136,136,11,29,55,75,75,75,91,103,103],"floor_reached":12,"playtime":993,"items_purged":["Strike_Br"],"score":82,"play_id":"ca070779-c0ba-49a2-ad0d-8a38c6ecabec","local_time":"20190105084646","is_ascension_mode":false,"campfire_choices":[{"data":"ReapSow","floor":8,"key":"SMITH"}],"neow_cost":"NONE","seed_source_timestamp":1349545033957302,"circlet_count":0,"master_deck":["Strike_Br","Strike_Br","Strike_Br","Defend_Br","Defend_Br","Defend_Br","Defend_Br","SecondHand","PatternShift","ExoVibe","LockedBlood","LockedAnchor","ReapSow+5","LockedWarPaint","WindUp","BlueShift","LockedBlood"],"relics":["Chronometer","NeowsBlessing","Hand?","SlipperyGoo","Matryoshka"],"potions_floor_usage":[6,11,12],"damage_taken":[{"damage":0,"enemies":"Cultist","floor":1,"turns":1},{"damage":0,"enemies":"Small Slimes","floor":2,"turns":2},{"damage":0,"enemies":"2 Louse","floor":5,"turns":1},{"damage":58,"enemies":"Lagavulin","floor":6,"turns":12},{"damage":0,"enemies":"Gremlin Gang","floor":7,"turns":9},{"damage":0,"enemies":"Looter","floor":10,"turns":3},{"damage":3,"enemies":"Exordium Wildlife","floor":11,"turns":6},{"damage":0,"enemies":"Large Slime","floor":12,"turns":7}],"seed_played":"-6329916111161732614","potions_obtained":[{"floor":2,"key":"Regen Potion"},{"floor":6,"key":"HastePotion"},{"floor":10,"key":"Slimebound:ThreeZeroPotion"},{"floor":11,"key":"Swift Potion"}],"is_trial":false,"path_per_floor":["M","M","?","$","M","E","M","R","T","M","M","M"],"character_chosen":"CHRONO_CLASS","items_purchased":["LockedAnchor"],"campfire_rested":0,"item_purchase_floors":[4],"current_hp_per_floor":[65,65,65,65,65,21,27,27,27,29,32,44],"gold":103,"neow_bonus":"THREE_ENEMY_KILL","is_prod":false,"is_daily":false,"chose_seed":false,"campfire_upgraded":1,"win_rate":0.0,"timestamp":1546674406,"path_taken":["M","?","?","$","M","E","M","R","T","M","M","M"],"build_version":"2019-01-03v4","purchased_purges":1,"victory":false,"max_hp_per_floor":[65,65,65,65,65,65,65,65,65,65,65,65],"card_choices":[{"not_picked":["Engulf","HandsUp"],"picked":"ExoVibe","floor":1},{"not_picked":["Goo","PrimeTime"],"picked":"LockedBlood","floor":2},{"not_picked":["HandsUp","PrimeTime"],"picked":"ReapSow","floor":5},{"not_picked":["FormalWear","Accruing"],"picked":"LockedWarPaint","floor":6},{"not_picked":["Keepsakes","OverTime"],"picked":"WindUp","floor":7},{"not_picked":["LockedMawBank","AlternateTimeline"],"picked":"BlueShift","floor":10},{"not_picked":["Tempo","Parity"],"picked":"LockedBlood","floor":11}],"player_experience":400601,"relics_obtained":[{"floor":6,"key":"SlipperyGoo"},{"floor":9,"key":"Matryoshka"}],"event_choices":[],"is_beta":false,"boss_relics":[],"items_purged_floors":[4],"is_endless":false,"potions_floor_spawned":[2,6,10,11],"killed_by":"Large Slime","ascension_level":0}