{"path_per_floor":["M","M","?","?","M","R","T","R","T","R","M","E","$","M","R","B",null,"M","?","?","?","M","R","E","M","T","R","$","M","R","$","R","B",null,"M","M","$","?","M","R","M","M","T","R","M","M","M","M","R","B"],"character_chosen":"DEFECT","items_purchased":["Cables","FTL","Reinforced Body","Gash","Scrape"],"gold_per_floor":[218,237,312,312,324,324,403,403,403,403,422,450,25,44,44,143,143,116,116,116,39,54,54,118,132,132,132,20,30,30,30,30,131,131,148,160,60,60,76,76,92,104,104,104,118,129,146,165,165,165],"floor_reached":51,"campfire_rested":1,"playtime":8182,"current_hp_per_floor":[66,66,55,55,55,55,55,55,55,55,52,35,35,35,35,57,71,71,71,71,71,68,68,50,47,47,47,47,31,31,31,31,56,70,70,66,66,66,62,62,59,48,58,58,55,55,48,42,67,85],"items_purged":["Strike_B","Strike_B"],"gold":165,"score":937,"play_id":"da89fecb-2041-43ab-b45a-6c816951ecf9","local_time":"20180505135843","is_prod":false,"is_daily":false,"chose_seed":false,"is_ascension_mode":true,"campfire_upgraded":10,"timestamp":1525553923,"path_taken":["M","M","?","?","M","R","?","R","T","R","M","E","$","M","R","BOSS","M","?","?","?","?","R","E","M","T","R","$","M","R","$","R","BOSS","M","M","$","?","M","R","M","?","T","R","M","?","M","M","R","BOSS"],"build_version":"2018-05-03","seed_source_timestamp":3988908120339,"purchased_purges":2,"victory":true,"master_deck":["Strike_B","Defend_B","Defend_B+1","Defend_B","Zap+1","Dualcast+1","Chaos+1","Undo+1","Undo","Hologram+1","FTL+1","Reinforced Body+1","Coolheaded+1","All For One","Auto Shields","Recycle+1","J.A.X.+1","Leap+1","White Noise","Turbo+1","Gash+1","Scrape+1","Go for the Eyes+1","Machine Learning","Capacitor+1","Hologram+1","Coolheaded+1","All For One","Hologram+1"],"max_hp_per_floor":[75,75,75,75,75,75,75,75,75,75,75,75,75,75,75,75,75,75,75,75,75,75,75,75,75,75,75,75,75,75,75,75,75,75,75,75,75,75,75,75,75,75,85,85,85,85,85,85,85,85],"relics":["Cracked Core","Pantograph","War Paint","DataDisk","Cables","Runic Pyramid","Tiny Chest","Kunai","Sozu","Pear"],"card_choices":[{"not_picked":["Capacitor","Cold Snap"],"picked":"Chaos","floor":1.0},{"not_picked":["Beam Cell","Impulse"],"picked":"Undo","floor":5.0},{"not_picked":["Beam Cell","Blizzard"],"picked":"Undo","floor":11.0},{"not_picked":["Chaos","Skim"],"picked":"Hologram","floor":12.0},{"not_picked":["Stack","Undo"],"picked":"Coolheaded","floor":14.0},{"not_picked":["Creative AI","Amplify"],"picked":"All For One","floor":16.0},{"not_picked":["Stack","Force Field"],"picked":"Auto Shields","floor":18.0},{"not_picked":["Genetic Algorithm","Ball Lightning"],"picked":"Leap","floor":22.0},{"not_picked":["Machine Learning","Buffer"],"picked":"White Noise","floor":24.0},{"not_picked":["Rebound","Doom and Gloom"],"picked":"Turbo","floor":25.0},{"not_picked":["Rebound","Melter"],"picked":"Go for the Eyes","floor":29.0},{"not_picked":["Nova","Fusion"],"picked":"Machine Learning","floor":33.0},{"not_picked":["Stack","Blizzard"],"picked":"Capacitor","floor":35.0},{"not_picked":["Sweeping Beam","Blizzard"],"picked":"Hologram","floor":36.0},{"not_picked":["Reinforced Body","Sweeping Beam"],"picked":"Coolheaded","floor":42.0},{"not_picked":["Impulse","Auto Shields"],"picked":"All For One","floor":45.0},{"not_picked":["Doom and Gloom","Streamline"],"picked":"Hologram","floor":47.0}],"player_experience":546973,"potions_floor_usage":[],"damage_taken":[{"damage":2.0,"enemies":"Jaw Worm","floor":1.0,"turns":3.0},{"damage":0.0,"enemies":"2 Louse","floor":2.0,"turns":3.0},{"damage":0.0,"enemies":"Cultist","floor":5.0,"turns":4.0},{"damage":3.0,"enemies":"Large Slime","floor":11.0,"turns":7.0},{"damage":25.0,"enemies":"3 Sentries","floor":12.0,"turns":9.0},{"damage":11.0,"enemies":"Red Slaver","floor":14.0,"turns":2.0},{"damage":45.0,"enemies":"Slime Boss","floor":16.0,"turns":13.0},{"damage":40.0,"enemies":"2 Thieves","floor":18.0,"turns":5.0},{"damage":3.0,"enemies":"Chosen","floor":22.0,"turns":6.0},{"damage":94.0,"enemies":"Gremlin Leader","floor":24.0,"turns":11.0},{"damage":26.0,"enemies":"Centurion and Healer","floor":25.0,"turns":7.0},{"damage":35.0,"enemies":"Snake Plant","floor":29.0,"turns":5.0},{"damage":24.0,"enemies":"Champ","floor":33.0,"turns":11.0},{"damage":41.0,"enemies":"3 Shapes","floor":35.0,"turns":4.0},{"damage":53.0,"enemies":"Flame Bruiser 1 Orb","floor":36.0,"turns":4.0},{"damage":64.0,"enemies":"3 Darklings","floor":39.0,"turns":7.0},{"damage":45.0,"enemies":"Sphere and 2 Shapes","floor":41.0,"turns":7.0},{"damage":24.0,"enemies":"Flame Bruiser 2 Orb","floor":42.0,"turns":6.0},{"damage":3.0,"enemies":"Maw","floor":45.0,"turns":7.0},{"damage":65.0,"enemies":"Sphere and 2 Shapes","floor":46.0,"turns":5.0},{"damage":26.0,"enemies":"Spire Growth","floor":47.0,"turns":4.0},{"damage":17,"enemies":"4 Shapes","floor":48,"turns":7},{"damage":91,"enemies":"Awakened One","floor":50,"turns":12}],"event_choices":[{"event_name":"World of Goop","player_choice":"Gather Gold","floor":3.0,"damage_taken":0.0},{"event_name":"Wheel of Change","player_choice":"Card Removal","floor":4.0,"damage_taken":0.0},{"event_name":"The Library","player_choice":"Read","floor":19.0,"damage_taken":0.0},{"event_name":"Bonfire Elementals","player_choice":"BASIC","floor":20.0,"damage_taken":0.0},{"event_name":"Drug Dealer","player_choice":"Got JAXXED","floor":21.0,"damage_taken":0.0},{"event_name":"Accursed Blacksmith","player_choice":"Forge","floor":38.0,"damage_taken":0.0}],"boss_relics":[],"potions_floor_spawned":[2,11,12,14,22,24,36,39,46],"seed_played":"-3892372745011391788","ascension_level":9,"is_trial":false}