{"gold_per_floor":[116,41,41,56,56,74,74,106,106,106,106,119,144,144],"floor_reached":14,"playtime":381,"items_purged":["Strike_R"],"score":147,"play_id":"6fba41c0-b6ea-415b-960f-df47d48790d0","local_time":"20190826125854","is_ascension_mode":true,"campfire_choices":[{"data":"Bash","floor":7,"key":"SMITH"},{"data":"Twin Strike","floor":11,"key":"SMITH"}],"neow_cost":"NONE","seed_source_timestamp":421399408958000,"circlet_count":0,"master_deck":["AscendersBane","Strike_R","Strike_R","Strike_R","Defend_R","Defend_R","Defend_R","Defend_R","Bash+1","Headbutt","Twin Strike+1","Cleave","Feed"],"relics":["Burning Blood","NeowsBlessing","Calipers","Smiling Mask","Mango","Dodecahedron"],"potions_floor_usage":[],"damage_taken":[{"damage":0,"enemies":"Small Slimes","floor":1,"turns":1},{"damage":0,"enemies":"Cultist","floor":4,"turns":1},{"damage":0,"enemies":"2 Louse","floor":6,"turns":1},{"damage":50,"enemies":"3 Sentries","floor":8,"turns":12},{"damage":9,"enemies":"Large Slime","floor":12,"turns":6},{"damage":31,"enemies":"Gremlin Nob","floor":13,"turns":4},{"damage":20,"enemies":"Exordium Thugs","floor":14,"turns":4}],"seed_played":"-6480885133894043949","potions_obtained":[{"floor":4,"key":"Dexterity Potion"},{"floor":6,"key":"EssenceOfSteel"},{"floor":13,"key":"Block Potion"}],"is_trial":false,"path_per_floor":["M","$","?","M","$","M","R","E","T","?","R","M","E","M"],"character_chosen":"IRONCLAD","items_purchased":[],"campfire_rested":0,"item_purchase_floors":[],"current_hp_per_floor":[78,78,66,72,72,78,78,34,48,48,48,45,20,0],"gold":144,"neow_bonus":"THREE_ENEMY_KILL","is_prod":false,"is_daily":false,"chose_seed":false,"campfire_upgraded":2,"win_rate":0,"timestamp":1566838734,"path_taken":["M","$","?","M","$","M","R","E","T","?","R","?","E","M"],"build_version":"2019-08-23","purchased_purges":1,"victory":false,"max_hp_per_floor":[80,80,80,80,80,80,80,80,94,94,94,94,94,94],"card_choices":[{"not_picked":["Armaments","Dropkick"],"picked":"Headbutt","floor":1},{"not_picked":["Clash","Flame Barrier","Body Slam"],"picked":"SKIP","floor":4},{"not_picked":["Evolve","Pommel Strike","Flame Barrier"],"picked":"SKIP","floor":6},{"not_picked":["Headbutt","Havoc"],"picked":"Twin Strike","floor":8},{"not_picked":["Carnage","Body Slam"],"picked":"Cleave","floor":12},{"not_picked":["True Grit","Spot Weakness"],"picked":"Feed","floor":13}],"player_experience":989675,"relics_obtained":[{"floor":8,"key":"Smiling Mask"},{"floor":9,"key":"Mango"},{"floor":13,"key":"Dodecahedron"}],"event_choices":[{"damage_healed":0,"gold_gain":0,"player_choice":"Success","damage_taken":12,"relics_obtained":["Calipers"],"max_hp_gain":0,"max_hp_loss":0,"event_name":"Scrap Ooze","floor":3,"gold_loss":0},{"cards_removed":["Strike_R"],"damage_healed":0,"gold_gain":0,"player_choice":"Offered Basic","damage_taken":0,"max_hp_gain":0,"max_hp_loss":0,"event_name":"Bonfire Elementals","floor":10,"gold_loss":0}],"is_beta":true,"boss_relics":[],"items_purged_floors":[2],"is_endless":false,"potions_floor_spawned":[4,6,13],"killed_by":"Exordium Thugs","ascension_level":10}