{"gold_per_floor":[119,119,134,153,153,186,186,206,206,238,238,253,79,254,254,352,352,367,367,367,377,387,419,419],"floor_reached":24,"playtime":1592,"items_purged":[],"score":226,"play_id":"bc544d05-cf5b-4720-a23a-b0995966d84d","local_time":"20190709031649","is_ascension_mode":false,"campfire_choices":[{"data":"Armaments","floor":7,"key":"SMITH"},{"floor":15,"key":"REST"}],"neow_cost":"NONE","seed_source_timestamp":2269120175719308,"circlet_count":0,"master_deck":["Strike_R+1","Strike_R","Strike_R","Strike_R","Strike_R","Defend_R+1","Defend_R","Defend_R","Defend_R","Bash","Armaments+1","Metallicize","Armaments","Clash","Twin Strike","Infernal Blade+1","Warcry","Anger","Exhume","Body Slam+1","Clothesline","Whirlwind","Anger"],"relics":["Runic Cube","NlothsMask","Omamori","Matryoshka","Oddly Smooth Stone","Runic Pyramid","Necronomicon","Potion Belt","Bronze Scales","Bottled Tornado"],"potions_floor_usage":[8,10,16,16,16,22,23,23],"damage_taken":[{"damage":0,"enemies":"Small Slimes","floor":1,"turns":3},{"damage":0,"enemies":"Cultist","floor":3,"turns":4},{"damage":0,"enemies":"Jaw Worm","floor":4,"turns":4},{"damage":21,"enemies":"Gremlin Nob","floor":6,"turns":4},{"damage":5,"enemies":"Exordium Thugs","floor":8,"turns":3},{"damage":6,"enemies":"Lagavulin","floor":10,"turns":8},{"damage":10,"enemies":"Large Slime","floor":12,"turns":6},{"damage":32,"enemies":"Slime Boss","floor":16,"turns":11},{"damage":18,"enemies":"2 Thieves","floor":18,"turns":4},{"damage":4,"enemies":"Chosen","floor":21,"turns":4},{"damage":5,"enemies":"Sentry and Sphere","floor":22,"turns":4},{"damage":21,"enemies":"Gremlin Leader","floor":23,"turns":3},{"damage":19,"enemies":"Shelled Parasite and Fungi","floor":24,"turns":2}],"seed_played":"1522444812081625052","potions_obtained":[{"floor":3,"key":"Swift Potion"},{"floor":4,"key":"Block Potion"},{"floor":6,"key":"AttackPotion"},{"floor":8,"key":"LiquidBronze"},{"floor":12,"key":"EntropicBrew"},{"floor":21,"key":"Strength Potion"}],"is_trial":false,"path_per_floor":["M","?","M","M","?","E","R","M","T","E","?","M","$","?","R","B",null,"M","?","T","M","M","E","M"],"character_chosen":"IRONCLAD","items_purchased":["Oddly Smooth Stone","Anger"],"campfire_rested":1,"item_purchase_floors":[13,13],"current_hp_per_floor":[80,64,64,64,64,43,43,38,38,32,32,22,22,22,46,14,80,62,46,46,42,37,16,0],"gold":419,"neow_bonus":"BOSS_RELIC","is_prod":false,"is_daily":false,"chose_seed":false,"campfire_upgraded":1,"win_rate":0,"timestamp":1562656609,"path_taken":["M","?","M","M","?","E","R","?","T","E","?","?","$","?","R","BOSS","M","?","?","M","M","E","M"],"build_version":"2019-07-05","purchased_purges":0,"victory":false,"max_hp_per_floor":[80,80,80,80,80,80,80,80,80,80,80,80,80,80,80,80,80,80,80,80,80,80,80,80],"card_choices":[{"not_picked":["Thunderclap","Rupture"],"picked":"Armaments","floor":1},{"not_picked":["Clothesline","Iron Wave"],"picked":"Metallicize","floor":3},{"not_picked":["Wild Strike","Body Slam"],"picked":"Armaments","floor":4},{"not_picked":["Body Slam","Blood for Blood"],"picked":"Clash","floor":6},{"not_picked":["Perfected Strike","Sword Boomerang"],"picked":"Twin Strike","floor":8},{"not_picked":["Feed","Shrug It Off"],"picked":"Infernal Blade","floor":10},{"not_picked":["Cleave","Power Through"],"picked":"Warcry","floor":12},{"not_picked":["Bludgeon","Fiend Fire"],"picked":"Exhume","floor":16},{"not_picked":["Whirlwind","Wild Strike+1"],"picked":"Body Slam+1","floor":18},{"not_picked":["True Grit","Pommel Strike"],"picked":"Clothesline","floor":21},{"not_picked":["Wild Strike+1","Clash"],"picked":"Whirlwind","floor":22},{"not_picked":["Sword Boomerang+1","Armaments"],"picked":"Anger","floor":23}],"player_experience":124243,"relics_obtained":[{"floor":6,"key":"Omamori"},{"floor":10,"key":"Matryoshka"},{"floor":19,"key":"Necronomicon"},{"floor":20,"key":"Potion Belt"},{"floor":20,"key":"Bronze Scales"},{"floor":23,"key":"Bottled Tornado"}],"event_choices":[{"damage_healed":0,"gold_gain":0,"player_choice":"Entered Light","damage_taken":16,"max_hp_gain":0,"max_hp_loss":0,"event_name":"Shining Light","floor":2,"gold_loss":0,"cards_upgraded":["Strike_R","Defend_R"]},{"damage_healed":0,"gold_gain":0,"player_choice":"Trade","damage_taken":0,"relics_obtained":["NlothsMask"],"max_hp_gain":0,"max_hp_loss":0,"event_name":"FaceTrader","floor":5,"gold_loss":0},{"damage_healed":0,"gold_gain":0,"player_choice":"Upgraded","damage_taken":0,"max_hp_gain":0,"max_hp_loss":0,"event_name":"Upgrade Shrine","floor":11,"gold_loss":0,"cards_upgraded":["Infernal Blade"]},{"damage_healed":0,"gold_gain":175,"player_choice":"AGREE","damage_taken":0,"max_hp_gain":0,"max_hp_loss":0,"event_name":"Liars Game","floor":14,"gold_loss":0,"cards_obtained":["Doubt"]},{"damage_healed":0,"gold_gain":0,"player_choice":"Obtained Book","damage_taken":16,"max_hp_gain":0,"max_hp_loss":0,"event_name":"Cursed Tome","floor":19,"gold_loss":0}],"is_beta":false,"boss_relics":[{"not_picked":["Philosopher\u0027s Stone","Black Star"],"picked":"Runic Pyramid"}],"items_purged_floors":[],"is_endless":false,"potions_floor_spawned":[3,4,6,8,12,21],"killed_by":"Shelled Parasite and Fungi","ascension_level":0}