{"gold_per_floor":[115,129,129,129,5,33,59,59,59,120,130,130,147,4,4,103,103,120,133,133,58,58,92,92,112,135,152,163,163,183,193,193,193],"floor_reached":33,"playtime":1758,"items_purged":[],"score":508,"play_id":"01c7b46b-f67e-4d56-83a4-b2a370e35de2","local_time":"20190101132212","is_ascension_mode":true,"campfire_choices":[{"data":"Defragment","floor":8.0,"key":"SMITH"},{"data":"Hologram","floor":12.0,"key":"SMITH"},{"data":"Redo","floor":15.0,"key":"SMITH"},{"data":"Blizzard","floor":29,"key":"SMITH"},{"floor":32,"key":"REST"}],"neow_cost":"NONE","seed_source_timestamp":1019661998001145,"circlet_count":0,"master_deck":["AscendersBane","Strike_B","Strike_B","Strike_B","Defend_B","Defend_B","Defend_B","Defend_B","Zap","Dualcast","Glacier","Defragment+1","Hologram+1","Coolheaded","Cold Snap","Redo+1","Glacier","Decay","Blizzard+1","Ghostly","Ghostly","Ghostly","Ghostly","Ghostly","Steam Power","Leap","BootSequence+1","Leap+1"],"special_seed":0,"relics":["FrozenCore","NeowsBlessing","Regal Pillow","Odd Mushroom","Tiny Chest","DataDisk","Singing Bowl","Boot"],"potions_floor_usage":[33],"damage_taken":[{"damage":0.0,"enemies":"Small Slimes","floor":1.0,"turns":1.0},{"damage":0.0,"enemies":"Jaw Worm","floor":2.0,"turns":1.0},{"damage":0.0,"enemies":"Lagavulin","floor":6.0,"turns":1.0},{"damage":34.0,"enemies":"The Mushroom Lair","floor":7.0,"turns":6.0},{"damage":16.0,"enemies":"Gremlin Nob","floor":10.0,"turns":4.0},{"damage":6.0,"enemies":"2 Louse","floor":11.0,"turns":4.0},{"damage":5.0,"enemies":"2 Fungi Beasts","floor":13.0,"turns":4.0},{"damage":1.0,"enemies":"Hexaghost","floor":16.0,"turns":9.0},{"damage":0.0,"enemies":"Spheric Guardian","floor":18.0,"turns":6.0},{"damage":5.0,"enemies":"Chosen","floor":19.0,"turns":7.0},{"damage":27.0,"enemies":"Slavers","floor":23.0,"turns":15.0},{"damage":8.0,"enemies":"Centurion and Healer","floor":25.0,"turns":17.0},{"damage":0,"enemies":"Snecko","floor":27,"turns":14},{"damage":7,"enemies":"Sentry and Sphere","floor":28,"turns":28},{"damage":0,"enemies":"Snake Plant","floor":30,"turns":12},{"damage":0,"enemies":"Snecko","floor":31,"turns":16},{"damage":61,"enemies":"Collector","floor":33,"turns":14}],"seed_played":"6821858088028041321","potions_obtained":[{"floor":6.0,"key":"GamblersBrew"},{"floor":10.0,"key":"SkillPotion"},{"floor":11.0,"key":"PowerPotion"},{"floor":18.0,"key":"FairyPotion"},{"floor":19.0,"key":"Regen Potion"},{"floor":27,"key":"Strength Potion"}],"is_trial":false,"path_per_floor":["M","M","$","?","$","E","?","R","T","E","M","R","M","$","R","B",null,"M","M","?","$","?","E","?","M","T","M","M","R","M","M","R","B"],"character_chosen":"DEFECT","items_purchased":["Defragment","PowerPotion","DataDisk","Blizzard"],"campfire_rested":1,"item_purchase_floors":[5,5,14,21],"current_hp_per_floor":[68,68,68,68,68,68,34,34,34,18,12,12,7,7,7,6,58,58,53,53,53,37,18,18,12,12,14,7,7,7,7,34,0],"gold":193,"neow_bonus":"THREE_ENEMY_KILL","is_prod":false,"is_daily":false,"chose_seed":false,"campfire_upgraded":4,"win_rate":0,"timestamp":1546345332,"path_taken":["M","M","$","?","?","E","?","R","T","E","M","R","?","$","R","BOSS","M","M","?","$","?","E","?","M","T","M","M","R","?","M","R","BOSS"],"build_version":"2018-12-20","purchased_purges":0,"victory":false,"max_hp_per_floor":[75,75,75,75,75,75,75,75,75,75,75,75,75,75,75,75,75,75,75,75,75,37,39,39,41,41,43,43,43,43,43,43,43],"card_choices":[{"not_picked":["Steam","Streamline","Sweeping Beam"],"picked":"SKIP","floor":1.0},{"not_picked":["Aggregate","Compile Driver"],"picked":"Glacier","floor":2.0},{"not_picked":["Steam","Fission"],"picked":"Hologram","floor":6.0},{"not_picked":["Aggregate","Genetic Algorithm"],"picked":"Coolheaded","floor":10.0},{"not_picked":["Leap","Streamline"],"picked":"Cold Snap","floor":11.0},{"not_picked":["Hologram","Steam"],"picked":"Redo","floor":13.0},{"not_picked":["BootSequence","Chill"],"picked":"Glacier","floor":18.0},{"not_picked":["Barrage","Go for the Eyes+1","Darkness"],"picked":"SKIP","floor":19.0},{"not_picked":["Static Discharge","Gash","Hologram"],"picked":"Singing Bowl","floor":23.0},{"not_picked":["Steam+1","Static Discharge","Scrape"],"picked":"Singing Bowl","floor":25.0},{"not_picked":["Beam Cell","Rebound+1","Turbo"],"picked":"Singing Bowl","floor":27},{"not_picked":["FTL","Go for the Eyes"],"picked":"Leap","floor":28},{"not_picked":["Redo","Auto Shields"],"picked":"BootSequence+1","floor":30},{"not_picked":["Genetic Algorithm","Reprogram"],"picked":"Leap+1","floor":31}],"player_experience":382912,"relics_obtained":[{"floor":6.0,"key":"Regal Pillow"},{"floor":7.0,"key":"Odd Mushroom"},{"floor":10.0,"key":"Tiny Chest"},{"floor":23.0,"key":"Singing Bowl"},{"floor":26.0,"key":"Boot"}],"event_choices":[{"damage_healed":0.0,"max_hp_gain":0.0,"max_hp_loss":0.0,"gold_gain":0.0,"event_name":"The Cleric","player_choice":"Leave","floor":4.0,"gold_loss":0.0,"damage_taken":0.0},{"damage_healed":0.0,"max_hp_gain":0.0,"max_hp_loss":0.0,"gold_gain":0.0,"event_name":"Mushrooms","player_choice":"Fought Mushrooms","floor":7.0,"gold_loss":0.0,"damage_taken":0.0},{"damage_healed":0.0,"max_hp_gain":0.0,"max_hp_loss":0.0,"gold_gain":0.0,"event_name":"Forgotten Altar","player_choice":"Smashed Altar","floor":20.0,"gold_loss":0.0,"damage_taken":0.0,"cards_obtained":["Decay"]},{"damage_healed":0.0,"max_hp_gain":0.0,"max_hp_loss":38.0,"gold_gain":0.0,"event_name":"Ghosts","player_choice":"Became a Ghost","floor":22.0,"gold_loss":0.0,"damage_taken":0.0,"cards_obtained":["Ghostly","Ghostly","Ghostly","Ghostly","Ghostly"]},{"damage_healed":0.0,"max_hp_gain":0.0,"max_hp_loss":0.0,"gold_gain":0.0,"cards_transformed":["Strike_B"],"event_name":"Transmorgrifier","player_choice":"Transformed","floor":24.0,"gold_loss":0.0,"damage_taken":0.0,"cards_obtained":["Steam Power"]}],"is_beta":false,"boss_relics":[{"not_picked":["Eternal Feather","Orrery"],"picked":"FrozenCore"}],"items_purged_floors":[],"is_endless":false,"potions_floor_spawned":[6,7,10,11,13,18,19,27,28],"killed_by":"Collector","ascension_level":12}