{"gold_per_floor":[15,15,15,15,28,28,28,54,66,111,123,151,163,193,205,217],"floor_reached":16,"playtime":361,"items_purged":[],"score":185,"play_id":"0a31de5e-0758-4605-b1da-3887989bdfb0","local_time":"20181002174712","is_ascension_mode":true,"campfire_choices":[{"data":"Zap","floor":6,"key":"SMITH"},{"data":"Beam Cell","floor":11,"key":"SMITH"},{"data":"Go for the Eyes","floor":13,"key":"SMITH"},{"data":"Biased Cognition","floor":15,"key":"SMITH"}],"neow_cost":"NO_GOLD","seed_source_timestamp":636947345920824,"circlet_count":0,"master_deck":["Strike_B","Strike_B","Strike_B","Strike_B","Defend_B","Defend_B","Defend_B","Defend_B","Zap+1","Dualcast","Gash","Beam Cell+1","Biased Cognition+1","Go for the Eyes+1"],"relics":["Cracked Core","CultistMask","MawBank","Gremlin Horn","Vajra"],"potions_floor_usage":[8,8,8,8,10,16],"damage_taken":[{"damage":0,"enemies":"2 Louse","floor":1,"turns":1},{"damage":0,"enemies":"Small Slimes","floor":5,"turns":2},{"damage":0,"enemies":"Gremlin Nob","floor":8,"turns":2},{"damage":37,"enemies":"3 Sentries","floor":10,"turns":9},{"damage":0,"enemies":"Cultist","floor":12,"turns":2},{"damage":8,"enemies":"Large Slime","floor":14,"turns":3},{"damage":56,"enemies":"Slime Boss","floor":16,"turns":9}],"seed_played":"8737557295619824893","potions_obtained":[{"floor":5,"key":"Poison Potion"},{"floor":7,"key":"EntropicBrew"},{"floor":7,"key":"FearPotion"},{"floor":12,"key":"Weak Potion"}],"is_trial":false,"path_per_floor":["M","?","$","?","M","R","?","E","T","E","R","M","R","M","R"],"character_chosen":"DEFECT","items_purchased":[],"campfire_rested":0,"item_purchase_floors":[],"current_hp_per_floor":[89,94,94,94,94,94,94,94,94,57,57,57,57,49,49,0],"gold":217,"neow_bonus":"TWENTY_PERCENT_HP_BONUS","is_prod":false,"is_daily":false,"chose_seed":false,"campfire_upgraded":4,"win_rate":0,"timestamp":1538516832,"path_taken":["M","?","$","?","M","R","?","E","T","E","R","M","R","M","R","BOSS"],"build_version":"2018-10-01","purchased_purges":0,"victory":false,"max_hp_per_floor":[89,94,94,94,94,94,94,94,94,94,94,94,94,94,94,94],"card_choices":[{"not_picked":["Cold Snap","Steam"],"picked":"Gash","floor":1},{"not_picked":["Recycle","Turbo"],"picked":"Beam Cell","floor":5},{"not_picked":["Conserve Battery","Coolheaded"],"picked":"Biased Cognition","floor":8},{"not_picked":["Blizzard","FTL"],"picked":"Go for the Eyes","floor":10},{"not_picked":["Recycle","Melter","Storm"],"picked":"SKIP","floor":12},{"not_picked":["Barrage","Redo","Reinforced Body"],"picked":"SKIP","floor":14}],"player_experience":916960,"relics_obtained":[{"floor":8,"key":"MawBank"},{"floor":9,"key":"Gremlin Horn"},{"floor":10,"key":"Vajra"}],"event_choices":[{"event_name":"Big Fish","player_choice":"Donut","floor":2,"damage_taken":0},{"event_name":"FaceTrader","player_choice":"Trade","floor":4,"damage_taken":0},{"event_name":"The Lab","player_choice":"Got Potions","floor":7,"damage_taken":0}],"is_beta":true,"boss_relics":[],"items_purged_floors":[],"is_endless":false,"potions_floor_spawned":[5,12],"killed_by":"Slime Boss","ascension_level":4}