{"gold_per_floor":[109,109,128,128,241,267,267,267],"floor_reached":8,"playtime":198,"items_purged":[],"score":56,"play_id":"c3b6d646-c6f9-40f8-9151-2bd906838214","local_time":"20190224221759","is_ascension_mode":false,"campfire_choices":[{"data":"Panache","floor":7,"key":"SMITH"}],"neow_cost":"NONE","seed_source_timestamp":460206222752911,"circlet_count":0,"master_deck":["Defend_G","Defend_G","Defend_G","Defend_G","Defend_G","Strike_G","Strike_G","Strike_G","Strike_G","Survivor","Neutralize","Good Instincts","Panache+1","ReplayTheSpireMod:Trickstab","Deflect","Slice","Terror"],"relics":["Sizzling Blood","infinitespire:Cubic Diamond","Lantern"],"potions_floor_usage":[6,6],"damage_taken":[{"damage":0,"enemies":"Small Slimes","floor":1,"turns":3},{"damage":10,"enemies":"Jaw Worm","floor":3,"turns":5},{"damage":0,"enemies":"Cultist","floor":5,"turns":5},{"damage":55,"enemies":"Gremlin Nob","floor":6,"turns":7},{"damage":7,"enemies":"Large Slime","floor":8,"turns":1}],"seed_played":"4484774693907346811","potions_obtained":[{"floor":1,"key":"Fire Potion"},{"floor":3,"key":"GamblersBrew"},{"floor":6,"key":"Ancient Potion"}],"is_trial":false,"path_per_floor":["M","?","M","?","M","E","R","M"],"character_chosen":"THE_SILENT","items_purchased":[],"campfire_rested":0,"item_purchase_floors":[],"current_hp_per_floor":[60,60,54,54,58,7,7,0],"gold":267,"neow_bonus":"RANDOM_EVENT","is_prod":false,"is_daily":false,"chose_seed":false,"campfire_upgraded":1,"win_rate":0,"timestamp":1551064679,"path_taken":["M","?","M","?","?","E","R","M"],"build_version":"2019-01-23","purchased_purges":0,"victory":false,"max_hp_per_floor":[70,70,70,70,70,70,70,70],"card_choices":[{"not_picked":["PanicButton","Chrysalis"],"picked":"Good Instincts","floor":0},{"not_picked":["Magnetism","Replay:Sssssssssstrike"],"picked":"Panache","floor":0},{"not_picked":["Crow Ritual","Apotheosis"],"picked":"ReplayTheSpireMod:Trickstab","floor":0},{"not_picked":["strawberrySpire:DeltaFlow","Bane"],"picked":"Deflect","floor":1},{"not_picked":["Dagger Throw","strawberrySpire:Momentum","Concentrate"],"picked":"SKIP","floor":3},{"not_picked":["Infinite Blades","strawberrySpire:Rummage"],"picked":"Slice","floor":5},{"not_picked":["strawberrySpire:Swampstar","hubris:SlightOfHand"],"picked":"Terror","floor":6}],"player_experience":724546,"relics_obtained":[{"floor":6,"key":"Lantern"}],"event_choices":[{"damage_healed":0,"gold_gain":0,"player_choice":"Memory 3","damage_taken":10,"max_hp_gain":0,"max_hp_loss":0,"event_name":"SensoryStone","floor":0,"gold_loss":0},{"cards_removed":["Strike_G"],"damage_healed":0,"gold_gain":0,"player_choice":"Purged","damage_taken":0,"max_hp_gain":0,"max_hp_loss":0,"event_name":"Purifier","floor":4,"gold_loss":0}],"is_beta":false,"boss_relics":[],"items_purged_floors":[],"is_endless":false,"potions_floor_spawned":[1,3,6],"killed_by":"Large Slime","ascension_level":0}