{"gold_per_floor":[113,66,79,254,267,294,294,294,319,333,333,349,52,66,66,164,164,175,149,169,169],"floor_reached":21,"playtime":1181,"items_purged":["Doubt"],"score":256,"play_id":"7ea20d98-900c-43b2-ab8b-96b25380c098","local_time":"20190909140838","is_ascension_mode":false,"campfire_choices":[{"floor":8,"key":"REST"},{"data":"Flex","floor":11,"key":"SMITH"},{"data":"Flex","floor":15,"key":"SMITH"}],"neow_cost":"NONE","seed_source_timestamp":60777727857600,"circlet_count":0,"master_deck":["Strike_R","Strike_R","Strike_R","Strike_R","Strike_R","Defend_R","Defend_R","Defend_R","Defend_R","Bash","Twin Strike","Flex+1","Twin Strike","Anger","Twin Strike","Pommel Strike","Pummel","Flex+1","Cleave","Warcry","Demon Form","Spot Weakness","Heavy Blade","Twin Strike+1"],"relics":["Burning Blood","Oddly Smooth Stone","Paper Frog","Pen Nib","PreservedInsect","White Beast Statue"],"potions_floor_usage":[],"damage_taken":[{"damage":2,"enemies":"Small Slimes","floor":1,"turns":4},{"damage":0,"enemies":"Cultist","floor":3,"turns":3},{"damage":6,"enemies":"2 Louse","floor":5,"turns":3},{"damage":28,"enemies":"Gremlin Nob","floor":6,"turns":5},{"damage":19,"enemies":"Blue Slaver","floor":10,"turns":4},{"damage":4,"enemies":"Looter","floor":12,"turns":2},{"damage":13,"enemies":"Lots of Slimes","floor":14,"turns":2},{"damage":0,"enemies":"Slime Boss","floor":16,"turns":8},{"damage":32,"enemies":"Shell Parasite","floor":18,"turns":4},{"damage":30,"enemies":"2 Thieves","floor":20,"turns":3},{"damage":42,"enemies":"Shelled Parasite and Fungi","floor":21,"turns":3}],"seed_played":"1083629118675098562","potions_obtained":[{"floor":3,"key":"Strength Potion"},{"floor":10,"key":"Ancient Potion"},{"floor":14,"key":"AttackPotion"},{"floor":18,"key":"SteroidPotion"}],"is_trial":false,"path_per_floor":["M","$","M","?","M","E","?","R","T","M","R","M","$","M","R","B",null,"M","$","M","M"],"character_chosen":"IRONCLAD","items_purchased":["Flex","PreservedInsect","Flex","Cleave","Heavy Blade"],"campfire_rested":1,"item_purchase_floors":[2,13,13,13,19],"current_hp_per_floor":[88,88,88,88,88,66,59,85,85,72,72,74,74,67,67,73,88,62,62,38,0],"gold":169,"neow_bonus":"TEN_PERCENT_HP_BONUS","is_prod":false,"is_daily":false,"chose_seed":false,"campfire_upgraded":2,"win_rate":0.0,"timestamp":1568030918,"path_taken":["M","$","M","?","M","E","?","R","T","M","R","M","$","M","R","BOSS","M","$","M","M"],"build_version":"2019-07-17","purchased_purges":1,"victory":false,"max_hp_per_floor":[88,88,88,88,88,88,88,88,88,88,88,88,88,88,88,88,88,88,88,88,88],"card_choices":[{"not_picked":["Warcry","Sever Soul"],"picked":"Twin Strike","floor":1},{"not_picked":["Seeing Red","Body Slam"],"picked":"Twin Strike","floor":3},{"not_picked":["Whirlwind","Battle Trance"],"picked":"Anger","floor":5},{"not_picked":["Warcry","Shrug It Off"],"picked":"Twin Strike","floor":6},{"not_picked":["Uppercut","Body Slam"],"picked":"Pommel Strike","floor":10},{"not_picked":["Bloodletting","Clothesline"],"picked":"Pummel","floor":12},{"not_picked":["Ghostly Armor","Disarm"],"picked":"Warcry","floor":14},{"not_picked":["Fiend Fire","Bludgeon"],"picked":"Demon Form","floor":16},{"not_picked":["Corruption","Bloodletting"],"picked":"Spot Weakness","floor":18},{"not_picked":["Corruption","Bloodletting+1"],"picked":"Twin Strike+1","floor":20}],"player_experience":21823,"relics_obtained":[{"floor":6,"key":"Oddly Smooth Stone"},{"floor":9,"key":"Pen Nib"}],"event_choices":[{"damage_healed":0,"gold_gain":175,"player_choice":"AGREE","damage_taken":0,"max_hp_gain":0,"max_hp_loss":0,"event_name":"Liars Game","floor":4,"gold_loss":0,"cards_obtained":["Doubt"]},{"damage_healed":0,"gold_gain":0,"player_choice":"Success","damage_taken":7,"relics_obtained":["Paper Frog"],"max_hp_gain":0,"max_hp_loss":0,"event_name":"Scrap Ooze","floor":7,"gold_loss":0}],"is_beta":false,"boss_relics":[{"not_picked":["Fusion Hammer","Cursed Key"],"picked":"White Beast Statue"}],"items_purged_floors":[13],"is_endless":false,"potions_floor_spawned":[3,10,14,18,20],"killed_by":"Shelled Parasite and Fungi","ascension_level":0}