{"gold_per_floor":[115,42,53,53,69,69,107,120,120,143,143,221,245,261,261,381,381,381,381,381,381,381,381,381,159,159,159,159,159,159,159,159,159,159,159,59,4,4,4,4,4,4,4,4,4,4,4,4,4,4],"floor_reached":51,"playtime":1628,"items_purged":["Defend_G","Defend_G"],"score":778,"play_id":"e05b406e-f7f4-4f3e-a80b-19dd1a8cbc8a","local_time":"20180815012938","is_ascension_mode":true,"campfire_choices":[{"data":"Finisher","floor":6,"key":"SMITH"},{"data":"Blade Dance","floor":11,"key":"SMITH"},{"data":"Blade Dance","floor":15,"key":"SMITH"},{"data":"A Thousand Cuts","floor":23,"key":"SMITH"},{"data":"Blade Dance","floor":29,"key":"SMITH"},{"data":"Cloak And Dagger","floor":32,"key":"SMITH"},{"data":"Backstab","floor":40,"key":"SMITH"},{"data":"Adrenaline","floor":44,"key":"SMITH"},{"data":"Wraith Form v2","floor":47,"key":"SMITH"},{"floor":49,"key":"REST"}],"neow_cost":"NONE","seed_source_timestamp":812797689333594,"circlet_count":0,"master_deck":["Defend_G","Defend_G","Defend_G","Strike_G","Strike_G","Strike_G","Strike_G","Strike_G","Survivor","Neutralize","Backstab+1","Finisher+1","Blade Dance+1","Blade Dance+1","A Thousand Cuts+1","Endless Agony","Adrenaline+1","Blade Dance+1","Cloak And Dagger+1","Wraith Form v2+1"],"relics":["Ring of the Snake","Vajra","Bag of Preparation","Gremlin Horn","Ectoplasm","Pen Nib","Mercury Hourglass","Philosopher\u0027s Stone","Ice Cream","Orichalcum"],"potions_floor_usage":[16,16,16,33,42,50,50],"damage_taken":[{"damage":1,"enemies":"Small Slimes","floor":1,"turns":3},{"damage":0,"enemies":"Jaw Worm","floor":3,"turns":3},{"damage":0,"enemies":"Cultist","floor":5,"turns":2},{"damage":19,"enemies":"3 Sentries","floor":7,"turns":8},{"damage":6,"enemies":"3 Louse","floor":8,"turns":2},{"damage":0,"enemies":"2 Fungi Beasts","floor":10,"turns":1},{"damage":0,"enemies":"Lots of Slimes","floor":13,"turns":1},{"damage":0,"enemies":"Large Slime","floor":14,"turns":1},{"damage":26,"enemies":"Slime Boss","floor":16,"turns":6},{"damage":0,"enemies":"2 Thieves","floor":18,"turns":1},{"damage":0,"enemies":"3 Byrds","floor":19,"turns":2},{"damage":0,"enemies":"Sentry and Sphere","floor":21,"turns":2},{"damage":0,"enemies":"Snake Plant","floor":22,"turns":1},{"damage":0,"enemies":"3 Cultists","floor":24,"turns":3},{"damage":0,"enemies":"Cultist and Chosen","floor":27,"turns":2},{"damage":6,"enemies":"Centurion and Healer","floor":28,"turns":2},{"damage":0,"enemies":"Sentry and Sphere","floor":31,"turns":1},{"damage":51,"enemies":"Champ","floor":33,"turns":7},{"damage":0,"enemies":"Orb Walker","floor":35,"turns":1},{"damage":3,"enemies":"3 Darklings","floor":39,"turns":2},{"damage":0,"enemies":"Spire Growth","floor":41,"turns":1},{"damage":23,"enemies":"Transient","floor":42,"turns":5},{"damage":0,"enemies":"4 Shapes","floor":45,"turns":3},{"damage":6,"enemies":"Snecko and Mystics","floor":48,"turns":2},{"damage":47,"enemies":"Donu and Deca","floor":50,"turns":7}],"seed_played":"8211571360384631686","potions_obtained":[{"floor":1,"key":"Swift Potion"},{"floor":5,"key":"Dexterity Potion"},{"floor":10,"key":"FearPotion"},{"floor":14,"key":"Strength Potion"},{"floor":24,"key":"Dexterity Potion"},{"floor":27,"key":"Block Potion"},{"floor":28,"key":"SteroidPotion"},{"floor":39,"key":"SkillPotion"},{"floor":41,"key":"Regen Potion"}],"is_trial":false,"path_per_floor":["M","$","M","?","M","R","E","M","T","M","R","?","M","M","R","B",null,"M","M","?","M","M","R","M","$","T","M","M","R","?","M","R","B",null,"M","$","?","$","M","R","M","M","T","R","M","?","R","M","R","B"],"character_chosen":"THE_SILENT","items_purchased":["Finisher","Pen Nib"],"campfire_rested":1,"item_purchase_floors":[2,25],"current_hp_per_floor":[69,69,69,52,52,52,33,27,27,27,27,27,27,27,27,1,70,70,70,70,70,70,70,70,70,70,70,64,64,64,64,64,13,70,70,70,70,70,67,67,67,44,44,44,44,44,44,38,59,27],"gold":4,"neow_bonus":"RANDOM_COMMON_RELIC","is_prod":false,"is_daily":false,"chose_seed":false,"campfire_upgraded":9,"win_rate":0,"timestamp":1534310978,"path_taken":["M","$","M","?","?","R","E","M","T","M","R","?","M","?","R","BOSS","M","M","?","M","M","R","M","$","T","?","M","R","?","M","R","BOSS","M","$","?","$","M","R","M","M","T","R","M","?","R","M","R","BOSS"],"build_version":"2018-08-13v2","purchased_purges":2,"victory":true,"max_hp_per_floor":[70,70,70,70,70,70,70,70,70,70,70,70,70,70,70,70,70,70,70,70,70,70,70,70,70,70,70,70,70,70,70,70,70,70,70,70,70,70,70,70,70,70,70,70,70,70,70,70,70,70],"card_choices":[{"not_picked":["Cloak And Dagger","Dagger Throw"],"picked":"Backstab","floor":1},{"not_picked":["Deflect","Heel Hook"],"picked":"Blade Dance","floor":3},{"not_picked":["Underhanded Strike","Finisher"],"picked":"Blade Dance","floor":5},{"not_picked":["Quick Slash","Heel Hook"],"picked":"A Thousand Cuts","floor":7},{"not_picked":["Calculated Gamble","Catalyst","Dagger Throw"],"picked":"SKIP","floor":8},{"not_picked":["Noxious Fumes","Outmaneuver"],"picked":"Endless Agony","floor":10},{"not_picked":["Bouncing Flask","Reflex","Poisoned Stab"],"picked":"SKIP","floor":13},{"not_picked":["Noxious Fumes","Crippling Poison","Quick Slash"],"picked":"SKIP","floor":14},{"not_picked":["A Thousand Cuts","Malaise"],"picked":"Adrenaline","floor":16},{"not_picked":["Sucker Punch","Dodge and Roll+1"],"picked":"Blade Dance","floor":18},{"not_picked":["Skewer","Catalyst","Quick Slash"],"picked":"SKIP","floor":19},{"not_picked":["Concentrate","Dodge and Roll","Prepared"],"picked":"SKIP","floor":21},{"not_picked":["Wraith Form v2","Riddle With Holes","Outmaneuver"],"picked":"SKIP","floor":22},{"not_picked":["Outmaneuver","Quick Slash+1","Masterful Stab"],"picked":"SKIP","floor":24},{"not_picked":["Bane","Flying Knee+1","Acrobatics"],"picked":"SKIP","floor":27},{"not_picked":["Bane","Infinite Blades","Catalyst"],"picked":"SKIP","floor":28},{"not_picked":["Prepared","Underhanded Strike","Acrobatics+1"],"picked":"SKIP","floor":31},{"not_picked":["Expertise+1","Acrobatics","Masterful Stab"],"picked":"SKIP","floor":35},{"not_picked":["Dodge and Roll","Caltrops+1","Terror"],"picked":"SKIP","floor":39},{"not_picked":["Dagger Spray+1","Deflect+1","Poisoned Stab+1"],"picked":"SKIP","floor":41},{"not_picked":["Tactician+1","Flying Knee","Prepared+1"],"picked":"SKIP","floor":42},{"not_picked":["Poisoned Stab","Wraith Form v2","Blur+1"],"picked":"SKIP","floor":45},{"not_picked":["Poisoned Stab","Blur+1"],"picked":"Wraith Form v2","floor":45},{"not_picked":["Blade Dance","Masterful Stab+1","Flying Knee+1"],"picked":"SKIP","floor":48}],"player_experience":864874,"relics_obtained":[{"floor":7,"key":"Bag of Preparation"},{"floor":9,"key":"Gremlin Horn"},{"floor":26,"key":"Mercury Hourglass"},{"floor":43,"key":"Orichalcum"}],"event_choices":[{"event_name":"Golden Idol","player_choice":"Take Damage","floor":4,"damage_taken":0},{"event_name":"Golden Wing","player_choice":"Gained Gold","floor":12,"damage_taken":0},{"event_name":"The Library","player_choice":"Read","floor":20,"damage_taken":0},{"event_name":"Ghosts","player_choice":"Ignored","floor":30,"damage_taken":0},{"event_name":"WeMeetAgain","player_choice":"Gold","floor":37,"damage_taken":0},{"event_name":"The Moai Head","player_choice":"Gave Idol","floor":46,"damage_taken":0}],"is_beta":true,"boss_relics":[{"not_picked":["Fusion Hammer","Velvet Choker"],"picked":"Ectoplasm"},{"not_picked":["Runic Pyramid","Sozu"],"picked":"Philosopher\u0027s Stone"}],"items_purged_floors":[25,36],"is_endless":false,"potions_floor_spawned":[1,5,10,14,24,27,28,39,41],"ascension_level":4}