{"path_per_floor":["M","M","M","M","M","R","?","?","T","R","$","?","R","$","R","B",null,"M","M","?","M","M","R","E","T","T","M"],"character_chosen":"IRONCLAD","items_purchased":["Pen Nib"],"gold_per_floor":[119,138,157,173,186,186,211,211,211,211,66,66,66,66,66,170,170,183,195,195,205,224,224,254,304,328,348],"floor_reached":28,"campfire_rested":2,"playtime":961,"current_hp_per_floor":[80,80,80,76,69,69,64,64,64,64,64,64,80,80,80,35,80,72,71,47,35,18,42,8,8,8,11],"items_purged":[],"gold":348,"score":230,"play_id":"ec1a5cc5-0cc5-4503-9df2-1bff2a6521ff","is_prod":false,"is_daily":false,"is_ascension_mode":false,"campfire_upgraded":3,"path_taken":["BOSS","M","M","?","M","?","R","?","?","T","R","$","?","R","?","R","BOSS","M","M","?","M","M","R","E","?","T","M","M"],"build_version":"2018-02-22-PROD1","purchased_purges":0,"victory":false,"master_deck":["Strike_R","Strike_R","Strike_R","Strike_R","Strike_R","Defend_R","Defend_R","Defend_R","Defend_R+1","Bash+1","Clash","Flex+1","Hemokinesis+1","Cleave","Twin Strike","Twin Strike","Reaper","Rage+1","Searing Blow","Flash of Steel","Swift Strike","Twin Strike","Pommel Strike","Seeing Red+1","Havoc"],"max_hp_per_floor":[80,80,80,80,80,80,80,80,80,80,80,80,80,80,80,80,80,80,80,80,80,80,80,80,80,80,80],"relics":["Burning Blood","Odd Mushroom","Mummified Hand","Pen Nib","Runic Dome","War Paint","Anchor","Regal Pillow"],"card_choices":[{"not_picked":["Clothesline","Sentinel"],"picked":"Clash"},{"not_picked":["Disarm","Thunderclap"],"picked":"Flex"},{"not_picked":["Armaments","Shrug It Off"],"picked":"Hemokinesis"},{"not_picked":["Perfected Strike","Feel No Pain"],"picked":"Cleave"},{"not_picked":["Power Through","Clothesline"],"picked":"Twin Strike"},{"not_picked":["Shrug It Off","Metallicize"],"picked":"Twin Strike"},{"not_picked":["Fiend Fire","Limit Break"],"picked":"Reaper"},{"not_picked":["Havoc","Iron Wave"],"picked":"Rage"},{"not_picked":["Twin Strike","True Grit"],"picked":"Searing Blow"},{"not_picked":["Shrug It Off","Warcry"],"picked":"Twin Strike"},{"not_picked":["True Grit","Wild Strike"],"picked":"Pommel Strike"},{"not_picked":["Reckless Charge","Infernal Blade"],"picked":"Seeing Red"},{"not_picked":["Demon Form","Body Slam"],"picked":"Havoc"}],"player_experience":106074,"potions_floor_usage":[22,27,27],"damage_taken":[{"damage":6,"enemies":"Cultist","floor":1,"turns":3},{"damage":5,"enemies":"2 Louse","floor":2,"turns":4},{"damage":0,"enemies":"Small Slimes","floor":3,"turns":3},{"damage":10,"enemies":"Blue Slaver","floor":4,"turns":3},{"damage":13,"enemies":"2 Fungi Beasts","floor":5,"turns":3},{"damage":11,"enemies":"The Mushroom Lair","floor":7,"turns":3},{"damage":51,"enemies":"Slime Boss","floor":16,"turns":9},{"damage":14,"enemies":"Shell Parasite","floor":18,"turns":3},{"damage":7,"enemies":"2 Thieves","floor":19,"turns":3},{"damage":30,"enemies":"Centurion and Healer","floor":21,"turns":4},{"damage":36,"enemies":"Snake Plant","floor":22,"turns":4},{"damage":52,"enemies":"Book of Stabbing","floor":24,"turns":5},{"damage":12,"enemies":"Sentry and Sphere","floor":27,"turns":4},{"damage":32,"enemies":"Cultist and Chosen","floor":28,"turns":6}],"event_choices":[{"event_name":"Mushrooms","player_choice":"Fought Mushrooms","floor":7,"damage_taken":0},{"event_name":"Liars Game","player_choice":"disagreed","floor":8,"damage_taken":0},{"event_name":"The Lab","player_choice":"Got Potions","floor":12,"damage_taken":0},{"event_name":"Knowing Skull","player_choice":"CARD CARD ","floor":20,"damage_taken":0}],"boss_relics":[{"not_picked":["Snecko Eye","Runic Pyramid"],"picked":"Runic Dome"}],"potions_floor_spawned":[2,3,7,16,19,21],"seed_played":"8978020183141122553","killed_by":"Cultist and Chosen","ascension_level":0,"is_trial":false}