{"path_per_floor":["M","?","$","?","M","E","R","E","T","?","M","?","$","M","R","B",null,"M","?","$","?","M","R","M","R","T","M","R","M","?","$","R","B",null,"M","M","?","$","?","R","E","R","T","M"],"character_chosen":"IRONCLAD","items_purchased":["Whirlwind","Limit Break","Entrench"],"gold_per_floor":[110,110,34,34,51,80,80,110,137,137,155,155,13,25,25,127,127,141,141,41,41,60,60,78,78,78,91,91,109,109,40,40,138,138,158,172,172,47,47,47,75,75,151,166],"floor_reached":45,"campfire_rested":3,"playtime":1817,"current_hp_per_floor":[80,85,85,85,85,85,85,62,62,62,68,68,68,74,74,39,85,85,85,85,69,72,72,74,74,74,75,75,72,56,56,83,57,90,90,59,59,59,59,86,42,69,69,75],"items_purged":["Strike_R","Combust","Bash"],"gold":166,"score":449,"play_id":"1ea46da1-d4a3-4da5-8e15-e609e49b9abf","is_prod":false,"is_daily":false,"is_ascension_mode":false,"campfire_upgraded":5,"path_taken":["M","?","$","?","M","E","R","E","T","?","?","?","?","M","R","BOSS","M","?","$","?","M","R","M","R","T","M","R","?","?","$","R","BOSS","M","M","?","$","?","R","E","R","T","M","M"],"build_version":"2018-02-22-PROD2","purchased_purges":3,"victory":false,"master_deck":["Body Slam+1","Whirlwind+1","Evolve","Inflame","Limit Break+1","Searing Blow+1","Power Through","True Grit+1","Warcry","Spot Weakness","Disarm+1","Pommel Strike+1","Entrench","Berserk"],"max_hp_per_floor":[80,85,85,85,85,85,85,85,85,85,85,85,85,85,85,85,85,85,85,85,85,85,85,85,85,85,85,85,85,90,90,90,90,90,90,90,90,90,90,90,90,90,90,90],"relics":["Burning Blood","NeowsBlessing","Pen Nib","Orichalcum","Anchor","Pandora\u0027s Box","Enchiridion","Champion Belt","Philosopher\u0027s Stone","Paper Frog","Toolbox"],"card_choices":[{"not_picked":["Metallicize","Perfected Strike"],"picked":"Body Slam"},{"not_picked":["Armaments","Body Slam"],"picked":"Evolve"},{"not_picked":["Second Wind","Bloodletting"],"picked":"Inflame"},{"not_picked":["Headbutt","Warcry"],"picked":"Disarm"},{"not_picked":["Havoc","Warcry"],"picked":"Pommel Strike"},{"not_picked":["Bludgeon","Fiend Fire"],"picked":"Berserk"}],"player_experience":153435,"potions_floor_usage":[],"damage_taken":[{"damage":0,"enemies":"2 Louse","floor":1,"turns":1},{"damage":0,"enemies":"Small Slimes","floor":5,"turns":1},{"damage":0,"enemies":"Gremlin Nob","floor":6,"turns":1},{"damage":29,"enemies":"3 Sentries","floor":8,"turns":12},{"damage":0,"enemies":"Cultist","floor":11,"turns":3},{"damage":0,"enemies":"Blue Slaver","floor":14,"turns":2},{"damage":41,"enemies":"The Guardian","floor":16,"turns":9},{"damage":0,"enemies":"Chosen","floor":18,"turns":5},{"damage":3,"enemies":"3 Byrds","floor":22,"turns":3},{"damage":4,"enemies":"Cultist and Chosen","floor":24,"turns":4},{"damage":5,"enemies":"Sentry and Sphere","floor":27,"turns":5},{"damage":9,"enemies":"Centurion and Healer","floor":29,"turns":5},{"damage":32,"enemies":"Champ","floor":33,"turns":8},{"damage":0,"enemies":"3 Shapes","floor":35,"turns":2},{"damage":37,"enemies":"3 Darklings","floor":36,"turns":3},{"damage":50,"enemies":"Nemesis","floor":41,"turns":7},{"damage":0,"enemies":"Maw","floor":44,"turns":6},{"damage":82,"enemies":"Sphere and 2 Shapes","floor":45,"turns":4}],"event_choices":[{"event_name":"Big Fish","player_choice":"Donut","floor":2,"damage_taken":0},{"event_name":"Purifier","player_choice":"One Purge","floor":4,"damage_taken":0},{"event_name":"The Woman in Blue","player_choice":"Bought 0 Potions","floor":10,"damage_taken":0},{"event_name":"Living Wall","player_choice":"Grow","floor":12,"damage_taken":0},{"event_name":"The Lab","player_choice":"Got Potions","floor":19,"damage_taken":0},{"event_name":"Cursed Tome","player_choice":"Obtained Book","floor":21,"damage_taken":0},{"event_name":"Forgotten Altar","player_choice":"Shed Blood","floor":30,"damage_taken":0},{"event_name":"Mysterious Sphere","player_choice":"Ignore","floor":37,"damage_taken":0}],"boss_relics":[{"not_picked":["White Beast Statue","Runic Cube"],"picked":"Pandora\u0027s Box"},{"not_picked":["Black Blood","Calling Bell"],"picked":"Philosopher\u0027s Stone"}],"potions_floor_spawned":[1,5,16,27,35],"seed_played":"-1178303575592827013","killed_by":"Sphere and 2 Shapes","ascension_level":0,"is_trial":false}