{"path_per_floor":["M","M","$","M","M","R","M","R","T","R","E","?","?","T","R"],"character_chosen":"IRONCLAD","items_purchased":["Offering","Trip"],"gold_per_floor":[214,224,43,63,77,77,89,89,89,89,123,123,298,323,323,323],"floor_reached":16,"campfire_rested":0,"playtime":865,"current_hp_per_floor":[77,80,80,74,74,74,76,76,76,76,58,38,38,38,38,0],"items_purged":[],"gold":323,"score":140,"play_id":"0b7109fb-188d-4b49-852d-b31dd17866fd","local_time":"20180418174436","is_prod":false,"is_daily":false,"chose_seed":false,"is_ascension_mode":true,"campfire_upgraded":4,"timestamp":1524098676,"path_taken":["M","M","?","M","M","R","M","R","T","R","E","?","?","?","R","BOSS"],"build_version":"2018-04-12","seed_source_timestamp":27159436405818,"purchased_purges":0,"victory":false,"master_deck":["Strike_R","Strike_R","Strike_R","Strike_R","Strike_R","Defend_R","Defend_R","Defend_R","Defend_R","Bash","Thunderclap","Pommel Strike","Offering+1","Trip+1","Havoc+1","Pommel Strike","Cleave","Bludgeon+1","Doubt","Metallicize"],"max_hp_per_floor":[80,80,80,80,80,80,80,80,80,80,80,80,80,80,80,80],"relics":["Burning Blood","Charon\u0027s Ashes","Prayer Wheel","Golden Idol","Anchor"],"card_choices":[{"not_picked":["Heavy Blade","Clothesline"],"picked":"Thunderclap","floor":1},{"not_picked":["Perfected Strike","Heavy Blade"],"picked":"Pommel Strike","floor":2},{"not_picked":["Rampage","Flex"],"picked":"Havoc","floor":4},{"not_picked":["Headbutt","Clothesline"],"picked":"Pommel Strike","floor":5},{"not_picked":["Pommel Strike","Sword Boomerang"],"picked":"Cleave","floor":7},{"not_picked":["Thunderclap","Uppercut"],"picked":"Bludgeon","floor":11},{"not_picked":["Headbutt","Combust"],"picked":"Metallicize","floor":14}],"player_experience":371184,"potions_floor_usage":[16,16],"damage_taken":[{"damage":1,"enemies":"Cultist","floor":1,"turns":3},{"damage":3,"enemies":"2 Louse","floor":2,"turns":3},{"damage":12,"enemies":"Small Slimes","floor":4,"turns":2},{"damage":6,"enemies":"3 Louse","floor":5,"turns":2},{"damage":4,"enemies":"Large Slime","floor":7,"turns":4},{"damage":24,"enemies":"Lagavulin","floor":11,"turns":3},{"damage":39,"enemies":"The Guardian","floor":16,"turns":4}],"event_choices":[{"event_name":"Golden Idol","player_choice":"Take Damage","floor":12,"damage_taken":0},{"event_name":"Liars Game","player_choice":"agreed","floor":13,"damage_taken":0}],"boss_relics":[],"potions_floor_spawned":[4,7,11],"seed_played":"-4264989681997753949","killed_by":"The Guardian","ascension_level":8,"is_trial":false}