{"gold_per_floor":[114,114,114,129,51,81,81,111,136,151,181,196,196,211,211,311,311,326,341,341,356,75,75,90,120,170,200,200,230,230,260,260,360,360,375,375,675,292,307,337,32,62,87,117,132,162,177,177,177,177],"floor_reached":51,"playtime":6213,"items_purged":["After Image+1"],"score":1111,"play_id":"f83972d9-2eb4-429d-9d49-5b8fde170a55","local_time":"20180901032609","daily_mods":["Specialized","Elite Swarm","Night Terrors"],"is_ascension_mode":false,"campfire_choices":[{"data":"Venomology","floor":7,"key":"SMITH"},{"data":"Adrenaline","floor":13,"key":"SMITH"},{"data":"Adrenaline","floor":15,"key":"SMITH"},{"data":"Apotheosis","floor":23,"key":"SMITH"},{"data":"Bullet Time","floor":28,"key":"SMITH"},{"data":"Backflip","floor":30,"key":"SMITH"},{"data":"Dash","floor":32,"key":"SMITH"},{"data":"Mind Blast","floor":49,"key":"SMITH"}],"neow_cost":"","seed_source_timestamp":0,"circlet_count":0,"master_deck":["Survivor","Neutralize","Venomology","Venomology","Venomology","Venomology","Venomology+1","Dash+1","Flying Knee","Backflip+1","Quick Slash","Corpse Explosion","Adrenaline+1","Acrobatics","Adrenaline+1","Setup","Bullet Time+1","Prepared","Underhanded Strike","PiercingWail","Skewer","Dagger Throw","Slice","Quick Slash","Dagger Throw","Dodge and Roll","Deflect","Well Laid Plans","Skewer+1","Poisoned Stab","Apotheosis+1","Blur","Dodge and Roll+1","Glass Knife","Corpse Explosion","Doppelganger+1","Night Terror+1","PiercingWail+1","Secret Technique+1","Tactician+1","Dagger Throw","Distraction+1","Phantasmal Killer+1","Adrenaline+1","Backflip+1","Dark Shackles+1","Burst+1","Night Terror+1","A Thousand Cuts+1","Master of Strategy+1","Mind Blast+1","Impatience+1"],"special_seed":17774,"relics":["Ring of the Snake","Question Card","Pear","The Specimen","Vajra","Blood Vial","Pandora\u0027s Box","Art of War","Oddly Smooth Stone","Frozen Egg 2","Toxic Egg 2","Snake Skull","Orichalcum","Old Coin","Dream Catcher","Omamori","Centennial Puzzle","Lantern","Blue Candle"],"potions_floor_usage":[1,1,1,1,4,4,4,6,6,6,6,8,8,8,8,8,8,11,11,11,11,11,11,11,16,16,16,16,16,18,24,25,25,25,25,25,25,29,29,29,29,31,31,31,33,33,33,33,33,33,33,35,35,40,40,40,40,40,40,42,42,42,42,42,44,44,44,44,45,45,46,46,46,47,47,47,47,50,50,50,50,50,50,50,50,50,50],"damage_taken":[{"damage":14,"enemies":"2 Louse","floor":1,"turns":2},{"damage":1,"enemies":"Small Slimes","floor":4,"turns":4},{"damage":1,"enemies":"Lagavulin","floor":6,"turns":5},{"damage":18,"enemies":"3 Sentries","floor":8,"turns":6},{"damage":0,"enemies":"Cultist","floor":10,"turns":3},{"damage":0,"enemies":"Lagavulin","floor":11,"turns":6},{"damage":9,"enemies":"2 Fungi Beasts","floor":12,"turns":3},{"damage":1,"enemies":"Gremlin Gang","floor":14,"turns":3},{"damage":40,"enemies":"The Guardian","floor":16,"turns":10},{"damage":8,"enemies":"2 Thieves","floor":18,"turns":2},{"damage":1,"enemies":"3 Byrds","floor":19,"turns":2},{"damage":0,"enemies":"Cultist and Chosen","floor":21,"turns":3},{"damage":2,"enemies":"Snake Plant","floor":24,"turns":5},{"damage":0,"enemies":"Gremlin Leader","floor":25,"turns":3},{"damage":27,"enemies":"Slavers","floor":27,"turns":2},{"damage":2,"enemies":"Book of Stabbing","floor":29,"turns":4},{"damage":2,"enemies":"Gremlin Leader","floor":31,"turns":5},{"damage":41,"enemies":"Automaton","floor":33,"turns":7},{"damage":0,"enemies":"Orb Walker","floor":35,"turns":3},{"damage":6,"enemies":"3 Shapes","floor":39,"turns":2},{"damage":0,"enemies":"Nemesis","floor":40,"turns":7},{"damage":0,"enemies":"Giant Head","floor":42,"turns":6},{"damage":1,"enemies":"Nemesis","floor":44,"turns":7},{"damage":0,"enemies":"3 Darklings","floor":45,"turns":2},{"damage":6,"enemies":"2 Orb Walkers","floor":46,"turns":3},{"damage":0,"enemies":"Maw","floor":47,"turns":5},{"damage":0,"enemies":"Donu and Deca","floor":50,"turns":6}],"seed_played":"-8244340238949798716","potions_obtained":[{"floor":1,"key":"Poison Potion"},{"floor":4,"key":"Strength Potion"},{"floor":6,"key":"Regen Potion"},{"floor":11,"key":"EssenceOfSteel"},{"floor":27,"key":"SkillPotion"},{"floor":29,"key":"GhostInAJar"},{"floor":31,"key":"Swift Potion"},{"floor":33,"key":"Block Potion"},{"floor":39,"key":"Swift Potion"},{"floor":40,"key":"Fire Potion"},{"floor":46,"key":"Weak Potion"}],"is_trial":false,"path_per_floor":["M","?","?","M","$","E","R","E","T","M","E","M","R","M","R","B",null,"M","M","?","M","$","R","M","E","T","E","R","E","R","E","R","B",null,"M","T","T","$","M","E","$","E","T","E","M","E","M","?","R","B"],"character_chosen":"THE_SILENT","items_purchased":["Backflip","Quick Slash","Apotheosis","Blur","Secret Technique+1","Tactician+1","Dagger Throw","Adrenaline+1","Backflip+1","Dark Shackles+1"],"campfire_rested":0,"item_purchase_floors":[5,5,22,22,38,38,38,41,41,41],"current_hp_per_floor":[56,53,70,69,69,78,78,72,72,72,72,65,65,66,66,43,80,72,73,73,75,75,75,75,77,77,52,52,52,52,52,52,13,80,80,80,80,80,74,76,76,78,78,79,80,74,76,66,66,77],"gold":177,"neow_bonus":"","is_prod":false,"is_daily":true,"chose_seed":false,"campfire_upgraded":8,"win_rate":0.0,"timestamp":1535765169,"path_taken":["M","?","?","M","$","E","R","E","T","M","E","M","R","M","R","BOSS","M","?","?","?","$","R","M","E","T","E","R","E","R","E","R","BOSS","M","?","?","$","?","E","$","E","T","E","M","E","M","?","R","BOSS"],"build_version":"2018-08-30","purchased_purges":1,"victory":true,"max_hp_per_floor":[70,70,70,70,70,80,80,80,80,80,80,80,80,80,80,80,80,80,80,80,80,80,80,80,80,80,80,80,80,80,80,80,80,80,80,80,80,80,80,80,80,80,80,80,80,80,80,80,80,80],"card_choices":[{"not_picked":["Flechettes","Blade Dance"],"picked":"Dash","floor":1},{"not_picked":["Deflect","Finisher","Crippling Poison"],"picked":"Flying Knee","floor":4},{"not_picked":["A Thousand Cuts","Envenom","Venomology"],"picked":"Corpse Explosion","floor":6},{"not_picked":["Night Terror","Unload","Burst"],"picked":"Adrenaline","floor":8},{"not_picked":["Backflip","Concentrate","Sucker Punch"],"picked":"Acrobatics","floor":10},{"not_picked":["Tools of the Trade","A Thousand Cuts","Die Die Die"],"picked":"Adrenaline","floor":11},{"not_picked":["Sucker Punch","Prepared","Underhanded Strike","Cloak And Dagger"],"picked":"SKIP","floor":12},{"not_picked":["Catalyst","Flying Knee","Sucker Punch"],"picked":"Setup","floor":14},{"not_picked":["Envenom","Wraith Form v2","Burst"],"picked":"Bullet Time","floor":16},{"not_picked":["Blade Dance","Infinite Blades","Acrobatics+1"],"picked":"Well Laid Plans","floor":18},{"not_picked":["Distraction","Dagger Throw","Accuracy+1"],"picked":"Skewer+1","floor":19},{"not_picked":["Catalyst","Concentrate+1","Blade Dance"],"picked":"Poisoned Stab","floor":21},{"not_picked":["Outmaneuver","Escape Plan","Reflex"],"picked":"Dodge and Roll+1","floor":24},{"not_picked":["Unload","Storm of Steel","Malaise"],"picked":"Glass Knife","floor":25},{"not_picked":["Venomology","Doppelganger","Die Die Die"],"picked":"Corpse Explosion","floor":27},{"not_picked":["Phantasmal Killer","Tools of the Trade+1","Corpse Explosion"],"picked":"Doppelganger","floor":29},{"not_picked":["Bullet Time+1","Corpse Explosion+1","Glass Knife"],"picked":"Night Terror+1","floor":31},{"not_picked":["Envenom+1","Malaise+1","Bullet Time+1"],"picked":"After Image+1","floor":33},{"not_picked":["Endless Agony","Backflip+1","Dagger Spray"],"picked":"PiercingWail+1","floor":35},{"not_picked":["Poisoned Stab","Masterful Stab","Dagger Throw+1"],"picked":"Distraction+1","floor":39},{"not_picked":["After Image+1","Venomology+1","Malaise+1"],"picked":"Phantasmal Killer+1","floor":40},{"not_picked":["Night Terror+1","A Thousand Cuts+1","Phantasmal Killer+1"],"picked":"Burst+1","floor":42},{"not_picked":["Corpse Explosion+1","Glass Knife","Grand Finale"],"picked":"Night Terror+1","floor":44},{"not_picked":["PiercingWail+1","Dodge and Roll+1","Dagger Spray","Cloak And Dagger+1"],"picked":"SKIP","floor":45},{"not_picked":["After Image+1","Die Die Die","Bullet Time+1"],"picked":"A Thousand Cuts+1","floor":46},{"not_picked":["Slice","Endless Agony","Quick Slash","Masterful Stab"],"picked":"SKIP","floor":47},{"not_picked":["The Bomb+1","Mind Blast","Forethought+1"],"picked":"Master of Strategy+1","floor":48},{"not_picked":["Secret Weapon+1","Flash of Steel","HandOfGreed"],"picked":"Mind Blast","floor":48},{"not_picked":["Bandage Up+1","Blind+1","Swift Strike"],"picked":"Impatience+1","floor":48}],"player_experience":82571,"relics_obtained":[{"floor":6,"key":"Pear"},{"floor":8,"key":"The Specimen"},{"floor":9,"key":"Vajra"},{"floor":11,"key":"Blood Vial"},{"floor":25,"key":"Art of War"},{"floor":26,"key":"Oddly Smooth Stone"},{"floor":27,"key":"Frozen Egg 2"},{"floor":29,"key":"Toxic Egg 2"},{"floor":31,"key":"Snake Skull"},{"floor":36,"key":"Orichalcum"},{"floor":37,"key":"Old Coin"},{"floor":40,"key":"Dream Catcher"},{"floor":42,"key":"Omamori"},{"floor":43,"key":"Centennial Puzzle"},{"floor":44,"key":"Lantern"},{"floor":46,"key":"Blue Candle"}],"event_choices":[{"event_name":"Scrap Ooze","player_choice":"success","floor":2,"damage_taken":3},{"event_name":"Wheel of Change","player_choice":"Full Heal","floor":3,"damage_taken":0},{"event_name":"Beggar","player_choice":"Ignored","floor":20,"damage_taken":0},{"event_name":"SensoryStone","player_choice":"Memory 3","floor":48,"damage_taken":0}],"is_beta":false,"boss_relics":[{"not_picked":["Velvet Choker","Astrolabe"],"picked":"Pandora\u0027s Box"},{"not_picked":["HoveringKite","Philosopher\u0027s Stone","Snecko Eye"]}],"items_purged_floors":[38],"is_endless":false,"potions_floor_spawned":[1,4,6,11,14,27,29,31,33,39,40,46],"ascension_level":0}