{"gold_per_floor":[109,128,303,253,253,286,286,286,311,311,327,81,81,113,113,214,214,225,244,261,176,190,190,190],"floor_reached":24,"playtime":2557,"items_purged":[],"score":204,"play_id":"4a9b0b49-4df8-4397-8377-5e99897cdc56","local_time":"20190911162909","is_ascension_mode":false,"campfire_choices":[{"floor":7,"key":"REST"},{"floor":10,"key":"REST"},{"data":"Strike_R","floor":13,"key":"SMITH"},{"floor":15,"key":"REST"},{"floor":23,"key":"REST"}],"neow_cost":"","seed_source_timestamp":44495715521600,"circlet_count":0,"master_deck":["Strike_R+1","Strike_R","Strike_R","Strike_R","Strike_R","Defend_R","Defend_R","Defend_R","Defend_R","Bash","Warcry","Power Through","Regret","Reaper+1","Thunderclap+1","Anger+1","Dramatic Entrance+1","Warcry","Ghostly Armor","Bloodletting+1","Berserk","Twin Strike+1","Perfected Strike+1","Metallicize+1","Perfected Strike+1"],"relics":["Burning Blood","Molten Egg 2","Oddly Smooth Stone","Vajra","Toxic Egg 2","Runic Cube","Letter Opener"],"potions_floor_usage":[6,24,24],"damage_taken":[{"damage":5,"enemies":"Cultist","floor":1,"turns":4},{"damage":8,"enemies":"Small Slimes","floor":2,"turns":3},{"damage":67,"enemies":"3 Sentries","floor":6,"turns":16},{"damage":13,"enemies":"2 Louse","floor":11,"turns":4},{"damage":30,"enemies":"Gremlin Nob","floor":14,"turns":4},{"damage":65,"enemies":"The Guardian","floor":16,"turns":13},{"damage":37,"enemies":"Shell Parasite","floor":18,"turns":6},{"damage":20,"enemies":"Spheric Guardian","floor":19,"turns":4},{"damage":20,"enemies":"Chosen and Byrds","floor":20,"turns":6},{"damage":34,"enemies":"Centurion and Healer","floor":22,"turns":5},{"damage":52,"enemies":"Book of Stabbing","floor":24,"turns":4}],"seed_played":"1514512741874217006","potions_obtained":[{"floor":1,"key":"SpeedPotion"},{"floor":2,"key":"SkillPotion"},{"floor":6,"key":"PowerPotion"},{"floor":19,"key":"Strength Potion"},{"floor":20,"key":"Dexterity Potion"}],"is_trial":false,"path_per_floor":["M","M","?","?","?","E","R","?","T","R","M","$","R","E","R","B",null,"M","M","M","?","M","R","E"],"character_chosen":"IRONCLAD","items_purchased":["Anger+1","Dramatic Entrance+1","Warcry","Ghostly Armor"],"campfire_rested":4,"item_purchase_floors":[12,12,12,12],"current_hp_per_floor":[80,78,78,78,78,17,41,41,41,65,64,64,64,46,70,17,80,58,44,39,39,17,41,0],"gold":190,"neow_bonus":"","is_prod":false,"is_daily":false,"chose_seed":false,"campfire_upgraded":1,"win_rate":0.0,"timestamp":1568212149,"path_taken":["M","M","?","?","?","E","R","?","T","R","M","$","R","E","R","BOSS","M","M","M","?","M","R","E"],"build_version":"2019-07-17","purchased_purges":0,"victory":false,"max_hp_per_floor":[80,80,80,80,80,80,80,80,80,80,80,80,80,80,80,80,80,80,80,80,80,80,80,80],"card_choices":[{"not_picked":["Pummel","Flex"],"picked":"Warcry","floor":1},{"not_picked":["Disarm","Body Slam"],"picked":"Power Through","floor":2},{"not_picked":["Armaments","Clash+1"],"picked":"Reaper+1","floor":6},{"not_picked":["Inflame","Rupture"],"picked":"Thunderclap+1","floor":11},{"not_picked":["Sever Soul+1","Reckless Charge+1"],"picked":"Bloodletting","floor":14},{"not_picked":["Brutality","Impervious+1"],"picked":"Berserk","floor":16},{"not_picked":["Shrug It Off+1","Cleave+1"],"picked":"Twin Strike+1","floor":18},{"not_picked":["Flex+1","True Grit+1"],"picked":"Perfected Strike+1","floor":19},{"not_picked":["Bloodletting+1","True Grit+1"],"picked":"Metallicize+1","floor":20},{"not_picked":["Twin Strike+1","Body Slam+1"],"picked":"Perfected Strike+1","floor":22}],"player_experience":0,"relics_obtained":[{"floor":6,"key":"Oddly Smooth Stone"},{"floor":9,"key":"Vajra"},{"floor":14,"key":"Toxic Egg 2"}],"event_choices":[{"damage_healed":0,"gold_gain":175,"player_choice":"AGREE","damage_taken":0,"max_hp_gain":0,"max_hp_loss":0,"event_name":"Liars Game","floor":3,"gold_loss":0,"cards_obtained":["Doubt"]},{"cards_removed":["Doubt"],"damage_healed":0,"gold_gain":0,"player_choice":"Card Removal","damage_taken":0,"max_hp_gain":0,"max_hp_loss":0,"event_name":"The Cleric","floor":4,"gold_loss":50},{"damage_healed":0,"gold_gain":0,"player_choice":"Box","damage_taken":0,"relics_obtained":["Molten Egg 2"],"max_hp_gain":0,"max_hp_loss":0,"event_name":"Big Fish","floor":5,"gold_loss":0,"cards_obtained":["Regret"]},{"damage_healed":0,"gold_gain":0,"player_choice":"Ignored","damage_taken":0,"max_hp_gain":0,"max_hp_loss":0,"event_name":"Golden Idol","floor":8,"gold_loss":0},{"damage_healed":0,"gold_gain":0,"player_choice":"Obtained Relic","damage_taken":0,"relics_obtained":["Letter Opener"],"max_hp_gain":0,"max_hp_loss":0,"event_name":"Addict","floor":21,"gold_loss":85}],"is_beta":false,"boss_relics":[{"not_picked":["Tiny House","Busted Crown"],"picked":"Runic Cube"}],"items_purged_floors":[],"is_endless":false,"potions_floor_spawned":[1,2,6,19,20],"killed_by":"Book of Stabbing","ascension_level":0}