{"gold_per_floor":[117,131,23,198,198,198,238,163,217,217,250,250,250,273,273,403,403,421,437,95,95,114,155,173,173,198,221,242,34,34,57,57,57],"floor_reached":33,"playtime":2391,"items_purged":["Doubt","Strike_G"],"score":275,"play_id":"ed3e790d-460e-4163-ba62-19b9e57294b4","local_time":"20190912003645","is_ascension_mode":false,"campfire_choices":[{"data":"Noxious Fumes","floor":6.0,"key":"SMITH"},{"data":"Distraction","floor":10.0,"key":"SMITH"},{"floor":12.0,"key":"REST"},{"data":"Crippling Poison","floor":15.0,"key":"SMITH"},{"data":"Crippling Poison","floor":25,"key":"SMITH"},{"floor":32,"key":"REST"}],"neow_cost":"TEN_PERCENT_HP_LOSS","seed_source_timestamp":0,"circlet_count":0,"master_deck":["Strike_G","Strike_G","Strike_G","Strike_G","Defend_G","Defend_G","Defend_G+1","Defend_G","Defend_G","Survivor+1","Neutralize","Glass Knife","Acrobatics","Poisoned Stab","Noxious Fumes+1","Crippling Poison+1","Injury","Distraction+1","Crippling Poison+1","Backstab","Die Die Die","Deadly Poison","Footwork+1","Bane+1","Well Laid Plans+1","Dodge and Roll+1","Blur","Escape Plan"],"special_seed":0,"relics":["Ring of the Snake","Golden Idol","Ninja Scroll","Anchor","War Paint","Eternal Feather","Bottled Flame","Pantograph","Unceasing Top","Smiling Mask","Strange Spoon"],"potions_floor_usage":[33,33],"damage_taken":[{"damage":0.0,"enemies":"Small Slimes","floor":1.0,"turns":2.0},{"damage":0.0,"enemies":"2 Louse","floor":2.0,"turns":2.0},{"damage":8.0,"enemies":"Lagavulin","floor":7.0,"turns":6.0},{"damage":20.0,"enemies":"Gremlin Nob","floor":11.0,"turns":4.0},{"damage":0.0,"enemies":"Jaw Worm","floor":14.0,"turns":2.0},{"damage":31.0,"enemies":"Slime Boss","floor":16.0,"turns":10.0},{"damage":0.0,"enemies":"Spheric Guardian","floor":18.0,"turns":2.0},{"damage":15,"enemies":"2 Thieves","floor":19,"turns":4},{"damage":0,"enemies":"3 Cultists","floor":22,"turns":4},{"damage":18,"enemies":"Gremlin Leader","floor":23,"turns":5},{"damage":2,"enemies":"Cultist and Chosen","floor":24,"turns":5},{"damage":2,"enemies":"Chosen and Byrds","floor":27,"turns":4},{"damage":7,"enemies":"Snake Plant","floor":28,"turns":3},{"damage":10,"enemies":"Snecko","floor":31,"turns":5},{"damage":71,"enemies":"Automaton","floor":33,"turns":6}],"seed_played":"107260472516967193","potions_obtained":[{"floor":1.0,"key":"Poison Potion"},{"floor":2.0,"key":"Swift Potion"},{"floor":7.0,"key":"SkillPotion"}],"is_trial":false,"path_per_floor":["M","M","$","?","?","R","E","$","T","R","E","R","?","M","R","B",null,"M","M","$","?","M","E","M","R","T","M","M","$","?","M","R","B"],"character_chosen":"THE_SILENT","items_purchased":["Noxious Fumes","Crippling Poison","Bottled Flame","Strange Spoon"],"campfire_rested":2,"item_purchase_floors":[3,3,20,29],"current_hp_per_floor":[63,63,63,63,63,63,55,55,55,55,35,53,58,58,58,27,68,68,53,53,53,53,35,33,48,48,46,39,39,39,29,64,0],"gold":57,"neow_bonus":"THREE_RARE_CARDS","is_prod":false,"is_daily":false,"chose_seed":false,"campfire_upgraded":4,"win_rate":0.0,"timestamp":1568241405,"path_taken":["M","M","$","?","?","R","E","$","T","R","E","R","?","M","R","BOSS","M","M","$","?","M","E","?","R","T","M","M","$","?","M","R","BOSS"],"build_version":"2019-07-17","purchased_purges":2,"victory":false,"max_hp_per_floor":[63,63,63,63,63,63,63,63,63,63,63,63,68,68,68,68,68,68,68,68,68,68,68,68,68,68,68,68,68,68,68,68,68],"card_choices":[{"not_picked":["Phantasmal Killer","After Image"],"picked":"Glass Knife","floor":0.0},{"not_picked":["Expertise","Distraction"],"picked":"Acrobatics","floor":1.0},{"not_picked":["Prepared","Predator"],"picked":"Poisoned Stab","floor":2.0},{"not_picked":["Footwork","Venomology"],"picked":"Distraction","floor":7.0},{"not_picked":["Footwork","Slice"],"picked":"Crippling Poison","floor":11.0},{"not_picked":["Outmaneuver","Underhanded Strike"],"picked":"Backstab","floor":14.0},{"not_picked":["Night Terror","Bullet Time"],"picked":"Die Die Die","floor":16.0},{"not_picked":["Blade Dance","PiercingWail"],"picked":"Deadly Poison","floor":18},{"not_picked":["Outmaneuver+1","Riddle With Holes"],"picked":"Footwork+1","floor":19},{"not_picked":["PiercingWail","Masterful Stab"],"picked":"Bane+1","floor":22},{"not_picked":["Terror","Deadly Poison"],"picked":"Well Laid Plans+1","floor":23},{"not_picked":["Expertise","Leg Sweep","Sucker Punch"],"picked":"SKIP","floor":24},{"not_picked":["Phantasmal Killer","Slice"],"picked":"Dodge and Roll+1","floor":27},{"not_picked":["Dagger Throw","Deadly Poison"],"picked":"Blur","floor":28},{"not_picked":["Heel Hook","Die Die Die"],"picked":"Escape Plan","floor":31}],"player_experience":47574,"relics_obtained":[{"floor":7.0,"key":"Ninja Scroll"},{"floor":9.0,"key":"Anchor"},{"floor":11.0,"key":"War Paint"},{"floor":21,"key":"Pantograph"},{"floor":23,"key":"Unceasing Top"},{"floor":26,"key":"Smiling Mask"}],"event_choices":[{"damage_healed":0.0,"max_hp_gain":0.0,"max_hp_loss":0.0,"gold_gain":175.0,"event_name":"Liars Game","player_choice":"AGREE","floor":4.0,"gold_loss":0.0,"damage_taken":0.0,"cards_obtained":["Doubt"]},{"damage_healed":0.0,"max_hp_gain":0.0,"max_hp_loss":0.0,"gold_gain":0.0,"event_name":"Golden Idol","player_choice":"Take Wound","floor":5.0,"gold_loss":0.0,"damage_taken":0.0,"relics_obtained":["Golden Idol"],"cards_obtained":["Injury"]},{"damage_healed":0.0,"max_hp_gain":5.0,"max_hp_loss":0.0,"gold_gain":0.0,"event_name":"Big Fish","player_choice":"Donut","floor":13.0,"gold_loss":0.0,"damage_taken":0.0},{"damage_healed":0,"gold_gain":0,"player_choice":"Relic","damage_taken":0,"max_hp_gain":0,"max_hp_loss":0,"event_name":"Wheel of Change","floor":21,"gold_loss":0},{"damage_healed":0,"gold_gain":0,"player_choice":"Ignored","damage_taken":0,"max_hp_gain":0,"max_hp_loss":0,"event_name":"Vampires","floor":30,"gold_loss":0}],"is_beta":false,"boss_relics":[{"not_picked":["Cursed Key","Coffee Dripper"],"picked":"Eternal Feather"}],"items_purged_floors":[8,20],"is_endless":false,"potions_floor_spawned":[1,2,7,16,18,23,27],"killed_by":"Automaton","ascension_level":0}