{"gold_per_floor":[109,34,53,53,53,78,51,51,51,51,51,62,72,72,72,72],"floor_reached":16,"playtime":336,"items_purged":["Defend_R"],"score":123,"play_id":"0217ae44-9bc6-4c6b-9ea7-45777ecbdc38","local_time":"20190912175307","is_ascension_mode":false,"campfire_choices":[{"data":"Perfected Strike","floor":8,"key":"SMITH"},{"data":"Bash","floor":11,"key":"SMITH"},{"floor":15,"key":"REST"}],"neow_cost":"NONE","seed_source_timestamp":2295602042753400,"circlet_count":0,"master_deck":["Strike_R","Strike_R","Strike_R","Strike_R","Strike_R","Defend_R","Defend_R","Defend_R","Bash+1","Regret","Perfected Strike+1"],"relics":["Burning Blood","NeowsBlessing","Boot","Kunai","Turnip","Singing Bowl"],"potions_floor_usage":[16,16],"damage_taken":[{"damage":0,"enemies":"Cultist","floor":1,"turns":1},{"damage":0,"enemies":"Small Slimes","floor":3,"turns":1},{"damage":0,"enemies":"3 Sentries","floor":6,"turns":1},{"damage":15,"enemies":"Jaw Worm","floor":12,"turns":3},{"damage":13,"enemies":"Looter","floor":13,"turns":2},{"damage":91,"enemies":"Slime Boss","floor":16,"turns":10}],"seed_played":"3983005449456769196","potions_obtained":[{"floor":1,"key":"FearPotion"},{"floor":6,"key":"Ancient Potion"}],"is_trial":false,"path_per_floor":["M","$","M","?","?","E","$","R","T","?","R","M","M","$","R","B"],"character_chosen":"IRONCLAD","items_purchased":["Perfected Strike"],"campfire_rested":1,"item_purchase_floors":[7],"current_hp_per_floor":[80,80,80,80,73,79,79,79,79,79,79,72,67,67,84,0],"gold":72,"neow_bonus":"THREE_ENEMY_KILL","is_prod":false,"is_daily":false,"chose_seed":false,"campfire_upgraded":2,"win_rate":0,"timestamp":1568325187,"path_taken":["M","$","M","?","?","E","?","R","T","?","R","M","M","$","R","BOSS"],"build_version":"2019-07-17","purchased_purges":1,"victory":false,"max_hp_per_floor":[80,80,80,80,80,80,80,80,80,80,80,82,84,84,84,84],"card_choices":[{"not_picked":["Sentinel","Havoc","Headbutt"],"picked":"SKIP","floor":1},{"not_picked":["Wild Strike","Cleave","Sentinel"],"picked":"SKIP","floor":3},{"not_picked":["Metallicize","Rupture","Anger"],"picked":"SKIP","floor":6},{"not_picked":["Inflame","Cleave","Iron Wave"],"picked":"Singing Bowl","floor":12},{"not_picked":["Uppercut","Clash","Rage"],"picked":"Singing Bowl","floor":13}],"player_experience":396675,"relics_obtained":[{"floor":6,"key":"Turnip"},{"floor":9,"key":"Singing Bowl"}],"event_choices":[{"damage_healed":0,"gold_gain":0,"player_choice":"Box","damage_taken":0,"relics_obtained":["Boot"],"max_hp_gain":0,"max_hp_loss":0,"event_name":"Big Fish","floor":4,"gold_loss":0,"cards_obtained":["Regret"]},{"damage_healed":0,"gold_gain":0,"player_choice":"Success","damage_taken":7,"relics_obtained":["Kunai"],"max_hp_gain":0,"max_hp_loss":0,"event_name":"Scrap Ooze","floor":5,"gold_loss":0},{"damage_healed":0,"gold_gain":0,"player_choice":"Ignored","damage_taken":0,"max_hp_gain":0,"max_hp_loss":0,"event_name":"Liars Game","floor":10,"gold_loss":0}],"is_beta":false,"boss_relics":[],"items_purged_floors":[2],"is_endless":false,"potions_floor_spawned":[1,6],"killed_by":"Slime Boss","ascension_level":0}