{"gold_per_floor":[112,123,54,69,80,80,80,113,113,113,36,36,51,86,86,181,181,181,143,143,98,98],"floor_reached":22,"playtime":1364,"items_purged":[],"score":272,"play_id":"21964f0d-8f21-46fc-9ad3-fcc40afffb61","local_time":"20190228123213","is_ascension_mode":true,"campfire_choices":[{"data":"Burning Pact","floor":6,"key":"SMITH"},{"data":"Warcry","floor":10,"key":"SMITH"},{"data":"Corruption","floor":12,"key":"SMITH"},{"floor":15,"key":"REST"}],"neow_cost":"TEN_PERCENT_HP_LOSS","seed_source_timestamp":9341556314303,"circlet_count":0,"master_deck":["Strike_R","Strike_R","Strike_R","Strike_R","Strike_R","Defend_R","Defend_R","Defend_R","Defend_R","Bash","Thunderclap","Burning Pact+1","Metallicize","Perfected Strike","Headbutt","Parasite","Warcry+1","Corruption+1","Double Tap","Wild Strike","Demon Form","True Grit","Feel No Pain","Shrug It Off+1"],"relics":["Burning Blood","Charon\u0027s Ashes","Pear","Ornamental Fan","Orichalcum","Ectoplasm"],"potions_floor_usage":[14,22],"damage_taken":[{"damage":1,"enemies":"Cultist","floor":1,"turns":3},{"damage":5,"enemies":"2 Louse","floor":2,"turns":3},{"damage":0,"enemies":"Small Slimes","floor":4,"turns":4},{"damage":20,"enemies":"Red Slaver","floor":5,"turns":5},{"damage":51,"enemies":"Lagavulin","floor":8,"turns":8},{"damage":11,"enemies":"Looter","floor":13,"turns":2},{"damage":18,"enemies":"Gremlin Nob","floor":14,"turns":5},{"damage":34,"enemies":"Slime Boss","floor":16,"turns":8},{"damage":23,"enemies":"Shell Parasite","floor":18,"turns":5},{"damage":23,"enemies":"2 Thieves","floor":21,"turns":4},{"damage":38,"enemies":"Snake Plant","floor":22,"turns":2}],"seed_played":"810749477570252070","potions_obtained":[{"floor":1,"key":"EssenceOfSteel"},{"floor":2,"key":"SpeedPotion"},{"floor":14,"key":"Dexterity Potion"},{"floor":16,"key":"Fire Potion"},{"floor":18,"key":"Energy Potion"}],"is_trial":false,"path_per_floor":["M","M","$","M","M","R","?","E","T","R","$","R","M","E","R","B",null,"M","$","?","M","M"],"character_chosen":"IRONCLAD","items_purchased":["Metallicize","Corruption","Feel No Pain"],"campfire_rested":1,"item_purchase_floors":[3,11,19],"current_hp_per_floor":[72,72,72,72,58,58,72,37,37,37,37,37,32,20,44,16,66,49,49,49,32,0],"gold":98,"neow_bonus":"ONE_RARE_RELIC","is_prod":false,"is_daily":false,"chose_seed":false,"campfire_upgraded":3,"win_rate":0,"timestamp":1551353533,"path_taken":["M","M","?","M","?","R","?","E","T","R","$","R","M","E","R","BOSS","M","$","?","M","M"],"build_version":"2019-01-23","purchased_purges":0,"victory":false,"max_hp_per_floor":[72,72,72,72,72,72,72,82,82,82,82,82,82,82,82,82,82,82,82,82,82,82],"card_choices":[{"not_picked":["Infernal Blade","Fire Breathing"],"picked":"Thunderclap","floor":1},{"not_picked":["Second Wind","Body Slam"],"picked":"Burning Pact","floor":2},{"not_picked":["Infernal Blade","Clash"],"picked":"Perfected Strike","floor":4},{"not_picked":["Sword Boomerang","Reckless Charge"],"picked":"Headbutt","floor":5},{"not_picked":["Sever Soul","Wild Strike"],"picked":"Warcry","floor":8},{"not_picked":["Dual Wield","Rupture"],"picked":"Double Tap","floor":13},{"not_picked":["Headbutt","Perfected Strike"],"picked":"Wild Strike","floor":14},{"not_picked":["Brutality","Limit Break"],"picked":"Demon Form","floor":16},{"not_picked":["Evolve","Shrug It Off"],"picked":"True Grit","floor":18},{"not_picked":["Infernal Blade+1","Iron Wave"],"picked":"Shrug It Off+1","floor":21}],"player_experience":292700,"relics_obtained":[{"floor":8,"key":"Pear"},{"floor":9,"key":"Ornamental Fan"},{"floor":14,"key":"Orichalcum"}],"event_choices":[{"damage_healed":18,"gold_gain":0,"player_choice":"Healed and dodged fight","damage_taken":0,"max_hp_gain":0,"max_hp_loss":0,"event_name":"Mushrooms","floor":7,"gold_loss":0,"cards_obtained":["Parasite"]},{"damage_healed":0,"gold_gain":0,"player_choice":"Ignored","damage_taken":0,"max_hp_gain":0,"max_hp_loss":0,"event_name":"N\u0027loth","floor":20,"gold_loss":0}],"is_beta":false,"boss_relics":[{"not_picked":["Black Blood","Pandora\u0027s Box"],"picked":"Ectoplasm"}],"items_purged_floors":[],"is_endless":false,"potions_floor_spawned":[1,2,14,16,18],"killed_by":"Snake Plant","ascension_level":8}