{"gold_per_floor":[112,36,49,66,66,66,93,105,105,105,105,105,55,72,72,169,169,188,42,59,59,59,59,59,85,85,103,120,120,139,139,139,242,242,259,259,1258,463,70,70,88,88,143,156,156,183,197,45,45,45],"floor_reached":51,"playtime":2262,"items_purged":["Normality","Normality"],"score":743,"play_id":"0cf16d0f-0a71-4a49-8c87-228c45f7c9c1","local_time":"20190915114422","is_ascension_mode":false,"campfire_choices":[{"data":"Flex","floor":6,"key":"SMITH"},{"data":"1","floor":10,"key":"LIFT"},{"data":"Heavy Blade","floor":15,"key":"SMITH"},{"floor":23,"key":"REST"},{"floor":24,"key":"REST"},{"floor":32,"key":"REST"},{"data":"Armaments","floor":40,"key":"SMITH"},{"data":"Perfected Strike","floor":42,"key":"SMITH"},{"data":"2","floor":45,"key":"LIFT"},{"data":"3","floor":49,"key":"LIFT"}],"neow_cost":"NONE","seed_source_timestamp":400187747152700,"circlet_count":0,"master_deck":["Strike_R","Strike_R","Strike_R","Strike_R","Defend_R","Defend_R","Defend_R","Defend_R","Bash","Pommel Strike","Flex+1","Heavy Blade+1","Pommel Strike","Shrug It Off","Cleave","Flex","Fiend Fire","Flame Barrier","Inflame","Pommel Strike","Heavy Blade+1","Armaments+1","Necronomicurse","Anger","Anger+1","Armaments+1","Perfected Strike+1","Perfected Strike+1","Inflame","Rampage+1","Rage+1","Clash+1"],"relics":["Burning Blood","Kunai","WingedGreaves","Girya","Orrery","Red Skull","Necronomicon","Prayer Wheel","Paper Frog","MealTicket","Calipers","Happy Flower","Anchor","Blood Vial","Omamori","Toxic Egg 2","Bag of Marbles"],"potions_floor_usage":[8,20,27,27,33,33,50],"damage_taken":[{"damage":5,"enemies":"Jaw Worm","floor":1,"turns":4},{"damage":6,"enemies":"Cultist","floor":3,"turns":3},{"damage":0,"enemies":"2 Louse","floor":4,"turns":3},{"damage":32,"enemies":"3 Sentries","floor":7,"turns":10},{"damage":4,"enemies":"Looter","floor":8,"turns":3},{"damage":8,"enemies":"3 Louse","floor":14,"turns":3},{"damage":68,"enemies":"The Guardian","floor":16,"turns":11},{"damage":36,"enemies":"2 Thieves","floor":18,"turns":4},{"damage":10,"enemies":"Spheric Guardian","floor":20,"turns":3},{"damage":31,"enemies":"Book of Stabbing","floor":25,"turns":4},{"damage":5,"enemies":"Cultist and Chosen","floor":27,"turns":4},{"damage":9,"enemies":"Snecko","floor":28,"turns":4},{"damage":17,"enemies":"Snake Plant","floor":30,"turns":3},{"damage":72,"enemies":"Champ","floor":33,"turns":8},{"damage":15,"enemies":"Orb Walker","floor":35,"turns":2},{"damage":11,"enemies":"3 Shapes","floor":41,"turns":4},{"damage":26,"enemies":"Transient","floor":44,"turns":5},{"damage":18,"enemies":"Nemesis","floor":46,"turns":5},{"damage":0,"enemies":"Sphere and 2 Shapes","floor":47,"turns":3},{"damage":74,"enemies":"Donu and Deca","floor":50,"turns":8}],"seed_played":"9171072354531937036","potions_obtained":[{"floor":4,"key":"Weak Potion"},{"floor":7,"key":"GamblersBrew"},{"floor":8,"key":"BloodPotion"},{"floor":20,"key":"Fruit Juice"},{"floor":25,"key":"Strength Potion"},{"floor":28,"key":"Swift Potion"},{"floor":47,"key":"AttackPotion"}],"is_trial":false,"path_per_floor":["M","$","M","M","?","R","E","M","T","R","$","?","$","M","R","B",null,"M","$","M","?","?","R","R","E","T","M","M","$","M","?","R","B",null,"M","?","?","$","$","R","M","R","T","M","R","E","M","$","R","B",null],"character_chosen":"IRONCLAD","items_purchased":["Flex","Heavy Blade","Flex","Red Skull","MealTicket","Calipers","Happy Flower","Inflame","Anchor","Blood Vial","Bag of Marbles"],"campfire_rested":3,"item_purchase_floors":[2,2,13,19,38,38,38,38,39,39,48],"current_hp_per_floor":[88,88,88,88,85,85,59,61,61,61,61,88,88,86,86,24,88,58,58,59,41,25,54,83,58,58,83,80,80,69,69,98,32,98,89,89,89,89,98,98,93,93,93,75,75,65,73,88,88,22],"gold":45,"neow_bonus":"TEN_PERCENT_HP_BONUS","is_prod":false,"is_daily":false,"chose_seed":false,"campfire_upgraded":4,"win_rate":0.0,"timestamp":1568540662,"path_taken":["M","$","M","M","?","R","E","M","T","R","$","?","$","M","R","BOSS","M","$","?","?","?","R","R","E","T","M","M","$","M","?","R","BOSS","M","?","?","?","$","R","M","R","T","M","R","E","M","$","R","BOSS"],"build_version":"2019-07-17","purchased_purges":2,"victory":true,"max_hp_per_floor":[88,88,88,88,88,88,88,88,88,88,88,88,88,88,88,88,88,88,88,93,98,98,98,98,98,98,98,98,98,98,98,98,98,98,98,98,98,98,98,98,98,98,98,98,98,98,98,98,98,98],"card_choices":[{"not_picked":["Clothesline","Metallicize"],"picked":"Pommel Strike","floor":1},{"not_picked":["Ghostly Armor","Headbutt"],"picked":"Pommel Strike","floor":3},{"not_picked":["Thunderclap","Fiend Fire"],"picked":"Shrug It Off","floor":4},{"not_picked":["Sword Boomerang","Second Wind"],"picked":"Metallicize","floor":7},{"not_picked":["Uppercut","Clothesline"],"picked":"Cleave","floor":8},{"not_picked":["Iron Wave","Intimidate","Havoc"],"picked":"SKIP","floor":14},{"not_picked":["Juggernaut","Exhume"],"picked":"Fiend Fire","floor":16},{"not_picked":["Thunderclap","Sword Boomerang"],"picked":"Flame Barrier","floor":17},{"not_picked":["Bludgeon","Cleave"],"picked":"Inflame","floor":17},{"not_picked":["Headbutt","Warcry"],"picked":"Pommel Strike","floor":17},{"not_picked":["Whirlwind","Disarm"],"picked":"Heavy Blade+1","floor":18},{"not_picked":["True Grit","Cleave"],"picked":"Armaments","floor":20},{"not_picked":["Shockwave+1","Twin Strike","Body Slam"],"picked":"SKIP","floor":25},{"not_picked":["Power Through","Corruption+1"],"picked":"Anger","floor":27},{"not_picked":["Exhume","Pommel Strike","Flex"],"picked":"SKIP","floor":27},{"not_picked":["Havoc+1","Sword Boomerang"],"picked":"Anger+1","floor":28},{"not_picked":["Clothesline","Havoc","Power Through+1"],"picked":"SKIP","floor":28},{"not_picked":["Flex","Sword Boomerang"],"picked":"Armaments+1","floor":30},{"not_picked":["Warcry","Sword Boomerang"],"picked":"Perfected Strike","floor":30},{"not_picked":["Wild Strike+1","Flex+1"],"picked":"Perfected Strike+1","floor":35},{"not_picked":["Carnage+1","Burning Pact+1","Cleave"],"picked":"SKIP","floor":35},{"not_picked":["Heavy Blade+1","Burning Pact","Twin Strike"],"picked":"SKIP","floor":41},{"not_picked":["Sentinel","Ghostly Armor","Wild Strike"],"picked":"SKIP","floor":41},{"not_picked":["True Grit+1","Cleave","Burning Pact+1"],"picked":"SKIP","floor":44},{"not_picked":["Sword Boomerang","Cleave+1","Flame Barrier"],"picked":"SKIP","floor":44},{"not_picked":["Corruption","Feed"],"picked":"Rampage+1","floor":46},{"not_picked":["Shrug It Off+1","Bloodletting+1"],"picked":"Rage+1","floor":47},{"not_picked":["Havoc+1","Wild Strike"],"picked":"Clash+1","floor":47}],"player_experience":82722,"relics_obtained":[{"floor":7,"key":"WingedGreaves"},{"floor":9,"key":"Girya"},{"floor":22,"key":"Necronomicon"},{"floor":25,"key":"Prayer Wheel"},{"floor":26,"key":"Paper Frog"},{"floor":43,"key":"Omamori"},{"floor":46,"key":"Toxic Egg 2"}],"event_choices":[{"damage_healed":0,"gold_gain":0,"player_choice":"Success","damage_taken":3,"relics_obtained":["Kunai"],"max_hp_gain":0,"max_hp_loss":0,"event_name":"Scrap Ooze","floor":5,"gold_loss":0},{"cards_removed":["Metallicize"],"damage_healed":27,"gold_gain":0,"player_choice":"Offered Uncommon","damage_taken":0,"max_hp_gain":0,"max_hp_loss":0,"event_name":"Bonfire Elementals","floor":12,"gold_loss":0},{"damage_healed":0,"gold_gain":0,"player_choice":"Shed Blood","damage_taken":23,"max_hp_gain":5,"max_hp_loss":0,"event_name":"Forgotten Altar","floor":21,"gold_loss":0},{"damage_healed":0,"gold_gain":0,"player_choice":"Obtained Book","damage_taken":16,"max_hp_gain":0,"max_hp_loss":0,"event_name":"Cursed Tome","floor":22,"gold_loss":0},{"damage_healed":0,"gold_gain":0,"player_choice":"Leave","damage_taken":0,"max_hp_gain":0,"max_hp_loss":0,"event_name":"FaceTrader","floor":31,"gold_loss":0},{"cards_removed":["Strike_R"],"damage_healed":0,"gold_gain":0,"player_choice":"Removed Attack","damage_taken":0,"max_hp_gain":0,"max_hp_loss":0,"event_name":"Falling","floor":36,"gold_loss":0},{"damage_healed":0,"gold_gain":999,"player_choice":"Gold","damage_taken":0,"max_hp_gain":0,"max_hp_loss":0,"event_name":"MindBloom","floor":37,"gold_loss":0,"cards_obtained":["Normality","Normality"]}],"is_beta":false,"boss_relics":[{"not_picked":["Sozu","Runic Dome"],"picked":"Orrery"},{"not_picked":[]}],"items_purged_floors":[38,39],"is_endless":false,"potions_floor_spawned":[4,7,8,20,25,28,47],"ascension_level":0}