{"path_per_floor":["M","?","$","M","?","E","$","R","T","M","R","E","M","M","R","B",null,"M","?","$","M","M","E","R","M","T","$","E","M","?"],"character_chosen":"THE_SILENT","items_purchased":["Trip","Noxious Fumes","Prepared","Madness","Bag of Preparation"],"gold_per_floor":[110,110,15,31,206,242,35,35,35,60,60,91,116,132,132,262,262,280,280,86,100,120,164,164,180,180,26,70,86,1,1],"floor_reached":31,"campfire_rested":2,"playtime":4658,"current_hp_per_floor":[70,53,53,53,53,41,41,41,41,41,41,23,23,22,43,33,70,64,64,64,52,47,19,40,19,19,19,11,11,11,0],"items_purged":["Doubt","Defend_G"],"gold":1,"score":299,"play_id":"48ae64a7-41bd-45b5-8e8b-c42271a80bed","local_time":"20180408102006","is_prod":false,"is_daily":false,"is_ascension_mode":true,"campfire_upgraded":2,"timestamp":1523208006,"path_taken":["M","?","?","?","?","E","$","R","T","M","R","E","?","M","R","BOSS","M","?","$","M","M","E","R","M","T","$","E","M","?","M"],"build_version":"2018-04-05v2","purchased_purges":2,"victory":false,"master_deck":["Strike_G","Strike_G","Strike_G","Strike_G","Strike_G","Survivor","Neutralize+1","Prepared","Blade Dance","Trip","Deflect","Backstab","Noxious Fumes+1","Prepared","Flying Knee","Bane","Heel Hook","Escape Plan","Night Terror","Escape Plan+1","Reflex+1","Bullet Time+1","Quick Slash","Madness","Concentrate+1","Backflip","Dagger Throw+1","Quick Slash","Predator+1","PiercingWail"],"max_hp_per_floor":[70,70,70,70,70,70,70,70,70,70,70,70,70,70,70,70,70,70,70,70,70,70,70,70,70,70,70,70,70,70,70],"relics":["Ring of the Snake","Golden Idol","Orichalcum","The Specimen","Bottled Tornado","Astrolabe","Kunai","Bird Faced Urn","Bag of Preparation","Matryoshka","Ancient Tea Set"],"card_choices":[{"not_picked":["Outmaneuver","Flying Knee"],"picked":"Prepared","floor":0},{"not_picked":["PiercingWail","Caltrops"],"picked":"Blade Dance","floor":1},{"not_picked":["Eviscerate","Dodge and Roll"],"picked":"Deflect","floor":4},{"not_picked":["Sucker Punch","Venomology"],"picked":"Backstab","floor":6},{"not_picked":["Terror","Sucker Punch"],"picked":"Flying Knee","floor":10},{"not_picked":["Outmaneuver","Prepared"],"picked":"Bane","floor":12},{"not_picked":["Dodge and Roll","Dagger Spray"],"picked":"Heel Hook","floor":13},{"not_picked":["Prepared","Slice"],"picked":"Escape Plan","floor":14},{"not_picked":["Tools of the Trade","Phantasmal Killer"],"picked":"Night Terror","floor":16},{"not_picked":["Sucker Punch","Slice"],"picked":"Quick Slash","floor":18},{"not_picked":["Finisher","Catalyst"],"picked":"Concentrate","floor":21},{"not_picked":["Bane","Quick Slash"],"picked":"Backflip","floor":22},{"not_picked":["Endless Agony","Doppelganger"],"picked":"Dagger Throw","floor":23},{"not_picked":["Poisoned Stab","Dodge and Roll"],"picked":"Quick Slash","floor":25},{"not_picked":["Riddle With Holes","Calculated Gamble"],"picked":"Predator","floor":28},{"not_picked":["Deadly Poison","Cloak And Dagger"],"picked":"PiercingWail","floor":29}],"player_experience":145568,"potions_floor_usage":[6,12,18,22,23,28,31],"damage_taken":[{"damage":0,"enemies":"Jaw Worm","floor":1,"turns":5},{"damage":0,"enemies":"2 Louse","floor":4,"turns":3},{"damage":12,"enemies":"3 Sentries","floor":6,"turns":15},{"damage":0,"enemies":"Cultist","floor":10,"turns":3},{"damage":18,"enemies":"Lagavulin","floor":12,"turns":7},{"damage":0,"enemies":"Lots of Slimes","floor":13,"turns":3},{"damage":1,"enemies":"Blue Slaver","floor":14,"turns":3},{"damage":10,"enemies":"Hexaghost","floor":16,"turns":8},{"damage":6,"enemies":"Shell Parasite","floor":18,"turns":4},{"damage":12,"enemies":"Chosen","floor":21,"turns":3},{"damage":5,"enemies":"3 Cultists","floor":22,"turns":5},{"damage":28,"enemies":"Book of Stabbing","floor":23,"turns":5},{"damage":21,"enemies":"Sentry and Sphere","floor":25,"turns":6},{"damage":10,"enemies":"Slavers","floor":28,"turns":4},{"damage":2,"enemies":"Centurion and Healer","floor":29,"turns":2},{"damage":15,"enemies":"Slaver and Parasite","floor":31,"turns":1}],"event_choices":[{"event_name":"Golden Idol","player_choice":"Take Damage","floor":2,"damage_taken":0},{"event_name":"Liars Game","player_choice":"agreed","floor":5,"damage_taken":0},{"event_name":"Back to Basics","player_choice":"Elegance","floor":19,"damage_taken":0},{"event_name":"Addict","player_choice":"Obtained Relic","floor":30,"damage_taken":0}],"boss_relics":[{"not_picked":["Sozu","Lizard Tail"],"picked":"Astrolabe"}],"potions_floor_spawned":[1,4,13,14,22,25,28],"seed_played":"2632049225375085032","killed_by":"Slaver and Parasite","ascension_level":1,"is_trial":false}