{"gold_per_floor":[114,129,202,202,202,227,227,239,239,239,239,239,239,253,253,372,372,387,387,247,347,347],"floor_reached":22,"playtime":285,"items_purged":[],"score":205,"play_id":"3153d689-e41b-40cb-bd58-66f83178727a","local_time":"20190914171758","is_ascension_mode":false,"campfire_choices":[{"data":"Carnage","floor":10,"key":"SMITH"},{"data":"Disarm","floor":12,"key":"SMITH"},{"floor":15,"key":"REST"}],"neow_cost":"NONE","seed_source_timestamp":13355609274700,"circlet_count":0,"master_deck":["Strike_R","Strike_R","Strike_R","Strike_R+1","Strike_R","Defend_R","Defend_R+1","Defend_R","Defend_R","Bash+1","Disarm+1","Carnage+1","Spot Weakness","Twin Strike","Pommel Strike","Limit Break","Shockwave","J.A.X.","Flex","Sword Boomerang","Feel No Pain"],"special_seed":0,"relics":["Black Blood","NeowsBlessing","StrikeDummy","Pantograph","Bag of Preparation","Golden Idol"],"potions_floor_usage":[18],"damage_taken":[{"damage":0.0,"enemies":"Jaw Worm","floor":1.0,"turns":1.0},{"damage":0.0,"enemies":"Small Slimes","floor":2.0,"turns":1.0},{"damage":0,"enemies":"Lagavulin","floor":6,"turns":1},{"damage":7,"enemies":"2 Louse","floor":8,"turns":2},{"damage":9,"enemies":"Blue Slaver","floor":14,"turns":2},{"damage":16,"enemies":"Slime Boss","floor":16,"turns":7},{"damage":5,"enemies":"Spheric Guardian","floor":18,"turns":3}],"seed_played":"8256632421504518781","potions_obtained":[{"floor":1.0,"key":"Energy Potion"},{"floor":14,"key":"Energy Potion"},{"floor":18,"key":"Strength Potion"}],"is_trial":false,"path_per_floor":["M","M","?","?","?","E","?","M","T","R","T","R","?","M","R","B",null,"M","?","$","?","$"],"character_chosen":"IRONCLAD","items_purchased":["Flex","Sword Boomerang","Feel No Pain"],"campfire_rested":1,"item_purchase_floors":[20,20,20],"current_hp_per_floor":[80,80,80,64,64,70,70,69,69,69,69,69,49,46,70,70,80,80,80,80,80,80],"gold":347,"neow_bonus":"THREE_ENEMY_KILL","is_prod":false,"is_daily":false,"chose_seed":false,"campfire_upgraded":2,"win_rate":0,"timestamp":1568499478,"path_taken":["M","M","?","?","?","E","?","?","T","R","?","R","?","M","R","BOSS","M","?","$","?","$"],"build_version":"2019-09-12","purchased_purges":0,"victory":false,"max_hp_per_floor":[80,80,80,80,80,80,80,80,80,80,80,80,80,80,80,80,80,80,80,80,80,80],"card_choices":[{"not_picked":["Spot Weakness","Heavy Blade"],"picked":"Disarm","floor":1.0},{"not_picked":["Warcry","Anger"],"picked":"Carnage","floor":2.0},{"not_picked":["Body Slam","Heavy Blade"],"picked":"Spot Weakness","floor":6},{"not_picked":["True Grit","Inflame"],"picked":"Twin Strike","floor":8},{"not_picked":["Twin Strike","Entrench"],"picked":"Pommel Strike","floor":14},{"not_picked":["Impervious","Exhume"],"picked":"Limit Break","floor":16},{"not_picked":["Dropkick+1","Anger"],"picked":"Shockwave","floor":18}],"player_experience":1321873,"relics_obtained":[{"floor":6,"key":"StrikeDummy"},{"floor":9,"key":"Pantograph"},{"floor":11,"key":"Bag of Preparation"}],"event_choices":[{"damage_healed":0.0,"max_hp_gain":0.0,"max_hp_loss":0.0,"gold_gain":73.0,"event_name":"Golden Wing","player_choice":"Gained Gold","floor":3.0,"gold_loss":0.0,"damage_taken":0.0},{"damage_healed":0.0,"max_hp_gain":0.0,"max_hp_loss":0.0,"gold_gain":0.0,"event_name":"Shining Light","player_choice":"Entered Light","floor":4.0,"gold_loss":0.0,"damage_taken":16.0,"cards_upgraded":["Defend_R","Strike_R"]},{"damage_healed":0,"gold_gain":0,"player_choice":"Grow","damage_taken":0,"max_hp_gain":0,"max_hp_loss":0,"event_name":"Living Wall","floor":5,"gold_loss":0,"cards_upgraded":["Bash"]},{"damage_healed":0,"gold_gain":0,"player_choice":"Leave","damage_taken":0,"max_hp_gain":0,"max_hp_loss":0,"event_name":"The Cleric","floor":7,"gold_loss":0},{"damage_healed":0,"gold_gain":0,"player_choice":"Take Damage","damage_taken":20,"relics_obtained":["Golden Idol"],"max_hp_gain":0,"max_hp_loss":0,"event_name":"Golden Idol","floor":13,"gold_loss":0},{"damage_healed":0,"gold_gain":0,"player_choice":"Obtain J.A.X.","damage_taken":0,"max_hp_gain":0,"max_hp_loss":0,"event_name":"Drug Dealer","floor":19,"gold_loss":0,"cards_obtained":["J.A.X."]},{"damage_healed":0,"gold_gain":100,"player_choice":"Pray","damage_taken":0,"max_hp_gain":0,"max_hp_loss":0,"event_name":"Golden Shrine","floor":21,"gold_loss":0}],"is_beta":true,"boss_relics":[{"not_picked":["Busted Crown","Black Star"],"picked":"Black Blood"}],"items_purged_floors":[],"is_endless":false,"potions_floor_spawned":[1,14,18],"ascension_level":0}