{"gold_per_floor":[116,136,152,164,164,197,197,210,233,233,266,276,303,315,315,391,391,391,147,147,147,87,87,87,87,87,87,87,87,87,87,87,87,87,87,87,87,87,87,87,87,87,87,87,13,13,13,13,13,13],"floor_reached":50,"playtime":6348,"items_purged":["Strike_G","Strike_G+1"],"score":1014,"play_id":"e77e1642-a9b3-4e72-9c6b-b75bfaff4407","local_time":"20190904213818","is_ascension_mode":true,"campfire_choices":[{"data":"Envenom","floor":7.0,"key":"SMITH"},{"data":"Venomology","floor":10.0,"key":"SMITH"},{"data":"Terror","floor":15.0,"key":"SMITH"},{"data":"Tools of the Trade","floor":29.0,"key":"SMITH"},{"floor":32.0,"key":"REST"},{"data":"Noxious Fumes","floor":41.0,"key":"SMITH"},{"data":"Burst","floor":44,"key":"SMITH"},{"data":"Caltrops","floor":46,"key":"SMITH"},{"floor":49,"key":"RECALL"}],"neow_cost":"NONE","seed_source_timestamp":1058463982678734,"circlet_count":0,"master_deck":["AscendersBane","Strike_G+1","Strike_G+1","Defend_G+1","Defend_G+1","Defend_G+1","Defend_G+1","Defend_G+1","Survivor","Neutralize+1","Slice","Poisoned Stab","Dash","Envenom+1","Venomology+1","Flying Knee","Heel Hook","Backflip","Dagger Spray","Terror+1","Burst+1","Flechettes","Tools of the Trade+1","Bane","Backflip","Well Laid Plans+1","Adrenaline","PiercingWail","Noxious Fumes+1","Madness","Madness","Reflex","Underhanded Strike+1","Tactician+1","Caltrops+1","Prepared","Catalyst","Bane+1"],"special_seed":0,"relics":["Ring of the Snake","Nunchaku","Regal Pillow","Happy Flower","Smiling Mask","Ectoplasm","Toy Ornithopter","Bottled Flame","Question Card","Darkstone Periapt","White Beast Statue","Unceasing Top","Pen Nib","Orichalcum","Ice Cream"],"potions_floor_usage":[42,42,47,47,47,48,48,48,50],"damage_taken":[{"damage":2.0,"enemies":"Cultist","floor":1.0,"turns":5.0},{"damage":1.0,"enemies":"Jaw Worm","floor":2.0,"turns":3.0},{"damage":0.0,"enemies":"2 Louse","floor":3.0,"turns":3.0},{"damage":0.0,"enemies":"2 Fungi Beasts","floor":4.0,"turns":4.0},{"damage":5.0,"enemies":"Gremlin Nob","floor":6.0,"turns":4.0},{"damage":0.0,"enemies":"Red Slaver","floor":8.0,"turns":4.0},{"damage":5.0,"enemies":"3 Sentries","floor":11.0,"turns":7.0},{"damage":6.0,"enemies":"3 Louse","floor":12.0,"turns":3.0},{"damage":5.0,"enemies":"Gremlin Nob","floor":13.0,"turns":4.0},{"damage":0.0,"enemies":"Looter","floor":14.0,"turns":2.0},{"damage":17.0,"enemies":"Hexaghost","floor":16.0,"turns":10.0},{"damage":3.0,"enemies":"3 Byrds","floor":18.0,"turns":6.0},{"damage":10.0,"enemies":"2 Thieves","floor":22.0,"turns":5.0},{"damage":37.0,"enemies":"Slavers","floor":23.0,"turns":8.0},{"damage":3.0,"enemies":"Snake Plant","floor":24.0,"turns":3.0},{"damage":0.0,"enemies":"Centurion and Healer","floor":27.0,"turns":4.0},{"damage":0.0,"enemies":"Gremlin Leader","floor":28.0,"turns":2.0},{"damage":16.0,"enemies":"Slavers","floor":31.0,"turns":7.0},{"damage":51.0,"enemies":"Collector","floor":33.0,"turns":9.0},{"damage":3.0,"enemies":"3 Shapes","floor":35.0,"turns":4.0},{"damage":0.0,"enemies":"3 Darklings","floor":36.0,"turns":7.0},{"damage":0.0,"enemies":"4 Shapes","floor":38.0,"turns":8.0},{"damage":20.0,"enemies":"Transient","floor":39.0,"turns":5.0},{"damage":15.0,"enemies":"Giant Head","floor":40.0,"turns":9.0},{"damage":21,"enemies":"Writhing Mass","floor":42,"turns":7},{"damage":24,"enemies":"Reptomancer","floor":47,"turns":6},{"damage":18,"enemies":"2 Orb Walkers","floor":48,"turns":4},{"damage":42,"enemies":"Awakened One","floor":50,"turns":3}],"seed_played":"-8945396686855794154","potions_obtained":[{"floor":2.0,"key":"PowerPotion"},{"floor":4.0,"key":"SpeedPotion"},{"floor":13.0,"key":"AttackPotion"},{"floor":16.0,"key":"SkillPotion"},{"floor":18.0,"key":"EntropicBrew"},{"floor":22.0,"key":"FearPotion"},{"floor":31.0,"key":"FearPotion"},{"floor":33.0,"key":"Ancient Potion"},{"floor":36.0,"key":"GamblersBrew"},{"floor":38.0,"key":"AttackPotion"},{"floor":39.0,"key":"GhostInAJar"},{"floor":40.0,"key":"Explosive Potion"},{"floor":42,"key":"EssenceOfSteel"},{"floor":47,"key":"Swift Potion"},{"floor":48,"key":"Swift Potion"}],"is_trial":false,"path_per_floor":["M","M","M","M","?","E","R","M","T","R","E","M","E","M","R","B",null,"M","$","?","?","M","E","M","?","T","M","E","R","T","E","R","B",null,"M","M","?","M","M","E","R","M","T","R","$","R","E","?","R","B"],"character_chosen":"THE_SILENT","items_purchased":["Toy Ornithopter","Prepared"],"campfire_rested":1,"item_purchase_floors":[19,45],"current_hp_per_floor":[57,56,56,56,56,51,51,51,51,51,46,40,35,35,35,18,54,51,51,39,39,39,17,19,19,19,24,29,29,29,18,54,23,59,61,71,62,71,52,52,52,41,41,41,41,41,32,29,29,0],"gold":13,"neow_bonus":"UPGRADE_CARD","is_prod":false,"is_daily":false,"chose_seed":false,"campfire_upgraded":7,"win_rate":0,"timestamp":1567658298,"path_taken":["M","?","M","M","?","E","R","M","T","R","E","?","E","M","R","BOSS","M","$","?","?","?","E","M","?","T","M","E","R","?","E","R","BOSS","M","?","?","M","M","E","R","M","T","R","$","R","E","?","R","BOSS"],"build_version":"2019-07-17","purchased_purges":2,"victory":false,"max_hp_per_floor":[66,66,66,66,66,66,66,66,66,66,66,66,66,66,66,66,66,66,66,71,71,71,71,71,71,71,71,71,71,71,71,71,71,71,71,71,71,71,71,71,71,71,71,71,71,71,71,71,71,71],"card_choices":[{"not_picked":["Underhanded Strike","Quick Slash"],"picked":"Slice","floor":1.0},{"not_picked":["Prepared","Sucker Punch","Accuracy"],"picked":"SKIP","floor":2.0},{"not_picked":["Slice","Quick Slash"],"picked":"Poisoned Stab","floor":3.0},{"not_picked":["Blade Dance","Quick Slash"],"picked":"Dash","floor":4.0},{"not_picked":["Eviscerate","Flying Knee"],"picked":"Venomology","floor":6.0},{"not_picked":["Setup","Accuracy"],"picked":"Flying Knee","floor":8.0},{"not_picked":["Quick Slash","Calculated Gamble"],"picked":"Heel Hook","floor":11.0},{"not_picked":["Slice","Bouncing Flask"],"picked":"Backflip","floor":12.0},{"not_picked":["Endless Agony","Tactician"],"picked":"Dagger Spray","floor":13.0},{"not_picked":["Acrobatics","Blade Dance"],"picked":"Terror","floor":14.0},{"not_picked":["Venomology","Grand Finale"],"picked":"Burst","floor":16.0},{"not_picked":["Prepared","Escape Plan"],"picked":"Flechettes","floor":18.0},{"not_picked":["Prepared","Quick Slash","Slice"],"picked":"SKIP","floor":22.0},{"not_picked":["Predator","Prepared"],"picked":"Tools of the Trade","floor":23.0},{"not_picked":["Slice","All Out Attack"],"picked":"Bane","floor":24.0},{"not_picked":["Die Die Die","Backstab"],"picked":"Backflip","floor":27.0},{"not_picked":["Prepared","Dagger Spray+1","Flying Knee"],"picked":"Well Laid Plans+1","floor":31.0},{"not_picked":["Storm of Steel","Doppelganger","Unload"],"picked":"Adrenaline","floor":33.0},{"not_picked":["Quick Slash","Bane+1","Underhanded Strike+1"],"picked":"PiercingWail","floor":35.0},{"not_picked":["Deflect","Acrobatics+1","Endless Agony"],"picked":"Noxious Fumes","floor":36.0},{"not_picked":["A Thousand Cuts","Cloak And Dagger","Skewer+1"],"picked":"Reflex","floor":38.0},{"not_picked":["Leg Sweep","Bane","Cloak And Dagger"],"picked":"Underhanded Strike+1","floor":39.0},{"not_picked":["Slice","Finisher","Deflect"],"picked":"Tactician+1","floor":40.0},{"not_picked":["Cloak And Dagger","Noxious Fumes","Infinite Blades"],"picked":"Caltrops","floor":42},{"not_picked":["Expertise","Terror","Escape Plan"],"picked":"Catalyst","floor":47},{"not_picked":["Sucker Punch","Slice","Prepared"],"picked":"Bane+1","floor":48}],"player_experience":885819,"relics_obtained":[{"floor":6.0,"key":"Nunchaku"},{"floor":9.0,"key":"Regal Pillow"},{"floor":11.0,"key":"Happy Flower"},{"floor":13.0,"key":"Smiling Mask"},{"floor":23.0,"key":"Bottled Flame"},{"floor":30.0,"key":"Question Card"},{"floor":31.0,"key":"Darkstone Periapt"},{"floor":40.0,"key":"Unceasing Top"},{"floor":43,"key":"Pen Nib"},{"floor":47,"key":"Orichalcum"},{"floor":48,"key":"Ice Cream"}],"event_choices":[{"damage_healed":0.0,"max_hp_gain":0.0,"max_hp_loss":0.0,"gold_gain":0.0,"cards_transformed":["Strike_G"],"event_name":"Transmorgrifier","player_choice":"Transformed","floor":5.0,"gold_loss":0.0,"damage_taken":0.0,"cards_obtained":["Envenom"]},{"damage_healed":0.0,"max_hp_gain":5.0,"max_hp_loss":0.0,"gold_gain":0.0,"event_name":"Forgotten Altar","player_choice":"Shed Blood","floor":20.0,"gold_loss":0.0,"damage_taken":17.0},{"damage_healed":0.0,"max_hp_gain":0.0,"max_hp_loss":0.0,"gold_gain":100.0,"event_name":"Golden Shrine","player_choice":"Pray","floor":21.0,"gold_loss":0.0,"damage_taken":0.0},{"damage_healed":0.0,"max_hp_gain":0.0,"max_hp_loss":0.0,"gold_gain":0.0,"event_name":"Back to Basics","player_choice":"Simplicity","floor":25.0,"gold_loss":0.0,"damage_taken":0.0,"cards_upgraded":["Strike_G","Strike_G","Strike_G","Defend_G","Defend_G","Defend_G","Defend_G","Defend_G"]},{"damage_healed":0.0,"max_hp_gain":0.0,"max_hp_loss":0.0,"gold_gain":0.0,"event_name":"Winding Halls","player_choice":"Embrace Madness","floor":37.0,"gold_loss":0.0,"damage_taken":9.0,"cards_obtained":["Madness","Madness"]},{"damage_healed":0,"gold_gain":0,"player_choice":"Fight","damage_taken":0,"max_hp_gain":0,"max_hp_loss":0,"event_name":"Mysterious Sphere","floor":48,"gold_loss":0}],"is_beta":false,"boss_relics":[{"not_picked":["Snecko Eye","Busted Crown"],"picked":"Ectoplasm"},{"not_picked":["Pandora\u0027s Box","Ring of the Serpent"],"picked":"White Beast Statue"}],"items_purged_floors":[19,45],"is_endless":false,"potions_floor_spawned":[2,4,13,16,18,22,23,31,33,35,36,38,39,40,42,47,48],"killed_by":"Awakened One","ascension_level":14}