{"path_per_floor":["M","M","M","?","?","R","E","R","T","E","R","$","R","?","R","B",null,"M","?","$","?","M","E","M","M","T","?","R","M","R","M","R","B",null,"M","?","M","M","$","R","E","M","T","R","M","R","?","T","R"],"character_chosen":"IRONCLAD","items_purchased":["Master of Strategy","Double Tap","Feed","Panache"],"gold_per_floor":[361,372,388,388,388,388,422,422,422,454,454,24,24,24,24,153,153,168,168,10,10,34,68,93,107,185,185,185,195,195,211,211,310,310,328,328,345,356,55,55,87,99,99,99,111,111,158,158,158,158],"floor_reached":50,"campfire_rested":2,"playtime":5914,"current_hp_per_floor":[73,79,80,64,64,64,46,46,46,31,55,55,55,35,59,65,80,76,56,56,40,40,56,52,40,40,40,40,43,43,59,59,63,63,65,65,71,71,71,71,72,79,79,79,72,72,97,97,97,0],"items_purged":["Writhe","Defend_R"],"gold":158,"score":599,"play_id":"59e33806-ee24-4a5b-8f74-bab16336c937","local_time":"20180406030633","is_prod":false,"is_daily":false,"is_ascension_mode":false,"campfire_upgraded":9,"timestamp":1523009193,"path_taken":["M","M","?","?","?","R","E","R","T","E","R","$","R","?","R","BOSS","M","?","?","?","M","E","M","M","T","?","R","M","R","M","R","BOSS","M","?","M","?","$","R","E","?","T","R","?","R","?","?","R","BOSS"],"build_version":"2018-04-05v2","purchased_purges":2,"victory":false,"master_deck":["Defend_R","Defend_R","Defend_R","Bash+1","Anger+1","Battle Trance+1","Flex+1","Rage+1","Evolve","Master of Strategy","Double Tap+1","Brutality+1","Anger+1","Bite","Bite","Bite","Bite","Bite","Feed+1","Necronomicurse","Intimidate","Sever Soul+1","Warcry+1","Heavy Blade+1","Rampage+1","Barricade+1","Power Through+1","Pommel Strike+1","Metallicize+1","Panache+1","Demon Form+1","Battle Trance+1","Burning Pact","Uppercut+1"],"max_hp_per_floor":[80,80,80,80,80,80,80,80,80,80,80,80,80,80,80,80,80,80,56,56,56,56,56,59,59,59,59,59,59,59,59,59,63,63,67,67,71,71,71,71,75,79,79,79,79,79,97,97,97,97],"relics":["Burning Blood","Charon\u0027s Ashes","Torii","Letter Opener","Bloody Idol","Runic Dome","Necronomicon","Bottled Flame","Frozen Egg 2","Sozu","Pen Nib","Red Skull","Mango","Girya"],"card_choices":[{"not_picked":["Shrug It Off","Headbutt"],"picked":"Anger","floor":1.0},{"not_picked":["Carnage","Cleave"],"picked":"Battle Trance","floor":2.0},{"not_picked":["Headbutt","Sword Boomerang"],"picked":"Flex","floor":3.0},{"not_picked":["Intimidate","Whirlwind"],"picked":"Rage","floor":7.0},{"not_picked":["Headbutt","Flame Barrier"],"picked":"Evolve","floor":10.0},{"not_picked":["Impervious","Dark Embrace"],"picked":"Brutality","floor":16.0},{"not_picked":["Clothesline","Heavy Blade"],"picked":"Anger","floor":18.0},{"not_picked":["Twin Strike","Sword Boomerang"],"picked":"Intimidate","floor":22},{"not_picked":["Iron Wave","Body Slam"],"picked":"Sever Soul","floor":23},{"not_picked":["Twin Strike","Inflame"],"picked":"Warcry","floor":24},{"not_picked":["Warcry","Blood for Blood"],"picked":"Heavy Blade","floor":29},{"not_picked":["Clothesline","Cleave"],"picked":"Rampage","floor":31},{"not_picked":["Demon Form","Dark Embrace"],"picked":"Barricade","floor":33},{"not_picked":["Thunderclap","Headbutt"],"picked":"Power Through","floor":35},{"not_picked":["Sword Boomerang","True Grit"],"picked":"Pommel Strike","floor":37},{"not_picked":["Sword Boomerang","Cleave"],"picked":"Metallicize","floor":38},{"not_picked":["Wild Strike","Searing Blow"],"picked":"Demon Form","floor":41},{"not_picked":["Disarm","Shrug It Off"],"picked":"Battle Trance","floor":42},{"not_picked":["Rampage","Metallicize"],"picked":"Burning Pact","floor":45},{"not_picked":["Evolve","Body Slam"],"picked":"Uppercut","floor":47}],"player_experience":78512,"potions_floor_usage":[23,33,33,33],"damage_taken":[{"damage":13.0,"enemies":"Cultist","floor":1.0,"turns":6.0},{"damage":0.0,"enemies":"Small Slimes","floor":2.0,"turns":5.0},{"damage":1.0,"enemies":"Jaw Worm","floor":3.0,"turns":3.0},{"damage":24.0,"enemies":"Gremlin Nob","floor":7.0,"turns":4.0},{"damage":21.0,"enemies":"Lagavulin","floor":10.0,"turns":7.0},{"damage":0.0,"enemies":"Slime Boss","floor":16.0,"turns":6.0},{"damage":10.0,"enemies":"Shell Parasite","floor":18.0,"turns":3.0},{"damage":10.0,"enemies":"3 Byrds","floor":22.0,"turns":3.0},{"damage":6,"enemies":"Book of Stabbing","floor":23,"turns":5},{"damage":23,"enemies":"Cultist and Chosen","floor":24,"turns":4},{"damage":28,"enemies":"Centurion and Healer","floor":25,"turns":4},{"damage":16,"enemies":"Snake Plant","floor":29,"turns":3},{"damage":1,"enemies":"Chosen and Byrds","floor":31,"turns":2},{"damage":17,"enemies":"Collector","floor":33,"turns":4},{"damage":21,"enemies":"3 Darklings","floor":35,"turns":3},{"damage":0,"enemies":"3 Shapes","floor":37,"turns":3},{"damage":13,"enemies":"Sphere and 2 Shapes","floor":38,"turns":2},{"damage":19,"enemies":"Giant Head","floor":41,"turns":6},{"damage":5,"enemies":"4 Shapes","floor":42,"turns":3},{"damage":18,"enemies":"3 Darklings","floor":45,"turns":3},{"damage":16,"enemies":"Mysterious Sphere","floor":47,"turns":4},{"damage":115,"enemies":"Awakened One","floor":50,"turns":5}],"event_choices":[{"event_name":"Shining Light","player_choice":"Entered Light","floor":4.0,"damage_taken":0.0},{"event_name":"Living Wall","player_choice":"Forget","floor":5.0,"damage_taken":0.0},{"event_name":"Golden Idol","player_choice":"Take Damage","floor":14.0,"damage_taken":0.0},{"event_name":"Vampires","player_choice":"Became a vampire","floor":19.0,"damage_taken":0.0},{"event_name":"Cursed Tome","player_choice":"Obtained Book","floor":21.0,"damage_taken":0.0},{"event_name":"Forgotten Altar","player_choice":"Gave Idol","floor":27,"damage_taken":0},{"event_name":"The Lab","player_choice":"Got Potions","floor":36,"damage_taken":0},{"event_name":"Mysterious Sphere","player_choice":"Fight","floor":47,"damage_taken":0}],"boss_relics":[{"not_picked":["Mark of Pain","Velvet Choker"],"picked":"Sozu"}],"potions_floor_spawned":[1,16,18,23,25,31,37,38,47],"seed_played":"7271654853906424376","killed_by":"Awakened One","ascension_level":0,"is_trial":false}