{"path_per_floor":["M","?","?","M","M","R","M","M","T","R","M","R","?","M","R","B",null,"M","$","?","M","?","E","M","R","T","R","M"],"character_chosen":"DEFECT","items_purchased":["Art of War","Impulse"],"gold_per_floor":[112,112,112,129,139,139,121,137,192,192,206,206,206,221,221,318,318,333,55,55,72,72,100,118,118,118,118,135,135],"floor_reached":29,"campfire_rested":0,"playtime":2954,"current_hp_per_floor":[75,75,57,51,43,43,31,28,28,28,23,23,23,14,14,27,75,60,60,66,68,68,35,35,35,35,35,28,0],"items_purged":["Strike_B"],"gold":135,"score":249,"play_id":"92a61187-dfdc-4e51-9c54-ceb19b854f23","local_time":"20180427152435","is_prod":false,"is_daily":false,"chose_seed":false,"is_ascension_mode":true,"campfire_upgraded":6,"timestamp":1524867875,"path_taken":["M","?","?","M","M","R","M","M","T","R","M","R","?","M","R","BOSS","M","$","?","M","?","E","M","R","T","R","?","E"],"build_version":"2018-04-26v2","seed_source_timestamp":0,"purchased_purges":1,"victory":false,"master_deck":["Strike_B","Strike_B","Defend_B","Defend_B","Defend_B","Defend_B","Zap+1","Dualcast+1","Tempest","Go for the Eyes+1","Genetic Algorithm+1","Capacitor","Streamline","Gash","Glacier","Seek+1","Coolheaded+1","Impulse","Writhe","Darkness","Storm+1","Gash","Impulse+1","Glacier+1"],"max_hp_per_floor":[75,75,75,75,75,75,75,75,75,75,75,75,75,75,75,75,75,75,75,81,81,81,81,81,81,81,81,81,81],"relics":["Cracked Core","Darkstone Periapt","Blood Vial","Prayer Wheel","Inserter","Art of War","Question Card","The Courier","Dodecahedron"],"card_choices":[{"not_picked":["Hello World","Stack"],"picked":"Tempest","floor":1},{"not_picked":["Cold Snap","Force Field"],"picked":"Go for the Eyes","floor":4},{"not_picked":["Streamline","Reinforced Body"],"picked":"Genetic Algorithm","floor":5},{"not_picked":["Cold Snap","Hologram"],"picked":"Capacitor","floor":7},{"not_picked":["Stack","Skim"],"picked":"Streamline","floor":8},{"not_picked":["Leap","Hologram"],"picked":"Gash","floor":11},{"not_picked":["Buffer","Multi-Cast"],"picked":"Glacier","floor":14},{"not_picked":["Redo","Fission"],"picked":"Seek","floor":16},{"not_picked":["Stack","Melter"],"picked":"Coolheaded","floor":18},{"not_picked":["Conserve Battery","Barrage","Stack"],"picked":"Darkness","floor":21},{"not_picked":["Axe Kick","Gash","Amplify"],"picked":"Storm","floor":23},{"not_picked":["Leap","Capacitor","Coolheaded"],"picked":"Gash","floor":24},{"not_picked":["Skim","Sweeping Beam","Stack"],"picked":"Impulse","floor":26},{"not_picked":["Barrage","Leap","Tempest"],"picked":"Glacier","floor":28}],"player_experience":424039,"potions_floor_usage":[16,16,18,29,29],"damage_taken":[{"damage":0.0,"enemies":"Small Slimes","floor":1.0,"turns":4.0},{"damage":6,"enemies":"2 Louse","floor":4,"turns":3},{"damage":8,"enemies":"Large Slime","floor":5,"turns":5},{"damage":12,"enemies":"Exordium Thugs","floor":7,"turns":4},{"damage":3,"enemies":"Looter","floor":8,"turns":3},{"damage":7,"enemies":"2 Fungi Beasts","floor":11,"turns":4},{"damage":11,"enemies":"Exordium Wildlife","floor":14,"turns":4},{"damage":4,"enemies":"The Guardian","floor":16,"turns":11},{"damage":15,"enemies":"2 Thieves","floor":18,"turns":4},{"damage":0,"enemies":"Shell Parasite","floor":21,"turns":9},{"damage":35,"enemies":"Book of Stabbing","floor":23,"turns":8},{"damage":2,"enemies":"Snecko","floor":24,"turns":5},{"damage":9,"enemies":"Snake Plant","floor":28,"turns":6},{"damage":30,"enemies":"Gremlin Leader","floor":29,"turns":4}],"event_choices":[{"event_name":"Living Wall","player_choice":"Forget","floor":2,"damage_taken":0},{"event_name":"Scrap Ooze","player_choice":"success","floor":3,"damage_taken":18},{"event_name":"Dead Adventurer","player_choice":"Searched \u00272\u0027 times","floor":13,"damage_taken":0},{"event_name":"The Mausoleum","player_choice":"Yes","floor":20,"damage_taken":0},{"event_name":"Vampires","player_choice":"Ignored","floor":22,"damage_taken":0}],"boss_relics":[{"not_picked":["Cursed Key","Calling Bell"],"picked":"Inserter"}],"potions_floor_spawned":[5,8,16,23,28],"seed_played":"8514038194176075063","killed_by":"Gremlin Leader","ascension_level":1,"is_trial":false}