{"path_per_floor":["M","?","$","M","M","E","R","$","T","M","M","M","E","M","R","B",null,"M","M","?","M","M"],"character_chosen":"IRONCLAD","items_purchased":["Whirlwind"],"gold_per_floor":[114,114,46,56,71,98,98,23,23,43,54,74,106,126,126,224,224,244,264,264,281,295,295],"floor_reached":23,"campfire_rested":0,"playtime":632,"item_purchase_floors":[3],"current_hp_per_floor":[80,80,80,80,80,66,66,66,66,63,69,75,73,72,72,23,80,71,62,62,37,38,0],"items_purged":["Strike_R"],"gold":295,"score":207,"play_id":"8e4323e2-9090-4133-8a22-dff827a431f9","local_time":"20180523201248","is_prod":false,"is_daily":false,"chose_seed":false,"is_ascension_mode":false,"campfire_upgraded":2,"win_rate":0.14354067,"timestamp":1527120768,"campfire_choices":[{"data":"Flex","floor":7,"key":"SMITH"},{"data":"Whirlwind","floor":15,"key":"SMITH"}],"path_taken":["M","?","?","M","M","E","R","$","T","M","M","?","E","M","R","BOSS","M","M","?","M","M","E"],"build_version":"2018-05-22","seed_source_timestamp":69702092132876,"purchased_purges":1,"victory":false,"master_deck":["Strike_R","Strike_R","Defend_R","Defend_R","Defend_R","Defend_R","Bash","Flex+1","Whirlwind+1","Headbutt","Anger","Flex","Dark Embrace","Inflame+1","Seeing Red"],"max_hp_per_floor":[80,80,80,80,80,80,80,80,80,80,80,80,80,80,80,80,80,80,80,80,80,80,80],"relics":["Burning Blood","NeowsBlessing","Ice Cream","Dead Branch","Happy Flower","White Beast Statue"],"card_choices":[{"not_picked":["Anger","Iron Wave"],"picked":"Flex","floor":1},{"not_picked":["Havoc","Clash"],"picked":"Headbutt","floor":4},{"not_picked":["Wild Strike","Armaments","Heavy Blade"],"picked":"SKIP","floor":5},{"not_picked":["Havoc","Rage"],"picked":"Anger","floor":6},{"not_picked":["Hemokinesis","Burning Pact"],"picked":"Flex","floor":10},{"not_picked":["Sentinel","Clothesline","Sever Soul"],"picked":"SKIP","floor":11},{"not_picked":["Infernal Blade","Clash","Anger"],"picked":"SKIP","floor":12},{"not_picked":["Battle Trance","Intimidate","Corruption"],"picked":"SKIP","floor":13},{"not_picked":["Carnage","Headbutt","Reckless Charge"],"picked":"SKIP","floor":14},{"not_picked":["Berserk","Impervious"],"picked":"Dark Embrace","floor":16},{"not_picked":["Warcry","Thunderclap"],"picked":"Inflame+1","floor":18},{"not_picked":["Pommel Strike+1","Clothesline"],"picked":"Seeing Red","floor":19},{"not_picked":["Burning Pact+1","Searing Blow","Combust+1"],"picked":"SKIP","floor":21},{"not_picked":["Cleave","Rupture","Havoc+1"],"picked":"SKIP","floor":22}],"player_experience":491737,"potions_floor_usage":[13,18,21,23,23],"damage_taken":[{"damage":0,"enemies":"Small Slimes","floor":1,"turns":1},{"damage":0,"enemies":"Cultist","floor":4,"turns":1},{"damage":0,"enemies":"Jaw Worm","floor":5,"turns":1},{"damage":20,"enemies":"Gremlin Nob","floor":6,"turns":4},{"damage":9,"enemies":"Exordium Thugs","floor":10,"turns":3},{"damage":0,"enemies":"Exordium Wildlife","floor":11,"turns":2},{"damage":0,"enemies":"Large Slime","floor":12,"turns":3},{"damage":8,"enemies":"3 Sentries","floor":13,"turns":3},{"damage":7,"enemies":"2 Fungi Beasts","floor":14,"turns":2},{"damage":55,"enemies":"The Guardian","floor":16,"turns":10},{"damage":15,"enemies":"Shell Parasite","floor":18,"turns":5},{"damage":15,"enemies":"Chosen","floor":19,"turns":4},{"damage":31,"enemies":"Centurion and Healer","floor":21,"turns":5},{"damage":5,"enemies":"Cultist and Chosen","floor":22,"turns":3},{"damage":49,"enemies":"Gremlin Leader","floor":23,"turns":4}],"relics_obtained":[{"floor":6,"key":"Ice Cream"},{"floor":9,"key":"Dead Branch"},{"floor":13,"key":"Happy Flower"}],"event_choices":[{"event_name":"Bonfire Elementals","player_choice":"BASIC","floor":2,"damage_taken":0},{"event_name":"Back to Basics","player_choice":"Elegance","floor":20,"damage_taken":0}],"boss_relics":[{"not_picked":["Runic Dome","Pandora\u0027s Box"],"picked":"White Beast Statue"}],"items_purged_floors":[8],"potions_floor_spawned":[5,6,11,12,16,18,19,21,22],"seed_played":"-3452305725959381278","killed_by":"Gremlin Leader","ascension_level":0,"potions_obtained":[{"floor":5,"key":"SpeedPotion"},{"floor":6,"key":"SpeedPotion"},{"floor":11,"key":"Fire Potion"},{"floor":16,"key":"LiquidBronze"},{"floor":18,"key":"Regen Potion"},{"floor":19,"key":"AttackPotion"},{"floor":21,"key":"Energy Potion"}],"is_trial":false}