{"path_per_floor":["M","?","$","M","M","R","M","R","T","$","?","R","$","M","R","B",null,"M","?","$","?","?","R","M","R","T","M","M","R","T"],"character_chosen":"DEFECT","items_purchased":["Capacitor","Loop","Defragment"],"gold_per_floor":[118,118,67,84,103,103,117,117,147,147,147,147,77,87,87,186,186,204,254,186,186,286,286,297,297,597,616,635,635,661,661],"floor_reached":31,"campfire_rested":0,"playtime":633,"current_hp_per_floor":[71,71,71,62,59,59,56,56,56,56,61,61,61,61,61,36,80,80,80,80,80,80,80,70,70,70,44,14,14,14,0],"items_purged":[],"gold":661,"score":223,"play_id":"c36a0357-9141-454e-9026-496d3ecfddf6","local_time":"20180428155922","is_prod":false,"is_daily":false,"chose_seed":false,"is_ascension_mode":false,"campfire_upgraded":7,"timestamp":1524945562,"path_taken":["M","?","$","M","M","R","?","R","T","$","?","R","?","M","R","BOSS","M","?","$","?","?","R","M","R","T","?","M","R","?","M"],"build_version":"2018-04-27v3","seed_source_timestamp":2391095793286714,"purchased_purges":0,"victory":false,"master_deck":["Strike_B","Strike_B","Strike_B","Strike_B","Defend_B","Defend_B","Defend_B","Defend_B","Zap","Dualcast+1","Storm+1","Capacitor","Double Energy","Static Discharge+1","Darkness+1","Loop+1","White Noise","Redo+1","Turbo+1","Defragment+1","Self Repair+1","Go for the Eyes"],"max_hp_per_floor":[75,75,75,75,75,75,75,75,75,75,80,80,80,80,80,80,80,80,80,80,80,80,80,80,80,80,80,80,80,80,80],"relics":["Cracked Core","Tiny Chest","Runic Dome","Old Coin","Singing Bowl"],"card_choices":[{"not_picked":["Go for the Eyes","Barrage"],"picked":"Storm","floor":1},{"not_picked":["Beam Cell","Go for the Eyes"],"picked":"Double Energy","floor":4},{"not_picked":["Doom and Gloom","Ball Lightning"],"picked":"Static Discharge","floor":5},{"not_picked":["Force Field","Rebound"],"picked":"Darkness","floor":7},{"not_picked":["Go for the Eyes","Coolheaded"],"picked":"White Noise","floor":14},{"not_picked":["Multi-Cast","Fission"],"picked":"Redo","floor":16},{"not_picked":["Blizzard","Glacier"],"picked":"Turbo","floor":18},{"not_picked":["Stack","Skim"],"picked":"Self Repair","floor":27},{"not_picked":["Skim","Sweeping Beam"],"picked":"Go for the Eyes","floor":28}],"player_experience":403739,"potions_floor_usage":[24,31],"damage_taken":[{"damage":4,"enemies":"2 Louse","floor":1,"turns":3},{"damage":9,"enemies":"Cultist","floor":4,"turns":4},{"damage":3,"enemies":"Small Slimes","floor":5,"turns":3},{"damage":3,"enemies":"Red Slaver","floor":7,"turns":3},{"damage":0,"enemies":"Large Slime","floor":14,"turns":4},{"damage":25,"enemies":"Slime Boss","floor":16,"turns":6},{"damage":5,"enemies":"Chosen","floor":18,"turns":3},{"damage":10,"enemies":"3 Byrds","floor":24,"turns":4},{"damage":26,"enemies":"Cultist and Chosen","floor":27,"turns":4},{"damage":30,"enemies":"Snecko","floor":28,"turns":3},{"damage":20,"enemies":"Slaver and Parasite","floor":31,"turns":1}],"event_choices":[{"event_name":"The Woman in Blue","player_choice":"Bought 0 Potions","floor":2,"damage_taken":0},{"event_name":"Big Fish","player_choice":"Donut","floor":11,"damage_taken":0},{"event_name":"The Joust","player_choice":"Bet on Murderer","floor":19,"damage_taken":0},{"event_name":"Upgrade Shrine","player_choice":"Upgraded","floor":21,"damage_taken":0},{"event_name":"Golden Shrine","player_choice":"Pray","floor":22,"damage_taken":0}],"boss_relics":[{"not_picked":["Inserter","Lizard Tail"],"picked":"Runic Dome"}],"potions_floor_spawned":[4,7,27],"seed_played":"5228062502174623392","killed_by":"Slaver and Parasite","ascension_level":0,"is_trial":false}