{"path_per_floor":["M","M","?","?","?","R","E","R","T","M","R","M","R","M","R","B",null,"M","?","$","M","M","E","R","E","T","M","$","?","?","M","R","B",null,"M","M","M","?","$","R","M","?","T","M","$","M","R","M","R","B"],"character_chosen":"THE_SILENT","items_purchased":["Bird Faced Urn","Bandage Up"],"gold_per_floor":[116,130,130,130,130,130,165,165,165,181,181,201,201,216,216,311,311,321,321,17,31,50,77,77,104,131,147,47,47,47,67,67,171,171,186,204,214,214,139,139,155,0,0,16,16,35,35,47,47,47],"floor_reached":51,"campfire_rested":3,"playtime":2642,"current_hp_per_floor":[70,70,56,56,70,70,70,70,70,70,70,69,69,68,68,41,70,61,61,61,69,70,37,58,56,56,52,52,52,70,64,64,26,70,70,64,70,70,70,70,38,38,38,49,49,26,47,48,69,41],"items_purged":["Strike_G"],"gold":47,"score":614,"play_id":"6f3da248-67d9-47fe-ac76-3bd7b465586b","is_prod":false,"is_daily":false,"is_ascension_mode":false,"campfire_upgraded":7,"path_taken":["M","M","?","?","?","R","E","R","T","M","R","M","R","?","R","BOSS","M","?","$","M","M","E","R","E","T","M","$","?","?","M","R","BOSS","M","M","M","?","$","R","M","?","T","M","?","?","R","M","R","BOSS"],"build_version":"2018-02-22-PROD1","purchased_purges":2,"victory":true,"master_deck":["Defend_G+1","Defend_G","Defend_G","Defend_G+1","Defend_G+1","Strike_G","Strike_G+1","Strike_G","Strike_G","Survivor","Neutralize+1","Slice+1","Escape Plan","Dodge and Roll+1","Footwork+1","Wraith Form+1","Noxious Fumes+1","A Thousand Cuts+1","Acrobatics+1","Footwork","Cloak And Dagger+1","Deflect+1","Dagger Throw","Injury","Distraction+1","Bandage Up+1","Neutralize","Finesse+1","Injury","Burst+1","Catalyst+1","Masterful Stab+1","Finisher+1","Slice+1","Writhe","Noxious Fumes+1"],"max_hp_per_floor":[70,70,70,70,70,70,70,70,70,70,70,70,70,70,70,70,70,70,70,70,70,70,70,70,70,70,70,70,70,70,70,70,70,70,70,70,70,70,70,70,70,70,70,70,70,70,70,70,70,70],"relics":["Ring of the Snake","NeowsBlessing","Toxic Egg 2","Torii","Cursed Key","Lantern","Bird Faced Urn","Oddly Smooth Stone","War Paint","Pen Nib","Lizard Tail","Red Mask"],"card_choices":[{"not_picked":["Dash","Masterful Stab"],"picked":"Slice"},{"not_picked":["Prepared","Accuracy"],"picked":"Escape Plan"},{"not_picked":["Well Laid Plans","Cloak And Dagger"],"picked":"Dodge and Roll"},{"not_picked":["Heel Hook","Outmaneuver"],"picked":"Footwork"},{"not_picked":["Backflip","All Out Attack"],"picked":"Wraith Form"},{"not_picked":["PiercingWail","Dagger Throw"],"picked":"Noxious Fumes"},{"not_picked":["Doppelganger","Storm of Steel"],"picked":"A Thousand Cuts"},{"not_picked":["Catalyst","Prepared"],"picked":"Acrobatics"},{"not_picked":["Underhanded Strike","Dagger Spray"],"picked":"Footwork"},{"not_picked":["Acrobatics","Backflip"],"picked":"Cloak And Dagger"},{"not_picked":["Bane","Crippling Poison"],"picked":"Deflect"},{"not_picked":["Doppelganger","Storm of Steel"],"picked":"Dagger Throw"},{"not_picked":["Prepared","Calculated Gamble"],"picked":"Distraction"},{"not_picked":["Night Terror","Die Die Die"],"picked":"Burst"},{"not_picked":["Sucker Punch","Deflect"],"picked":"Catalyst"},{"not_picked":["Crippling Poison","Cloak And Dagger"],"picked":"Masterful Stab"},{"not_picked":["Sucker Punch","Bane"],"picked":"Finisher"},{"not_picked":["Heel Hook","Bouncing Flask"],"picked":"Slice"},{"not_picked":["Caltrops","Backflip"],"picked":"Noxious Fumes"}],"player_experience":115889,"potions_floor_usage":[50,50,50],"damage_taken":[{"damage":0,"enemies":"2 Louse","floor":1,"turns":1},{"damage":0,"enemies":"Small Slimes","floor":2,"turns":1},{"damage":0,"enemies":"3 Sentries","floor":7,"turns":1},{"damage":0,"enemies":"Jaw Worm","floor":10,"turns":4},{"damage":1,"enemies":"3 Louse","floor":12,"turns":5},{"damage":1,"enemies":"Exordium Thugs","floor":14,"turns":9},{"damage":27,"enemies":"The Guardian","floor":16,"turns":10},{"damage":9,"enemies":"3 Byrds","floor":18,"turns":6},{"damage":0,"enemies":"Shell Parasite","floor":21,"turns":6},{"damage":1,"enemies":"Snake Plant","floor":22,"turns":4},{"damage":37,"enemies":"Slavers","floor":23,"turns":5},{"damage":12,"enemies":"Gremlin Leader","floor":25,"turns":8},{"damage":12,"enemies":"Snecko","floor":27,"turns":5},{"damage":14,"enemies":"Centurion and Healer","floor":31,"turns":8},{"damage":45,"enemies":"Champ","floor":33,"turns":13},{"damage":0,"enemies":"3 Darklings","floor":35,"turns":4},{"damage":8,"enemies":"Orb Walker","floor":36,"turns":5},{"damage":0,"enemies":"Maw","floor":37,"turns":9},{"damage":36,"enemies":"4 Shapes","floor":41,"turns":7},{"damage":1,"enemies":"Sphere and 2 Shapes","floor":44,"turns":4},{"damage":37,"enemies":"Maw","floor":46,"turns":7},{"damage":7,"enemies":"3 Darklings","floor":48,"turns":4},{"damage":112,"enemies":"Donu and Deca","floor":50,"turns":11}],"event_choices":[{"event_name":"Shining Light","player_choice":"Entered Light","floor":3,"damage_taken":0},{"event_name":"Golden Idol","player_choice":"Ignored","floor":4,"damage_taken":0},{"event_name":"Big Fish","player_choice":"Banana","floor":5,"damage_taken":0},{"event_name":"The Mausoleum","player_choice":"Yes","floor":19,"damage_taken":0},{"event_name":"Match and Keep!","player_choice":"3 cards matched","floor":29,"damage_taken":0},{"event_name":"The Library","player_choice":"Heal","floor":30,"damage_taken":0},{"event_name":"Mysterious Sphere","player_choice":"Ignore","floor":38,"damage_taken":0},{"event_name":"Tomb of Lord Red Mask","player_choice":"Paid","floor":42,"damage_taken":0}],"boss_relics":[{"not_picked":["Calling Bell","Orrery"],"picked":"Cursed Key"},{"not_picked":["Runic Pyramid","Tiny House"],"picked":"Lizard Tail"}],"potions_floor_spawned":[7,10,12,14,18,25,31,35,37,46],"seed_played":"-1911222732521201432","ascension_level":0,"is_trial":false}