{"gold_per_floor":[117,117,133,133,9,9,9,28,54,69,107,123,158,176,176,176],"floor_reached":16,"playtime":756,"items_purged":["Strike_R"],"score":118,"play_id":"37eb73cd-c67c-4f75-84cb-6b3e6fee9e78","local_time":"20190916020932","is_ascension_mode":true,"campfire_choices":[{"data":"Shrug It Off","floor":6,"key":"SMITH"},{"data":"Body Slam","floor":15,"key":"SMITH"}],"neow_cost":"NONE","seed_source_timestamp":2584166977737400,"circlet_count":0,"master_deck":["Strike_R","Strike_R","Strike_R+1","Strike_R","Defend_R","Defend_R","Defend_R+1","Defend_R","Bash","Body Slam+1","Shrug It Off+1"],"relics":["Burning Blood","Art of War","Golden Idol","Bag of Preparation","PreservedInsect","Centennial Puzzle"],"potions_floor_usage":[11,16,16,16],"damage_taken":[{"damage":5,"enemies":"Cultist","floor":1,"turns":4},{"damage":2,"enemies":"2 Louse","floor":3,"turns":4},{"damage":1,"enemies":"Jaw Worm","floor":8,"turns":4},{"damage":0,"enemies":"Blue Slaver","floor":10,"turns":4},{"damage":31,"enemies":"Lagavulin","floor":11,"turns":10},{"damage":0,"enemies":"3 Louse","floor":12,"turns":4},{"damage":6,"enemies":"Gremlin Nob","floor":13,"turns":3},{"damage":0,"enemies":"Large Slime","floor":14,"turns":6},{"damage":64,"enemies":"Slime Boss","floor":16,"turns":9}],"seed_played":"-4892589696987605593","potions_obtained":[{"floor":1,"key":"Strength Potion"},{"floor":8,"key":"Block Potion"},{"floor":10,"key":"LiquidBronze"},{"floor":11,"key":"Ancient Potion"}],"is_trial":false,"path_per_floor":["M","?","M","?","$","R","$","M","T","M","E","M","E","M","R","B"],"character_chosen":"IRONCLAD","items_purchased":["Shrug It Off"],"campfire_rested":0,"item_purchase_floors":[5],"current_hp_per_floor":[80,64,68,68,68,68,68,73,73,74,49,55,55,61,61,0],"gold":176,"neow_bonus":"RANDOM_COMMON_RELIC","is_prod":false,"is_daily":false,"chose_seed":false,"campfire_upgraded":2,"win_rate":0,"timestamp":1568614172,"path_taken":["M","?","M","?","$","R","$","M","T","?","E","M","E","M","R","BOSS"],"build_version":"2019-07-17","purchased_purges":1,"victory":false,"max_hp_per_floor":[80,80,80,74,74,74,74,74,74,74,74,74,74,74,74,74],"card_choices":[{"not_picked":["Rampage","Warcry","Power Through"],"picked":"SKIP","floor":1},{"not_picked":["Iron Wave","Sword Boomerang"],"picked":"Body Slam","floor":3},{"not_picked":["Thunderclap","Perfected Strike","Power Through"],"picked":"SKIP","floor":8},{"not_picked":["Rage","Cleave","Flex"],"picked":"SKIP","floor":10},{"not_picked":["Pummel","Ghostly Armor","Cleave"],"picked":"SKIP","floor":11},{"not_picked":["Perfected Strike","Armaments","Thunderclap"],"picked":"SKIP","floor":12},{"not_picked":["Clothesline","Feel No Pain","Rampage"],"picked":"SKIP","floor":13},{"not_picked":["Pommel Strike","Rupture","Uppercut"],"picked":"SKIP","floor":14}],"player_experience":515242,"relics_obtained":[{"floor":9,"key":"Bag of Preparation"},{"floor":11,"key":"PreservedInsect"},{"floor":13,"key":"Centennial Puzzle"}],"event_choices":[{"damage_healed":0,"gold_gain":0,"player_choice":"Entered Light","damage_taken":16,"max_hp_gain":0,"max_hp_loss":0,"event_name":"Shining Light","floor":2,"gold_loss":0,"cards_upgraded":["Strike_R","Defend_R"]},{"damage_healed":0,"gold_gain":0,"player_choice":"Lose Max HP","damage_taken":0,"relics_obtained":["Golden Idol"],"max_hp_gain":0,"max_hp_loss":6,"event_name":"Golden Idol","floor":4,"gold_loss":0}],"is_beta":false,"boss_relics":[],"items_purged_floors":[5],"is_endless":false,"potions_floor_spawned":[1,8,10,11],"killed_by":"Slime Boss","ascension_level":1}