{"gold_per_floor":[111,121,133,146,221,221,235,235,235,249,266,266,277,287,287,287],"floor_reached":16,"playtime":390,"items_purged":[],"score":148,"play_id":"bd0fe751-3da5-48b1-b962-bb09cc1c70e8","local_time":"20180720001638","is_ascension_mode":false,"campfire_choices":[{"data":"Rampage","floor":6,"key":"SMITH"},{"data":"Whirlwind","floor":12,"key":"SMITH"},{"data":"Sword Boomerang","floor":15,"key":"SMITH"}],"neow_cost":"NONE","seed_source_timestamp":994826970298470,"circlet_count":0,"master_deck":["Strike_R","Strike_R","Strike_R","Strike_R","Strike_R","Defend_R","Defend_R","Defend_R","Defend_R","Bash","Rampage+1","Whirlwind+1","Headbutt","Twin Strike","Reckless Charge","Sword Boomerang+1"],"relics":["Burning Blood","Vajra","Potion Belt","Darkstone Periapt"],"potions_floor_usage":[2,10,16,16,16,16],"damage_taken":[{"damage":0,"enemies":"2 Louse","floor":1,"turns":3},{"damage":1,"enemies":"Jaw Worm","floor":2,"turns":4},{"damage":1,"enemies":"Cultist","floor":3,"turns":3},{"damage":11,"enemies":"Exordium Wildlife","floor":4,"turns":5},{"damage":14,"enemies":"Blue Slaver","floor":7,"turns":3},{"damage":1,"enemies":"Large Slime","floor":10,"turns":5},{"damage":13,"enemies":"Red Slaver","floor":11,"turns":2},{"damage":0,"enemies":"Gremlin Gang","floor":13,"turns":1},{"damage":10,"enemies":"Looter","floor":14,"turns":3}],"seed_played":"1179712603396333070","potions_obtained":[{"floor":1,"key":"EntropicBrew"},{"floor":10,"key":"GamblersBrew"},{"floor":11,"key":"Dexterity Potion"},{"floor":14,"key":"EssenceOfSteel"}],"is_trial":false,"path_per_floor":["M","M","M","M","?","R","M","?","T","M","M","R","M","M","R"],"character_chosen":"IRONCLAD","items_purchased":[],"campfire_rested":0,"item_purchase_floors":[],"current_hp_per_floor":[80,80,80,75,64,64,56,44,44,49,42,42,48,44,44,0],"gold":287,"neow_bonus":"RANDOM_COMMON_RELIC","is_prod":false,"is_daily":false,"chose_seed":false,"campfire_upgraded":3,"win_rate":0,"timestamp":1532060198,"path_taken":["M","M","M","M","?","R","M","?","T","?","?","R","M","M","R","BOSS"],"build_version":"2018-07-19","purchased_purges":0,"victory":false,"max_hp_per_floor":[80,80,80,80,80,80,80,80,80,80,80,80,80,80,80,80],"card_choices":[{"not_picked":["Blood for Blood","Infernal Blade","Clash"],"picked":"SKIP","floor":1},{"not_picked":["Bloodletting","Wild Strike"],"picked":"Rampage","floor":2},{"not_picked":["Fire Breathing","Seeing Red"],"picked":"Whirlwind","floor":3},{"not_picked":["Heavy Blade","Disarm"],"picked":"Headbutt","floor":4},{"not_picked":["Searing Blow","Perfected Strike"],"picked":"Twin Strike","floor":7},{"not_picked":["Entrench","Carnage","Body Slam"],"picked":"SKIP","floor":10},{"not_picked":["Reckless Charge","Hemokinesis","Bloodletting"],"picked":"SKIP","floor":11},{"not_picked":["Hemokinesis","Bloodletting"],"picked":"Reckless Charge","floor":11},{"not_picked":["Thunderclap","Entrench"],"picked":"Sword Boomerang","floor":13},{"not_picked":["Thunderclap","Clash","Body Slam"],"picked":"SKIP","floor":14}],"player_experience":758796,"relics_obtained":[{"floor":9,"key":"Darkstone Periapt"}],"event_choices":[{"event_name":"World of Goop","player_choice":"Gather Gold","floor":5,"damage_taken":0},{"event_name":"Scrap Ooze","player_choice":"success","floor":8,"damage_taken":12}],"is_beta":true,"boss_relics":[],"items_purged_floors":[],"is_endless":false,"potions_floor_spawned":[1,7,10,11,14],"killed_by":"The Guardian","ascension_level":0}