{"gold_per_floor":[119,294,313,57,69,96,96,126,197,211,211,230,260,275,275,275],"floor_reached":16,"playtime":1150,"items_purged":[],"score":134,"play_id":"0fc63261-0c31-4530-884c-c86b25456f3f","local_time":"20190723031138","is_ascension_mode":true,"campfire_choices":[{"data":"Headbutt","floor":7,"key":"SMITH"},{"data":"Bash","floor":15,"key":"SMITH"}],"neow_cost":"NONE","seed_source_timestamp":0,"circlet_count":0,"master_deck":["Strike_R","Strike_R","Strike_R","Strike_R","Strike_R","Defend_R","Defend_R","Defend_R","Defend_R","Bash+1","Flex","Doubt","Clash","Pommel Strike","Headbutt+1","Twin Strike","Anger","Regret","Flex","Flex","Ghostly Armor"],"special_seed":0,"relics":["Burning Blood","Gremlin Horn","Magic Flower","Juzu Bracelet","Ornamental Fan","Paper Frog","Regal Pillow"],"potions_floor_usage":[8,13,16],"damage_taken":[{"damage":14,"enemies":"Small Slimes","floor":1,"turns":3},{"damage":3,"enemies":"Jaw Worm","floor":3,"turns":5},{"damage":2,"enemies":"2 Louse","floor":5,"turns":3},{"damage":26,"enemies":"Lagavulin","floor":6,"turns":6},{"damage":14,"enemies":"Gremlin Nob","floor":8,"turns":3},{"damage":3,"enemies":"Blue Slaver","floor":10,"turns":3},{"damage":17,"enemies":"2 Fungi Beasts","floor":12,"turns":3},{"damage":23,"enemies":"3 Sentries","floor":13,"turns":8},{"damage":17,"enemies":"Exordium Thugs","floor":14,"turns":2},{"damage":69,"enemies":"Slime Boss","floor":16,"turns":11}],"seed_played":"4149430462020734884","potions_obtained":[{"floor":5,"key":"Regen Potion"},{"floor":6,"key":"PowerPotion"},{"floor":12,"key":"SpeedPotion"}],"is_trial":false,"path_per_floor":["M","?","M","$","M","E","R","E","T","M","?","M","E","M","R","B"],"character_chosen":"IRONCLAD","items_purchased":["Gremlin Horn"],"campfire_rested":0,"item_purchase_floors":[4],"current_hp_per_floor":[80,80,83,83,87,67,67,62,62,68,68,60,70,62,62,0],"gold":275,"neow_bonus":"TEN_PERCENT_HP_BONUS","is_prod":false,"is_daily":false,"chose_seed":false,"campfire_upgraded":2,"win_rate":0,"timestamp":1563865898,"path_taken":["M","?","M","$","M","E","R","E","T","M","?","M","E","M","R","BOSS"],"build_version":"2019-07-17","purchased_purges":0,"victory":false,"max_hp_per_floor":[88,88,88,88,88,88,88,88,88,88,88,88,88,88,88,88],"card_choices":[{"not_picked":["Heavy Blade","Pommel Strike"],"picked":"Flex","floor":1},{"not_picked":["Perfected Strike","Corruption"],"picked":"Clash","floor":3},{"not_picked":["Sword Boomerang","Headbutt"],"picked":"Pommel Strike","floor":5},{"not_picked":["True Grit","Entrench"],"picked":"Headbutt","floor":6},{"not_picked":["Flame Barrier","Carnage"],"picked":"Twin Strike","floor":8},{"not_picked":["Clothesline","Juggernaut"],"picked":"Anger","floor":10},{"not_picked":["Iron Wave","Wild Strike"],"picked":"Flex","floor":12},{"not_picked":["Intimidate","Corruption"],"picked":"Flex","floor":13},{"not_picked":["Perfected Strike","Warcry"],"picked":"Ghostly Armor","floor":14}],"player_experience":161864,"relics_obtained":[{"floor":6,"key":"Magic Flower"},{"floor":8,"key":"Juzu Bracelet"},{"floor":9,"key":"Ornamental Fan"},{"floor":13,"key":"Regal Pillow"}],"event_choices":[{"damage_healed":0,"gold_gain":175,"player_choice":"AGREE","damage_taken":0,"max_hp_gain":0,"max_hp_loss":0,"event_name":"Liars Game","floor":2,"gold_loss":0,"cards_obtained":["Doubt"]},{"damage_healed":0,"gold_gain":0,"player_choice":"Box","damage_taken":0,"relics_obtained":["Paper Frog"],"max_hp_gain":0,"max_hp_loss":0,"event_name":"Big Fish","floor":11,"gold_loss":0,"cards_obtained":["Regret"]}],"is_beta":false,"boss_relics":[],"items_purged_floors":[],"is_endless":false,"potions_floor_spawned":[5,6,12],"killed_by":"Slime Boss","ascension_level":2}