{"gold_per_floor":[116,133,24,24,34,34,54,54,54,81,92,115,115,33,33,133,133,143,69,69,69,69,69,104,104,104,54,74,91,106,119,119,220,270,282,44,44],"floor_reached":37,"playtime":1257,"items_purged":["Strike_B","Strike_B"],"score":600,"play_id":"c892bc31-a2c4-4982-b4ae-2a8def7ece4d","local_time":"20190101035817","is_ascension_mode":true,"campfire_choices":[{"data":"Defragment","floor":6.0,"key":"SMITH"},{"data":"Dualcast","floor":8.0,"key":"SMITH"},{"data":"Buffer","floor":13.0,"key":"SMITH"},{"data":"Lockon","floor":15.0,"key":"SMITH"},{"data":"Auto Shields","floor":23.0,"key":"SMITH"},{"floor":25.0,"key":"REST"},{"data":"Defragment","floor":32.0,"key":"SMITH"}],"neow_cost":"NONE","seed_source_timestamp":986184069554033,"circlet_count":0,"master_deck":["AscendersBane","Strike_B","Strike_B+1","Defend_B","Defend_B","Defend_B","Defend_B","Zap","Dualcast+1","Auto Shields+1","Defragment+1","Self Repair","Buffer+1","Lockon+1","Core Surge","Self Repair","Defragment+1","Capacitor","Loop+1","Defragment+1","Buffer","Ball Lightning","Ball Lightning","Echo Form"],"special_seed":0,"relics":["Cracked Core","NeowsBlessing","Singing Bowl","Shuriken","Ancient Tea Set","Nuclear Battery","Letter Opener","Smiling Mask","Oddly Smooth Stone","Tiny House"],"potions_floor_usage":[37,37],"damage_taken":[{"damage":0.0,"enemies":"Cultist","floor":1.0,"turns":1.0},{"damage":0.0,"enemies":"Jaw Worm","floor":2.0,"turns":1.0},{"damage":0.0,"enemies":"2 Louse","floor":5.0,"turns":1.0},{"damage":11.0,"enemies":"Looter","floor":7.0,"turns":4.0},{"damage":26.0,"enemies":"3 Sentries","floor":10.0,"turns":11.0},{"damage":4.0,"enemies":"Red Slaver","floor":11.0,"turns":4.0},{"damage":18.0,"enemies":"The Guardian","floor":16.0,"turns":11.0},{"damage":0.0,"enemies":"Spheric Guardian","floor":18.0,"turns":4.0},{"damage":31.0,"enemies":"Colosseum Slavers","floor":21.0,"turns":5.0},{"damage":43.0,"enemies":"Slavers","floor":24.0,"turns":4.0},{"damage":2.0,"enemies":"Shell Parasite","floor":28.0,"turns":6.0},{"damage":9.0,"enemies":"Chosen and Byrds","floor":29.0,"turns":7.0},{"damage":12.0,"enemies":"Centurion and Healer","floor":30.0,"turns":8.0},{"damage":12.0,"enemies":"3 Cultists","floor":31.0,"turns":6.0},{"damage":36.0,"enemies":"Automaton","floor":33.0,"turns":10.0},{"damage":66.0,"enemies":"3 Darklings","floor":35.0,"turns":8.0},{"damage":38,"enemies":"3 Shapes","floor":37,"turns":3}],"seed_played":"-2204165419170798685","potions_obtained":[{"floor":1.0,"key":"PowerPotion"},{"floor":5.0,"key":"SkillPotion"},{"floor":16.0,"key":"SkillPotion"},{"floor":18.0,"key":"Regen Potion"},{"floor":24.0,"key":"Fire Potion"},{"floor":29.0,"key":"EssenceOfSteel"},{"floor":30.0,"key":"FocusPotion"},{"floor":34.0,"key":"SpeedPotion"}],"is_trial":false,"path_per_floor":["M","M","$","?","M","R","M","R","T","E","M","T","R","$","R","B",null,"M","$","T","?","?","R","E","R","T","$","M","M","M","M","R","B",null,"M","$","M"],"character_chosen":"DEFECT","items_purchased":["Defragment","Lockon","FocusPotion","FocusPotion","Echo Form"],"campfire_rested":1,"item_purchase_floors":[3,14,19,36,36],"current_hp_per_floor":[68,68,68,68,68,68,57,57,57,40,43,43,43,43,43,32,66,73,73,73,56,56,56,22,45,45,45,57,62,66,68,68,46,77,25,25,0],"gold":44,"neow_bonus":"THREE_ENEMY_KILL","is_prod":false,"is_daily":false,"chose_seed":false,"campfire_upgraded":6,"win_rate":0,"timestamp":1546311497,"path_taken":["M","M","?","?","?","R","M","R","T","E","M","?","R","$","R","BOSS","M","$","?","?","?","R","E","R","T","$","?","M","M","M","R","BOSS","M","$","M"],"build_version":"2018-12-20","purchased_purges":2,"victory":false,"max_hp_per_floor":[75,75,75,75,75,75,75,75,75,77,77,77,77,77,77,77,77,77,77,77,77,77,77,79,79,79,79,79,79,81,81,81,81,86,86,86,86],"card_choices":[{"not_picked":["Rebound","Aggregate","Sweeping Beam"],"picked":"SKIP","floor":1.0},{"not_picked":["Gash","Conserve Battery"],"picked":"Auto Shields","floor":2.0},{"not_picked":["Doom and Gloom","Fusion","Barrage"],"picked":"SKIP","floor":5.0},{"not_picked":["Doom and Gloom","Fusion","Barrage"],"picked":"SKIP","floor":5.0},{"not_picked":["Steam","Beam Cell"],"picked":"Self Repair","floor":7.0},{"not_picked":["Genetic Algorithm","Stack","Double Energy"],"picked":"Singing Bowl","floor":10.0},{"not_picked":["Conserve Battery","Gash"],"picked":"Buffer","floor":11.0},{"not_picked":["Meteor Strike","Reboot"],"picked":"Core Surge","floor":16.0},{"not_picked":["Turbo","Scrape"],"picked":"Self Repair","floor":18.0},{"not_picked":["Hello World","Skim","Sweeping Beam+1"],"picked":"Singing Bowl","floor":24.0},{"not_picked":["Recycle","Scrape"],"picked":"Capacitor","floor":28.0},{"not_picked":["Compile Driver","Ball Lightning+1"],"picked":"Loop+1","floor":29.0},{"not_picked":["Conserve Battery","Auto Shields","Fusion"],"picked":"Singing Bowl","floor":30.0},{"not_picked":["Undo","Turbo"],"picked":"Defragment","floor":31.0},{"not_picked":["Core Surge","Thunder Strike"],"picked":"Buffer","floor":33.0},{"not_picked":["Steam+1","Conserve Battery"],"picked":"Ball Lightning","floor":34.0},{"not_picked":["Reinforced Body","Streamline"],"picked":"Ball Lightning","floor":35.0}],"player_experience":372985,"relics_obtained":[{"floor":9.0,"key":"Singing Bowl"},{"floor":10.0,"key":"Shuriken"},{"floor":12.0,"key":"Ancient Tea Set"},{"floor":20.0,"key":"Letter Opener"},{"floor":24.0,"key":"Smiling Mask"},{"floor":26.0,"key":"Oddly Smooth Stone"}],"event_choices":[{"damage_healed":0.0,"max_hp_gain":0.0,"max_hp_loss":0.0,"gold_gain":0.0,"event_name":"WeMeetAgain","player_choice":"Ignored","floor":4.0,"gold_loss":0.0,"damage_taken":0.0},{"damage_healed":0.0,"max_hp_gain":0.0,"max_hp_loss":0.0,"gold_gain":0.0,"event_name":"Colosseum","player_choice":"Fight","floor":21.0,"gold_loss":0.0,"damage_taken":0.0},{"damage_healed":0.0,"max_hp_gain":0.0,"max_hp_loss":0.0,"gold_gain":0.0,"event_name":"Colosseum","player_choice":"Fled From Nobs","floor":21.0,"gold_loss":0.0,"damage_taken":0.0},{"damage_healed":0.0,"max_hp_gain":0.0,"max_hp_loss":0.0,"gold_gain":0.0,"event_name":"Duplicator","player_choice":"Copied","floor":22.0,"gold_loss":0.0,"damage_taken":0.0,"cards_obtained":["Defragment"]}],"is_beta":false,"boss_relics":[{"not_picked":["Coffee Dripper","Lizard Tail"],"picked":"Nuclear Battery"},{"not_picked":["Calling Bell","Fusion Hammer"],"picked":"Tiny House"}],"items_purged_floors":[3,27],"is_endless":false,"potions_floor_spawned":[1,5,16,18,24,29,30],"killed_by":"3 Shapes","ascension_level":11}