{"path_per_floor":["M","M","M","M","$","E","R","E","T","?","M","R","?","M","R","B",null,"M","M","$","M","$","R","M","M","T","M","E","?","?","M","R","B",null,"M","M","M","M","M","R","M","$","T","M","?","R","?","M","R","B"],"character_chosen":"IRONCLAD","items_purchased":["Metallicize","Orichalcum"],"gold_per_floor":[114,129,146,165,19,52,52,78,78,78,97,97,97,111,111,210,210,221,234,134,149,24,24,36,49,49,61,86,1,1,15,15,118,118,133,150,164,180,192,192,206,52,52,70,70,70,70,82,82,82],"floor_reached":51,"campfire_rested":1,"playtime":1683,"current_hp_per_floor":[80,80,80,80,80,26,26,10,10,10,17,17,17,23,47,32,80,80,80,80,79,79,79,80,80,80,69,50,50,50,60,60,61,80,80,80,80,80,79,79,80,80,80,80,80,80,80,80,80,45],"items_purged":["Defend_R","Defend_R","Defend_R"],"gold":82,"score":712,"play_id":"b23ab169-8366-4dfd-ad6c-b3d59108c1ef","local_time":"20180423171808","is_prod":false,"is_daily":false,"chose_seed":false,"is_ascension_mode":false,"campfire_upgraded":7,"timestamp":1524518288,"path_taken":["M","M","M","M","$","E","R","E","T","?","M","R","?","M","R","BOSS","M","M","$","M","$","R","M","M","T","M","E","?","?","M","R","BOSS","M","M","M","M","M","R","M","$","T","M","?","R","?","M","R","BOSS"],"build_version":"2018-04-19","seed_source_timestamp":1962763745832747,"purchased_purges":3,"victory":true,"master_deck":["Strike_R","Strike_R","Bash+1","Shrug It Off+1","Clash+1","True Grit+1","Metallicize+1","Dropkick+1","Clash+1","Clash+1","Immolate+1","Intimidate+1","Thunderclap+1","Thunderclap+1","Inflame+1","Warcry+1","Offering+1","Seeing Red+1","Metallicize+1","Clash+1","Rage+1","Cleave+1","Barricade+1"],"max_hp_per_floor":[80,80,80,80,80,80,80,80,80,80,80,80,80,80,80,80,80,80,80,80,80,80,80,80,80,80,80,80,80,80,80,80,80,80,80,80,80,80,80,80,80,80,80,80,80,80,80,80,80,80],"relics":["Black Blood","Bag of Marbles","Molten Egg 2","Bird Faced Urn","Toxic Egg 2","Ice Cream","Bag of Preparation","Philosopher\u0027s Stone","Orichalcum","The Courier"],"card_choices":[{"not_picked":["Thunderclap","Armaments"],"picked":"Shrug It Off","floor":1},{"not_picked":["Battle Trance","Sword Boomerang"],"picked":"Clash","floor":3},{"not_picked":["Warcry","Pummel"],"picked":"True Grit","floor":4},{"not_picked":["Metallicize","Pummel"],"picked":"Dropkick","floor":6},{"not_picked":["Juggernaut","Havoc"],"picked":"Clash","floor":8},{"not_picked":["Rupture","Flame Barrier"],"picked":"Clash","floor":14},{"not_picked":["Limit Break","Feed"],"picked":"Immolate","floor":16},{"not_picked":["Body Slam","Havoc"],"picked":"Intimidate","floor":18},{"not_picked":["Wild Strike","Headbutt"],"picked":"Thunderclap","floor":19},{"not_picked":["Rupture","Pommel Strike"],"picked":"Thunderclap","floor":25},{"not_picked":["Twin Strike","Iron Wave"],"picked":"Inflame","floor":27},{"not_picked":["Brutality","Immolate"],"picked":"Offering","floor":33},{"not_picked":["Perfected Strike","Armaments"],"picked":"Seeing Red","floor":35},{"not_picked":["Clothesline","Intimidate"],"picked":"Metallicize","floor":36},{"not_picked":["Twin Strike","Perfected Strike"],"picked":"Clash","floor":37}],"player_experience":385987,"potions_floor_usage":[18,18,50,50],"damage_taken":[{"damage":2,"enemies":"Small Slimes","floor":1,"turns":5},{"damage":1,"enemies":"2 Louse","floor":2,"turns":3},{"damage":0,"enemies":"Jaw Worm","floor":3,"turns":3},{"damage":0,"enemies":"2 Fungi Beasts","floor":4,"turns":4},{"damage":60,"enemies":"Lagavulin","floor":6,"turns":9},{"damage":22,"enemies":"Gremlin Nob","floor":8,"turns":4},{"damage":1,"enemies":"Exordium Thugs","floor":11,"turns":4},{"damage":2,"enemies":"Exordium Wildlife","floor":14,"turns":3},{"damage":23,"enemies":"The Guardian","floor":16,"turns":10},{"damage":5,"enemies":"Spheric Guardian","floor":18,"turns":3},{"damage":0,"enemies":"Chosen","floor":19,"turns":4},{"damage":11,"enemies":"Snake Plant","floor":21,"turns":2},{"damage":3,"enemies":"Centurion and Healer","floor":24,"turns":3},{"damage":0,"enemies":"Cultist and Chosen","floor":25,"turns":3},{"damage":21,"enemies":"Snake Plant","floor":27,"turns":2},{"damage":33,"enemies":"Book of Stabbing","floor":28,"turns":3},{"damage":0,"enemies":"3 Cultists","floor":31,"turns":1},{"damage":13,"enemies":"Collector","floor":33,"turns":4},{"damage":7,"enemies":"3 Shapes","floor":35,"turns":1},{"damage":0,"enemies":"Orb Walker","floor":36,"turns":1},{"damage":4,"enemies":"3 Darklings","floor":37,"turns":2},{"damage":5,"enemies":"4 Shapes","floor":38,"turns":1},{"damage":15,"enemies":"Sphere and 2 Shapes","floor":39,"turns":2},{"damage":2,"enemies":"3 Darklings","floor":41,"turns":3},{"damage":14,"enemies":"Maw","floor":44,"turns":5},{"damage":10,"enemies":"4 Shapes","floor":48,"turns":1},{"damage":49,"enemies":"Awakened One","floor":50,"turns":9}],"event_choices":[{"event_name":"Living Wall","player_choice":"Forget","floor":10,"damage_taken":0},{"event_name":"Golden Idol","player_choice":"Ignored","floor":13,"damage_taken":0},{"event_name":"Addict","player_choice":"Obtained Relic","floor":29,"damage_taken":0},{"event_name":"Transmorgrifier","player_choice":"Transform","floor":30,"damage_taken":0},{"event_name":"Match and Keep!","player_choice":"2 cards matched","floor":45,"damage_taken":0},{"event_name":"Transmorgrifier","player_choice":"Transform","floor":47,"damage_taken":0}],"boss_relics":[{"not_picked":["Runic Cube","Runic Pyramid"],"picked":"Black Blood"},{"not_picked":["Calling Bell","Sozu"],"picked":"Philosopher\u0027s Stone"}],"potions_floor_spawned":[3,6,16,18,21,24,33,35,37,38,41,48],"seed_played":"-2791427737069137062","ascension_level":0,"is_trial":false}