{"path_per_floor":["M","M","?","M","T","E","R","E","T","R","M","?","$","M","R","B",null,"M","$","M","M","T","E","R","E","T","R","?","R","$","M","R","B",null,"M","?","$","M","M","R","?","M","T","R","M","?","M","?","R","B"],"character_chosen":"IRONCLAD","items_purchased":["Reaper","Flex"],"gold_per_floor":[117,131,96,114,138,165,165,199,199,199,215,215,140,157,157,253,253,272,36,51,65,65,96,96,126,126,126,126,126,1,17,17,122,122,135,135,111,123,142,142,142,158,181,181,199,199,217,217,217,217],"floor_reached":51,"campfire_rested":5,"playtime":1983,"current_hp_per_floor":[70,64,80,75,75,52,52,14,14,38,43,43,43,41,65,24,80,33,33,35,36,36,40,64,37,37,76,60,60,60,80,80,11,80,32,32,32,52,18,57,57,79,79,79,60,60,68,80,80,32],"items_purged":["Strike_R","Strike_R","Strike_R"],"gold":217,"score":787,"play_id":"abb347c8-2a8a-4a57-b576-5c4d6868ce7a","local_time":"20180316154611","is_prod":false,"is_daily":false,"is_ascension_mode":true,"campfire_upgraded":5,"timestamp":1521229571,"path_taken":["M","M","?","M","?","E","R","E","T","R","M","?","$","M","R","BOSS","M","$","?","M","?","E","R","E","T","R","?","R","?","M","R","BOSS","M","?","$","M","M","R","?","M","T","R","?","?","M","?","R","BOSS"],"build_version":"2018-03-15","purchased_purges":4,"victory":true,"master_deck":["Strike_R","Strike_R","Defend_R","Defend_R","Defend_R","Defend_R","Bash","Pommel Strike+1","Limit Break+1","Seeing Red","Flex+1","Shrug It Off","Limit Break+1","Warcry+1","Reaper","Cleave+1","Impervious","Body Slam+1","Necronomicurse","Iron Wave+1","Reaper","Body Slam+1","Flex","Iron Wave+1","Armaments+1","Headbutt","Shrug It Off","Writhe"],"max_hp_per_floor":[80,80,80,80,80,80,80,80,80,80,80,80,80,80,80,80,80,80,80,80,80,80,80,80,80,80,80,80,80,80,80,80,80,80,80,80,80,80,80,80,80,80,80,80,80,80,80,80,80,80],"relics":["Burning Blood","Happy Flower","Art of War","Bird Faced Urn","Matryoshka","Ancient Tea Set","Torii","Sozu","Prayer Wheel","Unceasing Top","Mummified Hand","Regal Pillow","Frozen Eye","Necronomicon","Lizard Tail","Vajra"],"card_choices":[{"not_picked":["Dropkick","Perfected Strike"],"picked":"Pommel Strike"},{"not_picked":["Rage","Wild Strike"],"picked":"Limit Break"},{"not_picked":["True Grit","Warcry"],"picked":"Seeing Red"},{"not_picked":["Blood for Blood","Anger"],"picked":"Flex"},{"not_picked":["Seeing Red","Headbutt"],"picked":"Disarm"},{"not_picked":["Havoc","Perfected Strike"],"picked":"Shrug It Off"},{"not_picked":["Feed","Barricade"],"picked":"Limit Break"},{"not_picked":["Iron Wave","Wild Strike"],"picked":"Warcry"},{"not_picked":["Pummel","Rage"],"picked":"Cleave"},{"not_picked":["Metallicize","True Grit"],"picked":"Impervious"},{"not_picked":["Combust","Sentinel"],"picked":"Body Slam"},{"not_picked":["Second Wind","Sever Soul"],"picked":"Iron Wave"},{"not_picked":["Barricade","Demon Form"],"picked":"Reaper"},{"not_picked":["Clothesline","Shrug It Off"],"picked":"Body Slam"},{"not_picked":["Rage","Warcry"],"picked":"Iron Wave"},{"not_picked":["Thunderclap","Clothesline"],"picked":"Armaments"},{"not_picked":["Warcry","Demon Form"],"picked":"Headbutt"},{"not_picked":["Combust","Reckless Charge"],"picked":"Shrug It Off"}],"player_experience":197761,"potions_floor_usage":[],"damage_taken":[{"damage":16,"enemies":"2 Louse","floor":1,"turns":3},{"damage":12,"enemies":"Jaw Worm","floor":2,"turns":2},{"damage":11,"enemies":"Small Slimes","floor":4,"turns":3},{"damage":29,"enemies":"Gremlin Nob","floor":6,"turns":5},{"damage":44,"enemies":"Lagavulin","floor":8,"turns":6},{"damage":1,"enemies":"3 Louse","floor":11,"turns":4},{"damage":8,"enemies":"Blue Slaver","floor":14,"turns":4},{"damage":47,"enemies":"Hexaghost","floor":16,"turns":11},{"damage":53,"enemies":"Chosen","floor":18,"turns":8},{"damage":10,"enemies":"Shell Parasite","floor":20,"turns":6},{"damage":21,"enemies":"3 Cultists","floor":21,"turns":4},{"damage":17,"enemies":"Gremlin Leader","floor":23,"turns":7},{"damage":42,"enemies":"Slavers","floor":25,"turns":8},{"damage":1,"enemies":"Sentry and Sphere","floor":31,"turns":4},{"damage":92,"enemies":"Collector","floor":33,"turns":13},{"damage":66,"enemies":"3 Darklings","floor":35,"turns":8},{"damage":2,"enemies":"3 Shapes","floor":38,"turns":5},{"damage":60,"enemies":"Sphere and 2 Shapes","floor":39,"turns":6},{"damage":7,"enemies":"4 Shapes","floor":42,"turns":3},{"damage":26,"enemies":"3 Darklings","floor":45,"turns":3},{"damage":36,"enemies":"Maw","floor":47,"turns":7},{"damage":81,"enemies":"Awakened One","floor":50,"turns":11}],"event_choices":[{"event_name":"The Cleric","player_choice":"Healed","floor":3,"damage_taken":0},{"event_name":"Scrap Ooze","player_choice":"unsuccessful","floor":12,"damage_taken":0},{"event_name":"Cursed Tome","player_choice":"Obtained Book","floor":28,"damage_taken":0},{"event_name":"Mysterious Sphere","player_choice":"Ignore","floor":36,"damage_taken":0},{"event_name":"Tomb of Lord Red Mask","player_choice":"Ignored","floor":41,"damage_taken":0},{"event_name":"Winding Halls","player_choice":"Writhe","floor":48,"damage_taken":0}],"boss_relics":[{"not_picked":["Eternal Feather","Black Star"],"picked":"Sozu"},{"not_picked":["Question Card","Runic Dome"],"picked":"Lizard Tail"}],"potions_floor_spawned":[1,11,18,20,25,35,39,45],"seed_played":"-7789704557572414799","ascension_level":2,"is_trial":false}