{"gold_per_floor":[109,109,109,127,23,48,64,76,76,76,76,95,95,109,109,184,184,165,182,182,182,199,199,227,227,251,283,33,52,52],"floor_reached":30,"playtime":3317,"items_purged":[],"score":527,"play_id":"a24e16bf-30ca-4b0c-a87b-595a6d81913a","local_time":"20190905004759","is_ascension_mode":true,"campfire_choices":[{"data":"Well Laid Plans","floor":11,"key":"SMITH"},{"data":"Glass Knife","floor":13,"key":"SMITH"},{"data":"Footwork","floor":15,"key":"SMITH"},{"floor":23,"key":"REST"},{"floor":25,"key":"REST"}],"neow_cost":"NONE","seed_source_timestamp":1073754896841296,"circlet_count":0,"master_deck":["AscendersBane","Survivor+1","Neutralize","Cloak And Dagger","Reflex","PiercingWail","Well Laid Plans+1","Backstab","Escape Plan","Footwork+1","Glass Knife+1","Footwork","All Out Attack","Grand Finale","Storm of Steel","Glass Knife","Bullet Time","Tools of the Trade","Envenom","A Thousand Cuts","Underhanded Strike","Prepared","Outmaneuver","PiercingWail","Deflect","Finesse","Dash+1"],"relics":["Ring of the Snake","NeowsBlessing","Mango","Pandora\u0027s Box","Bottled Tornado","Oddly Smooth Stone","Singing Bowl","Art of War"],"potions_floor_usage":[10,16,16,19,24,24,29],"damage_taken":[{"damage":0,"enemies":"Jaw Worm","floor":1,"turns":1},{"damage":0,"enemies":"Small Slimes","floor":4,"turns":1},{"damage":0,"enemies":"Lagavulin","floor":6,"turns":1},{"damage":0,"enemies":"Cultist","floor":7,"turns":4},{"damage":0,"enemies":"Blue Slaver","floor":8,"turns":4},{"damage":3,"enemies":"Lots of Slimes","floor":12,"turns":6},{"damage":0,"enemies":"Exordium Wildlife","floor":14,"turns":4},{"damage":3,"enemies":"Slime Boss","floor":16,"turns":10},{"damage":24,"enemies":"2 Thieves","floor":18,"turns":4},{"damage":12,"enemies":"3 Byrds","floor":19,"turns":4},{"damage":0,"enemies":"Centurion and Healer","floor":22,"turns":6},{"damage":30,"enemies":"Slavers","floor":24,"turns":6},{"damage":30,"enemies":"Gremlin Leader","floor":27,"turns":6},{"damage":8,"enemies":"3 Cultists","floor":29,"turns":5},{"damage":39,"enemies":"Snecko","floor":30,"turns":6}],"seed_played":"-1909615905215028888","potions_obtained":[{"floor":4,"key":"SmokeBomb"},{"floor":8,"key":"Poison Potion"},{"floor":10,"key":"Fruit Juice"},{"floor":10,"key":"SteroidPotion"},{"floor":12,"key":"PowerPotion"},{"floor":16,"key":"SpeedPotion"},{"floor":18,"key":"AttackPotion"},{"floor":19,"key":"Dexterity Potion"},{"floor":22,"key":"Strength Potion"},{"floor":27,"key":"Swift Potion"}],"is_trial":false,"path_per_floor":["M","?","?","M","$","E","M","M","T","?","R","M","R","M","R","B",null,"M","M","?","?","M","R","E","R","T","E","$","M","M"],"character_chosen":"THE_SILENT","items_purchased":["Well Laid Plans","Backstab","Finesse","Art of War"],"campfire_rested":2,"item_purchase_floors":[5,5,28,28],"current_hp_per_floor":[59,46,46,46,46,60,60,60,60,65,65,62,62,62,62,59,79,55,43,43,27,27,54,24,51,51,21,21,13,0],"gold":52,"neow_bonus":"THREE_ENEMY_KILL","is_prod":false,"is_daily":false,"chose_seed":false,"campfire_upgraded":3,"win_rate":0,"timestamp":1567669679,"path_taken":["M","?","?","M","$","E","M","?","T","?","R","M","R","M","R","BOSS","M","?","?","?","M","R","E","R","T","E","?","?","M"],"build_version":"2019-07-17","purchased_purges":0,"victory":false,"max_hp_per_floor":[66,66,66,66,66,80,80,80,80,85,85,85,85,85,85,85,85,85,85,85,90,90,90,90,90,90,90,90,90,90],"card_choices":[{"not_picked":["Acrobatics","Infinite Blades"],"picked":"Cloak And Dagger","floor":1},{"not_picked":["Acrobatics","Bouncing Flask"],"picked":"PiercingWail","floor":4},{"not_picked":["Expertise","Setup"],"picked":"Escape Plan","floor":6},{"not_picked":["Bane","All Out Attack"],"picked":"Footwork","floor":7},{"not_picked":["Skewer","Dodge and Roll"],"picked":"Glass Knife","floor":8},{"not_picked":["Sucker Punch","Deflect"],"picked":"Footwork","floor":12},{"not_picked":["PiercingWail","Slice"],"picked":"All Out Attack","floor":14},{"not_picked":["Night Terror","Glass Knife"],"picked":"Grand Finale","floor":16},{"not_picked":["Underhanded Strike","Endless Agony","Prepared"],"picked":"SKIP","floor":18},{"not_picked":["Dagger Spray","Underhanded Strike","Flying Knee"],"picked":"SKIP","floor":19},{"not_picked":["Crippling Poison+1","Terror+1"],"picked":"PiercingWail","floor":22},{"not_picked":["Reflex","Bane","Poisoned Stab"],"picked":"SKIP","floor":24},{"not_picked":["Cloak And Dagger","Backflip"],"picked":"Deflect","floor":27},{"not_picked":["Leg Sweep","Sucker Punch"],"picked":"Dash+1","floor":29}],"player_experience":892167,"relics_obtained":[{"floor":6,"key":"Mango"},{"floor":24,"key":"Bottled Tornado"},{"floor":26,"key":"Oddly Smooth Stone"},{"floor":27,"key":"Singing Bowl"}],"event_choices":[{"damage_healed":0,"gold_gain":0,"player_choice":"Entered Light","damage_taken":13,"max_hp_gain":0,"max_hp_loss":0,"event_name":"Shining Light","floor":2,"gold_loss":0,"cards_upgraded":["Defend_G","Survivor"]},{"damage_healed":0,"gold_gain":0,"cards_transformed":["Strike_G"],"player_choice":"Transformed","damage_taken":0,"max_hp_gain":0,"max_hp_loss":0,"event_name":"Transmorgrifier","floor":3,"gold_loss":0,"cards_obtained":["Reflex"]},{"damage_healed":0,"gold_gain":0,"player_choice":"Got Potions","damage_taken":0,"max_hp_gain":0,"max_hp_loss":0,"event_name":"Lab","floor":10,"gold_loss":0},{"damage_healed":0,"gold_gain":0,"player_choice":"Ignored","damage_taken":0,"max_hp_gain":0,"max_hp_loss":0,"event_name":"Beggar","floor":20,"gold_loss":0},{"damage_healed":0,"gold_gain":0,"player_choice":"Shed Blood","damage_taken":21,"max_hp_gain":5,"max_hp_loss":0,"event_name":"Forgotten Altar","floor":21,"gold_loss":0}],"is_beta":false,"boss_relics":[{"not_picked":["Velvet Choker","Lizard Tail"],"picked":"Pandora\u0027s Box"}],"items_purged_floors":[],"is_endless":false,"potions_floor_spawned":[4,8,12,16,18,19,22,27],"killed_by":"Snecko","ascension_level":14}