{"gold_per_floor":[114,114,131,131,149,149,162,237,237,249,249,264,264,189,189,189],"floor_reached":16,"playtime":281,"items_purged":["Defend_R"],"score":92,"play_id":"720cb180-d007-4558-a337-962c61e1e03e","local_time":"20190913002341","is_ascension_mode":false,"campfire_choices":[{"data":"Searing Blow","floor":6,"key":"SMITH"},{"floor":11,"key":"REST"},{"floor":15,"key":"REST"}],"neow_cost":"NONE","seed_source_timestamp":2319091735981800,"circlet_count":0,"master_deck":["Strike_R","Strike_R","Strike_R","Strike_R","Strike_R","Defend_R","Defend_R","Bash","Searing Blow+1","Flex"],"relics":["Burning Blood","NeowsBlessing","Sundial","Golden Idol"],"potions_floor_usage":[12,16,16,16],"damage_taken":[{"damage":2,"enemies":"2 Louse","floor":1,"turns":2},{"damage":0,"enemies":"Cultist","floor":3,"turns":1},{"damage":0,"enemies":"Small Slimes","floor":5,"turns":1},{"damage":15,"enemies":"Looter","floor":7,"turns":3},{"damage":23,"enemies":"Large Slime","floor":10,"turns":5},{"damage":11,"enemies":"Exordium Wildlife","floor":12,"turns":3},{"damage":66,"enemies":"Hexaghost","floor":16,"turns":7}],"seed_played":"-5511390907620835823","potions_obtained":[{"floor":1,"key":"Swift Potion"},{"floor":3,"key":"GamblersBrew"},{"floor":10,"key":"GamblersBrew"},{"floor":12,"key":"GamblersBrew"}],"is_trial":false,"path_per_floor":["M","?","M","?","M","R","M","?","T","M","R","M","?","$","R","B"],"character_chosen":"IRONCLAD","items_purchased":[],"campfire_rested":2,"item_purchase_floors":[],"current_hp_per_floor":[80,80,80,80,80,80,71,60,60,43,67,62,42,42,66,0],"gold":189,"neow_bonus":"THREE_ENEMY_KILL","is_prod":false,"is_daily":false,"chose_seed":false,"campfire_upgraded":1,"win_rate":0,"timestamp":1568348621,"path_taken":["M","?","?","?","M","R","M","?","T","M","R","M","?","$","R","BOSS"],"build_version":"2019-07-17","purchased_purges":1,"victory":false,"max_hp_per_floor":[80,80,80,80,80,80,80,80,80,80,80,80,80,80,80,80],"card_choices":[{"not_picked":["Pummel","Wild Strike","Headbutt"],"picked":"SKIP","floor":1},{"not_picked":["Anger","Sword Boomerang"],"picked":"Searing Blow","floor":3},{"not_picked":["Thunderclap","Entrench"],"picked":"Flex","floor":5},{"not_picked":["Heavy Blade","Headbutt","Warcry"],"picked":"SKIP","floor":7},{"not_picked":["Perfected Strike","Carnage","True Grit"],"picked":"SKIP","floor":10},{"not_picked":["Perfected Strike","Iron Wave","Cleave"],"picked":"SKIP","floor":12}],"player_experience":403978,"relics_obtained":[{"floor":9,"key":"Sundial"}],"event_choices":[{"cards_removed":["Defend_R"],"damage_healed":0,"gold_gain":0,"player_choice":"Offered Basic","damage_taken":0,"max_hp_gain":0,"max_hp_loss":0,"event_name":"Bonfire Elementals","floor":2,"gold_loss":0},{"damage_healed":0,"gold_gain":0,"player_choice":"Ignored","damage_taken":0,"max_hp_gain":0,"max_hp_loss":0,"event_name":"Liars Game","floor":4,"gold_loss":0},{"damage_healed":0,"gold_gain":75,"player_choice":"Gather Gold","damage_taken":11,"max_hp_gain":0,"max_hp_loss":0,"event_name":"World of Goop","floor":8,"gold_loss":0},{"damage_healed":0,"gold_gain":0,"player_choice":"Take Damage","damage_taken":20,"relics_obtained":["Golden Idol"],"max_hp_gain":0,"max_hp_loss":0,"event_name":"Golden Idol","floor":13,"gold_loss":0}],"is_beta":false,"boss_relics":[],"items_purged_floors":[14],"is_endless":false,"potions_floor_spawned":[1,3,10,12],"killed_by":"Hexaghost","ascension_level":0}