{"gold_per_floor":[113,113,127,147,164,164,199,216,242,271,271,288,288,306,306,403,403,420,335,186,197,197,222,222,222,247,267,267,300,328,342,342,342],"floor_reached":33,"playtime":1560,"items_purged":[],"score":297,"play_id":"dd143511-c1d0-49d9-a487-53a791498b6e","local_time":"20190917015903","is_ascension_mode":false,"campfire_choices":[{"data":"Pommel Strike","floor":6,"key":"SMITH"},{"floor":13,"key":"REST"},{"floor":15,"key":"REST"},{"data":"Perfected Strike","floor":25,"key":"SMITH"},{"data":"Perfected Strike","floor":28,"key":"SMITH"},{"floor":32,"key":"REST"}],"neow_cost":"NONE","seed_source_timestamp":77126671050800,"circlet_count":0,"master_deck":["Strike_R","Strike_R+1","Strike_R","Strike_R","Strike_R","Defend_R+1","Defend_R+1","Defend_R+1","Defend_R+1","Bash+1","Pommel Strike+1","Perfected Strike+1","Wild Strike","Twin Strike","Perfected Strike+1","Pommel Strike"],"relics":["Black Blood","Whetstone","Sundial","Potion Belt","Pen Nib","War Paint","Bronze Scales","Art of War","Lantern","Dodecahedron","Red Mask"],"potions_floor_usage":[7,10,16,16,23,23,33],"damage_taken":[{"damage":6,"enemies":"Jaw Worm","floor":1,"turns":3},{"damage":2,"enemies":"Small Slimes","floor":3,"turns":4},{"damage":6,"enemies":"2 Louse","floor":4,"turns":2},{"damage":4,"enemies":"Blue Slaver","floor":5,"turns":3},{"damage":26,"enemies":"3 Sentries","floor":7,"turns":10},{"damage":0,"enemies":"Large Slime","floor":8,"turns":4},{"damage":26,"enemies":"Lagavulin","floor":10,"turns":6},{"damage":3,"enemies":"Red Slaver","floor":12,"turns":3},{"damage":0,"enemies":"Looter","floor":14,"turns":3},{"damage":35,"enemies":"The Guardian","floor":16,"turns":11},{"damage":16,"enemies":"3 Byrds","floor":18,"turns":6},{"damage":14,"enemies":"Shell Parasite","floor":21,"turns":7},{"damage":16,"enemies":"Book of Stabbing","floor":23,"turns":5},{"damage":9,"enemies":"Chosen and Byrds","floor":27,"turns":6},{"damage":30,"enemies":"Gremlin Leader","floor":29,"turns":5},{"damage":9,"enemies":"Masked Bandits","floor":30,"turns":3},{"damage":0,"enemies":"Snake Plant","floor":31,"turns":2},{"damage":113,"enemies":"Champ","floor":33,"turns":8}],"seed_played":"5771451361305427246","potions_obtained":[{"floor":3,"key":"GamblersBrew"},{"floor":5,"key":"Explosive Potion"},{"floor":10,"key":"Fire Potion"},{"floor":12,"key":"SkillPotion"},{"floor":14,"key":"Swift Potion"},{"floor":18,"key":"Ancient Potion"},{"floor":21,"key":"Weak Potion"}],"is_trial":false,"path_per_floor":["M","$","M","M","M","R","E","M","T","E","?","M","R","M","R","B",null,"M","?","$","M","$","E","?","R","T","M","R","E","?","M","R","B"],"character_chosen":"IRONCLAD","items_purchased":["Bronze Scales"],"campfire_rested":3,"item_purchase_floors":[20],"current_hp_per_floor":[80,80,80,80,80,80,60,66,66,46,30,33,57,63,80,51,80,74,74,74,70,70,64,64,64,64,65,65,45,46,56,80,0],"gold":342,"neow_bonus":"RANDOM_COMMON_RELIC","is_prod":false,"is_daily":false,"chose_seed":false,"campfire_upgraded":3,"win_rate":0,"timestamp":1568699943,"path_taken":["M","$","M","M","M","R","E","M","T","E","?","M","R","M","R","BOSS","M","?","$","M","$","E","?","R","T","M","R","E","?","?","R","BOSS"],"build_version":"2019-07-17","purchased_purges":0,"victory":false,"max_hp_per_floor":[80,80,80,80,80,80,80,80,80,80,80,80,80,80,80,80,80,80,80,80,80,80,80,80,80,80,80,80,80,80,80,80,80],"card_choices":[{"not_picked":["Twin Strike","Iron Wave"],"picked":"Pommel Strike","floor":1},{"not_picked":["Rampage","Sentinel","Evolve"],"picked":"SKIP","floor":3},{"not_picked":["Rupture","Sword Boomerang","Corruption"],"picked":"SKIP","floor":4},{"not_picked":["Fire Breathing","Sever Soul","Reckless Charge"],"picked":"SKIP","floor":5},{"not_picked":["Anger","Flex","Warcry"],"picked":"SKIP","floor":7},{"not_picked":["Power Through","Havoc","Barricade"],"picked":"SKIP","floor":8},{"not_picked":["Sever Soul","Heavy Blade"],"picked":"Perfected Strike","floor":10},{"not_picked":["Clash","Havoc"],"picked":"Wild Strike","floor":12},{"not_picked":["Thunderclap","Armaments","Flame Barrier"],"picked":"SKIP","floor":14},{"not_picked":["Sentinel+1","Power Through"],"picked":"Twin Strike","floor":18},{"not_picked":["Flex","Rupture+1"],"picked":"Perfected Strike","floor":21},{"not_picked":["Spot Weakness","Blood for Blood+1","Flame Barrier"],"picked":"SKIP","floor":23},{"not_picked":["Clothesline","Anger","Combust"],"picked":"SKIP","floor":27},{"not_picked":["Second Wind","Iron Wave","Anger"],"picked":"SKIP","floor":29},{"not_picked":["Iron Wave","Body Slam"],"picked":"Pommel Strike","floor":30},{"not_picked":["True Grit","Anger","Hemokinesis"],"picked":"SKIP","floor":31}],"player_experience":551157,"relics_obtained":[{"floor":7,"key":"Sundial"},{"floor":9,"key":"Potion Belt"},{"floor":10,"key":"Pen Nib"},{"floor":23,"key":"Art of War"},{"floor":26,"key":"Lantern"},{"floor":29,"key":"Dodecahedron"},{"floor":30,"key":"Red Mask"}],"event_choices":[{"damage_healed":0,"gold_gain":0,"player_choice":"Entered Light","damage_taken":16,"max_hp_gain":0,"max_hp_loss":0,"event_name":"Shining Light","floor":11,"gold_loss":0,"cards_upgraded":["Defend_R","Defend_R"]},{"damage_healed":0,"gold_gain":0,"player_choice":"Obtained Relic","damage_taken":0,"relics_obtained":["War Paint"],"max_hp_gain":0,"max_hp_loss":0,"event_name":"Addict","floor":19,"gold_loss":85},{"damage_healed":0,"gold_gain":0,"player_choice":"Ignored","damage_taken":0,"max_hp_gain":0,"max_hp_loss":0,"event_name":"Vampires","floor":24,"gold_loss":0},{"damage_healed":0,"gold_gain":0,"player_choice":"Fought Bandits","damage_taken":0,"max_hp_gain":0,"max_hp_loss":0,"event_name":"Masked Bandits","floor":30,"gold_loss":0}],"is_beta":false,"boss_relics":[{"not_picked":["Calling Bell","Velvet Choker"],"picked":"Black Blood"}],"items_purged_floors":[],"is_endless":false,"potions_floor_spawned":[3,5,10,12,14,18,21],"killed_by":"Champ","ascension_level":0}