{"gold_per_floor":[214,3,17,17,27,27,57,57,57,57,68,85,85,95,95,95],"floor_reached":16,"playtime":1191,"items_purged":["Strike_R"],"score":173,"play_id":"44c6f5c8-08a3-4db3-877a-d554c7198410","local_time":"20190831202437","is_ascension_mode":true,"campfire_choices":[{"data":"Bash","floor":6.0,"key":"SMITH"},{"data":"Cleave","floor":8.0,"key":"SMITH"},{"data":"Shrug It Off","floor":10.0,"key":"SMITH"},{"data":"Bludgeon","floor":13.0,"key":"SMITH"},{"data":"Armaments","floor":15.0,"key":"SMITH"}],"neow_cost":"NONE","seed_source_timestamp":714410597652363,"circlet_count":0,"master_deck":["AscendersBane","Strike_R","Strike_R","Strike_R","Strike_R","Defend_R","Defend_R","Defend_R","Defend_R","Bash+1","Feel No Pain","Shrug It Off+1","Impatience","Cleave+1","Decay","Clothesline","Bludgeon+1","Armaments+1","Rage"],"special_seed":0,"relics":["Burning Blood","Shuriken","Smiling Mask"],"potions_floor_usage":[16,16],"damage_taken":[{"damage":1.0,"enemies":"Cultist","floor":1.0,"turns":4.0},{"damage":3.0,"enemies":"Jaw Worm","floor":3.0,"turns":4.0},{"damage":0.0,"enemies":"2 Louse","floor":5.0,"turns":3.0},{"damage":24.0,"enemies":"3 Sentries","floor":7.0,"turns":10.0},{"damage":4.0,"enemies":"Exordium Wildlife","floor":11.0,"turns":3.0},{"damage":26.0,"enemies":"Lots of Slimes","floor":12.0,"turns":5.0},{"damage":26.0,"enemies":"3 Louse","floor":14.0,"turns":4.0},{"damage":25,"enemies":"The Guardian","floor":16,"turns":7}],"seed_played":"8974211302629087965","potions_obtained":[{"floor":1.0,"key":"Energy Potion"},{"floor":7.0,"key":"Explosive Potion"},{"floor":14.0,"key":"PowerPotion"}],"is_trial":false,"path_per_floor":["M","$","M","?","M","R","E","R","T","R","M","M","R","M","R","B"],"character_chosen":"IRONCLAD","items_purchased":["Shrug It Off","Impatience"],"campfire_rested":0,"item_purchase_floors":[2,2],"current_hp_per_floor":[73,73,75,75,75,75,57,57,57,57,59,39,39,19,19,0],"gold":95,"neow_bonus":"HUNDRED_GOLD","is_prod":false,"is_daily":false,"chose_seed":false,"campfire_upgraded":5,"win_rate":0,"timestamp":1567308277,"path_taken":["M","$","?","?","M","R","E","R","T","R","M","M","R","M","R","BOSS"],"build_version":"2019-07-17","purchased_purges":1,"victory":false,"max_hp_per_floor":[75,75,75,75,75,75,75,75,75,75,75,75,75,75,75,75],"card_choices":[{"not_picked":["Uppercut","Sword Boomerang"],"picked":"Feel No Pain","floor":1.0},{"not_picked":["Body Slam","Headbutt"],"picked":"Cleave","floor":3.0},{"not_picked":["Perfected Strike","Sentinel","Clash"],"picked":"SKIP","floor":5.0},{"not_picked":["Warcry","Heavy Blade"],"picked":"Clothesline","floor":7.0},{"not_picked":["Body Slam","Fire Breathing"],"picked":"Bludgeon","floor":11.0},{"not_picked":["Second Wind","Hemokinesis"],"picked":"Armaments","floor":12.0},{"not_picked":["Headbutt","Warcry"],"picked":"Rage","floor":14.0}],"player_experience":848121,"relics_obtained":[{"floor":7.0,"key":"Shuriken"},{"floor":9.0,"key":"Smiling Mask"}],"event_choices":[{"damage_healed":0.0,"max_hp_gain":0.0,"max_hp_loss":0.0,"gold_gain":0.0,"event_name":"Wheel of Change","player_choice":"Cursed","floor":4.0,"gold_loss":0.0,"damage_taken":0.0,"cards_obtained":["Decay"]}],"is_beta":false,"boss_relics":[],"items_purged_floors":[2],"is_endless":false,"potions_floor_spawned":[1,7,14],"killed_by":"The Guardian","ascension_level":14}