{"path_per_floor":["M","?","?","M","$","R","?","M","T","M","$","R","$","M","R","B",null,"M","M","M","?","?","R","$","R","T","R","E","R","M","?","R","B",null,"M","M","?","$","M","E","R"],"character_chosen":"IRONCLAD","items_purchased":["Shrug It Off","Cleave","Block Potion","Seeing Red","Body Slam","Medical Kit","True Grit"],"gold_per_floor":[119,119,119,135,59,59,234,244,268,281,74,74,74,94,94,198,198,138,156,171,221,136,136,82,82,109,109,138,138,148,148,148,253,253,273,289,289,64,84,119,119,119],"floor_reached":42,"campfire_rested":2,"playtime":1785,"current_hp_per_floor":[76,69,69,67,67,67,67,68,68,73,73,73,73,55,55,33,68,53,59,65,65,72,72,72,72,72,72,25,51,51,34,61,67,86,78,40,40,40,36,29,29,0],"items_purged":["Doubt"],"gold":119,"score":684,"play_id":"c971b89f-b9b5-4881-a0da-c29910aba851","local_time":"20180425222846","is_prod":false,"is_daily":false,"chose_seed":false,"is_ascension_mode":true,"campfire_upgraded":7,"timestamp":1524709726,"path_taken":["M","?","?","M","$","R","?","M","T","M","$","R","?","?","R","BOSS","M","M","M","?","?","R","$","R","T","R","E","R","M","?","R","BOSS","M","M","?","$","M","E","R","E"],"build_version":"2018-04-19","seed_source_timestamp":2154106647634886,"purchased_purges":2,"victory":false,"master_deck":["Strike_R","Strike_R","Strike_R","Defend_R","Defend_R","Defend_R","Defend_R","Bash+1","Barricade+1","Metallicize+1","Shrug It Off+1","Cleave","Shrug It Off+1","Rampage+1","Seeing Red","Entrench","Berserk","Body Slam+1","Headbutt+1","Body Slam","Offering","True Grit+1","Shrug It Off+1"],"max_hp_per_floor":[80,80,80,80,80,80,80,80,80,80,80,80,80,80,80,80,80,80,80,80,80,87,87,87,87,87,87,87,87,87,92,92,92,92,92,92,92,92,92,92,92,92],"relics":["Burning Blood","Orichalcum","Snecko Eye","Strawberry","Oddly Smooth Stone","Girya","Mark of Pain","Medical Kit","Bag of Marbles"],"card_choices":[{"not_picked":["Perfected Strike","Warcry"],"picked":"Metallicize","floor":4},{"not_picked":["Rage","Twin Strike"],"picked":"Shrug It Off","floor":8},{"not_picked":["Sever Soul","Cleave"],"picked":"Rampage","floor":10},{"not_picked":["Seeing Red","Exhume"],"picked":"Entrench","floor":14},{"not_picked":["Bludgeon","Demon Form"],"picked":"Berserk","floor":16},{"not_picked":["Thunderclap","Flex"],"picked":"Body Slam","floor":18},{"not_picked":["Thunderclap","Twin Strike"],"picked":"Headbutt","floor":20},{"not_picked":["Double Tap","Limit Break"],"picked":"Offering","floor":33},{"not_picked":["Power Through","Perfected Strike"],"picked":"Shrug It Off","floor":40}],"player_experience":393777,"potions_floor_usage":[28,28,40,42],"damage_taken":[{"damage":2,"enemies":"2 Louse","floor":1,"turns":4},{"damage":8,"enemies":"Jaw Worm","floor":4,"turns":6},{"damage":5,"enemies":"Small Slimes","floor":8,"turns":3},{"damage":1,"enemies":"3 Louse","floor":10,"turns":5},{"damage":24,"enemies":"Gremlin Gang","floor":14,"turns":5},{"damage":28,"enemies":"The Guardian","floor":16,"turns":19},{"damage":21,"enemies":"2 Thieves","floor":18,"turns":4},{"damage":0,"enemies":"Spheric Guardian","floor":19,"turns":9},{"damage":0,"enemies":"Snake Plant","floor":20,"turns":6},{"damage":53,"enemies":"Gremlin Leader","floor":28,"turns":9},{"damage":6,"enemies":"Centurion and Healer","floor":30,"turns":6},{"damage":0,"enemies":"Automaton","floor":33,"turns":12},{"damage":14,"enemies":"3 Shapes","floor":35,"turns":8},{"damage":44,"enemies":"3 Darklings","floor":36,"turns":5},{"damage":10,"enemies":"Maw","floor":39,"turns":9},{"damage":13,"enemies":"Nemesis","floor":40,"turns":7},{"damage":33,"enemies":"2 Orb Walkers","floor":42,"turns":4}],"event_choices":[{"event_name":"Golden Wing","player_choice":"Card Removal","floor":2,"damage_taken":0},{"event_name":"Living Wall","player_choice":"Change","floor":3,"damage_taken":0},{"event_name":"Liars Game","player_choice":"agreed","floor":7,"damage_taken":0},{"event_name":"The Joust","player_choice":"Bet on Murderer","floor":21,"damage_taken":0},{"event_name":"Addict","player_choice":"Obtained Relic","floor":22,"damage_taken":0},{"event_name":"Forgotten Altar","player_choice":"Shed Blood","floor":31,"damage_taken":0},{"event_name":"Mysterious Sphere","player_choice":"Ignore","floor":37,"damage_taken":0}],"boss_relics":[{"not_picked":["Black Star","Orrery"],"picked":"Snecko Eye"},{"not_picked":["Black Blood","Runic Dome"],"picked":"Mark of Pain"}],"potions_floor_spawned":[1,10,20,30,33,35,40],"seed_played":"8398463860887800467","killed_by":"2 Orb Walkers","ascension_level":7,"is_trial":false}