{"gold_per_floor":[116,133,208,208,208,240,240,269,269,269,269,282,297,331,331,436,436,456,16,16,16,31,31,51,82,162,162,162,181,214,82,82,187,187,204,217,12,27,27,27,61,61,61,61,61,75,108,119,119,119,119,119,0,35,35],"floor_reached":56,"playtime":6085,"items_purged":["Strike_B","Defend_B","Strike_B","Strike_B"],"score":1595,"play_id":"56ee2576-c0c1-47dd-8928-3bb7afa174ae","local_time":"20190224143943","is_ascension_mode":true,"campfire_choices":[{"data":"Fission","floor":7.0,"key":"SMITH"},{"floor":11.0,"key":"REST"},{"data":"Zap","floor":15.0,"key":"SMITH"},{"data":"Recycle","floor":23.0,"key":"SMITH"},{"data":"Redo","floor":27.0,"key":"SMITH"},{"data":"Dualcast","floor":32.0,"key":"SMITH"},{"data":"Loop","floor":40,"key":"SMITH"},{"data":"Leap","floor":42,"key":"SMITH"},{"data":"Chill","floor":45,"key":"SMITH"},{"floor":49,"key":"RECALL"},{"data":"Machine Learning","floor":52,"key":"SMITH"}],"neow_cost":"NONE","seed_source_timestamp":253885488357874,"circlet_count":0,"master_deck":["Strike_B+1","Defend_B","Defend_B","Defend_B+1","Zap+1","Dualcast+1","Fission+1","Leap+1","Redo+1","Sweeping Beam+1","Sunder+1","Chill+1","Recycle+1","Reboot","Core Surge+1","Rebound+1","Cold Snap+1","Streamline+1","Mind Blast+1","Beam Cell+1","Cold Snap+1","Core Surge+1","Ghostly+1","Ghostly+1","Ghostly+1","Ghostly+1","Ghostly+1","Chaos+1","Coolheaded+1","Dark Shackles+1","Hyperbeam+1","Conserve Battery+1","Blind+1","Loop+1","Madness+1","Madness+1","Compile Driver+1","Melter+1","Machine Learning+1","Tempest+1","Biased Cognition"],"special_seed":0,"relics":["Cracked Core","Molten Egg 2","Matryoshka","PreservedInsect","Cables","Anchor","Torii","Sozu","Strange Spoon","DataDisk","Smiling Mask","Toxic Egg 2","Darkstone Periapt","Runic Pyramid","Bird Faced Urn","Omamori","Nunchaku"],"potions_floor_usage":[],"damage_taken":[{"damage":12.0,"enemies":"Jaw Worm","floor":1.0,"turns":3.0},{"damage":0.0,"enemies":"Small Slimes","floor":2.0,"turns":2.0},{"damage":47.0,"enemies":"Gremlin Nob","floor":6.0,"turns":5.0},{"damage":11.0,"enemies":"3 Sentries","floor":8.0,"turns":8.0},{"damage":1.0,"enemies":"Cultist","floor":12.0,"turns":4.0},{"damage":0.0,"enemies":"Looter","floor":13.0,"turns":2.0},{"damage":3.0,"enemies":"Lagavulin","floor":14.0,"turns":4.0},{"damage":2.0,"enemies":"Hexaghost","floor":16.0,"turns":8.0},{"damage":0.0,"enemies":"Spheric Guardian","floor":18.0,"turns":2.0},{"damage":1.0,"enemies":"2 Thieves","floor":22.0,"turns":3.0},{"damage":24.0,"enemies":"Snake Plant","floor":24.0,"turns":3.0},{"damage":1.0,"enemies":"Book of Stabbing","floor":25.0,"turns":2.0},{"damage":0.0,"enemies":"Centurion and Healer","floor":29.0,"turns":3.0},{"damage":0.0,"enemies":"Gremlin Leader","floor":30.0,"turns":3.0},{"damage":29.0,"enemies":"Champ","floor":33.0,"turns":12.0},{"damage":0,"enemies":"3 Shapes","floor":35,"turns":2},{"damage":0,"enemies":"3 Darklings","floor":36,"turns":4},{"damage":0,"enemies":"Maw","floor":38,"turns":8},{"damage":0,"enemies":"Reptomancer","floor":41,"turns":4},{"damage":0,"enemies":"Sphere and 2 Shapes","floor":46,"turns":4},{"damage":0,"enemies":"Giant Head","floor":47,"turns":7},{"damage":0,"enemies":"Spire Growth","floor":48,"turns":3},{"damage":18,"enemies":"Donu and Deca","floor":50,"turns":12},{"damage":0,"enemies":"Shield and Spear","floor":54,"turns":5},{"damage":25,"enemies":"The Heart","floor":55,"turns":11}],"seed_played":"-725117850712272114","potions_obtained":[{"floor":6.0,"key":"Regen Potion"},{"floor":8.0,"key":"EssenceOfSteel"},{"floor":13.0,"key":"Swift Potion"},{"floor":14.0,"key":"FocusPotion"}],"is_trial":false,"path_per_floor":["M","M","?","?","?","E","R","E","T","?","R","M","M","E","R","B",null,"M","$","?","$","M","R","M","E","T","R","?","M","E","$","R","B",null,"M","M","$","M","?","R","E","R","T","?","R","M","E","M","R","B",null,"R","$","E","B",null],"character_chosen":"DEFECT","items_purchased":["Strange Spoon","Cold Snap+1","Streamline+1","Mind Blast+1","Dark Shackles+1","Blind+1","Loop","Tempest+1"],"campfire_rested":1,"item_purchase_floors":[19,19,19,19,31,37,37,53],"current_hp_per_floor":[63,63,52,37,62,15,15,19,19,19,41,40,40,37,37,35,65,65,65,65,65,64,64,40,39,39,39,37,37,37,37,37,8,30,30,30,30,30,25,25,25,25,25,25,25,27,29,31,31,17,32,32,32,34,15],"gold":35,"neow_bonus":"ONE_RANDOM_RARE_CARD","is_prod":false,"is_daily":false,"chose_seed":false,"campfire_upgraded":9,"win_rate":0,"timestamp":1551047983,"path_taken":["M","M","?","?","?","E","R","E","T","?","R","M","?","E","R","BOSS","M","$","?","?","?","R","M","E","T","R","?","M","E","$","R","BOSS","M","M","$","M","?","R","E","R","T","?","R","M","E","?","R","BOSS","R","$","E","BOSS"],"build_version":"2019-01-23","purchased_purges":4,"victory":true,"max_hp_per_floor":[75,75,75,75,75,75,75,75,75,75,75,75,75,75,75,75,75,75,75,75,75,75,75,75,75,75,75,37,37,37,37,37,37,37,37,37,37,37,37,37,37,37,37,37,37,37,37,37,37,37,37,37,37,37,37],"card_choices":[{"not_picked":["Hello World","Compile Driver"],"picked":"Leap","floor":1.0},{"not_picked":["Barrage","Turbo"],"picked":"Redo","floor":2.0},{"not_picked":["Hologram","Gash"],"picked":"Sweeping Beam","floor":6.0},{"not_picked":["Heatsinks","Barrage+1"],"picked":"Sunder+1","floor":8.0},{"not_picked":["Auto Shields","Streamline+1"],"picked":"Chill","floor":12.0},{"not_picked":["Redo","Leap"],"picked":"Recycle","floor":13.0},{"not_picked":["Reinforced Body","Beam Cell+1"],"picked":"Reboot","floor":14.0},{"not_picked":["Buffer","Machine Learning"],"picked":"Core Surge+1","floor":16.0},{"not_picked":["Gash+1","Blizzard+1"],"picked":"Rebound+1","floor":18.0},{"not_picked":["Conserve Battery","Sweeping Beam+1"],"picked":"Beam Cell+1","floor":22.0},{"not_picked":["Darkness","Melter+1"],"picked":"Cold Snap+1","floor":24.0},{"not_picked":["Rebound+1","Consume"],"picked":"Core Surge+1","floor":25.0},{"not_picked":["Fusion+1","Hologram+1"],"picked":"Chaos+1","floor":29.0},{"not_picked":["Sweeping Beam+1","Aggregate+1"],"picked":"Coolheaded+1","floor":30.0},{"not_picked":["Meteor Strike+1","Amplify+1"],"picked":"Hyperbeam+1","floor":33.0},{"not_picked":["Ball Lightning+1","Barrage+1"],"picked":"Conserve Battery+1","floor":35},{"not_picked":["Doom and Gloom+1","Rebound+1","Redo+1"],"picked":"SKIP","floor":36},{"not_picked":["Rebound+1","Barrage+1","Gash+1"],"picked":"SKIP","floor":38},{"not_picked":["Undo+1","Barrage+1"],"picked":"Compile Driver+1","floor":41},{"not_picked":["Beam Cell+1","Glacier+1","Barrage+1"],"picked":"SKIP","floor":46},{"not_picked":["Rebound+1","Heatsinks"],"picked":"Melter+1","floor":47},{"not_picked":["Rebound+1","Turbo+1"],"picked":"Machine Learning","floor":48},{"not_picked":["Cold Snap+1","Ball Lightning+1"],"picked":"Biased Cognition","floor":54}],"player_experience":503570,"relics_obtained":[{"floor":6.0,"key":"Molten Egg 2"},{"floor":8.0,"key":"Matryoshka"},{"floor":9.0,"key":"PreservedInsect"},{"floor":9.0,"key":"Cables"},{"floor":14.0,"key":"Torii"},{"floor":25.0,"key":"DataDisk"},{"floor":26.0,"key":"Smiling Mask"},{"floor":26.0,"key":"Toxic Egg 2"},{"floor":30.0,"key":"Darkstone Periapt"},{"floor":41,"key":"Bird Faced Urn"},{"floor":47,"key":"Omamori"},{"floor":54,"key":"Nunchaku"}],"event_choices":[{"damage_healed":0.0,"max_hp_gain":0.0,"max_hp_loss":0.0,"gold_gain":75.0,"event_name":"World of Goop","player_choice":"Gather Gold","floor":3.0,"gold_loss":0.0,"damage_taken":11.0},{"damage_healed":0.0,"max_hp_gain":0.0,"max_hp_loss":0.0,"gold_gain":0.0,"event_name":"Shining Light","player_choice":"Entered Light","floor":4.0,"gold_loss":0.0,"damage_taken":15.0,"cards_upgraded":["Defend_B","Strike_B"]},{"damage_healed":25.0,"max_hp_gain":0.0,"max_hp_loss":0.0,"gold_gain":0.0,"event_name":"Big Fish","player_choice":"Banana","floor":5.0,"gold_loss":0.0,"damage_taken":0.0},{"damage_healed":0.0,"max_hp_gain":0.0,"max_hp_loss":0.0,"gold_gain":0.0,"event_name":"WeMeetAgain","player_choice":"Gave Potion","floor":10.0,"gold_loss":0.0,"damage_taken":0.0,"relics_obtained":["Anchor"]},{"damage_healed":0.0,"max_hp_gain":0.0,"max_hp_loss":0.0,"gold_gain":0.0,"event_name":"Lab","player_choice":"Got Potions","floor":20.0,"gold_loss":0.0,"damage_taken":0.0},{"damage_healed":0.0,"max_hp_gain":0.0,"max_hp_loss":38.0,"gold_gain":0.0,"event_name":"Ghosts","player_choice":"Became a Ghost","floor":28.0,"gold_loss":0.0,"damage_taken":0.0,"cards_obtained":["Ghostly","Ghostly","Ghostly","Ghostly","Ghostly"]},{"damage_healed":0,"gold_gain":0,"player_choice":"Embrace Madness","damage_taken":5,"max_hp_gain":0,"max_hp_loss":0,"event_name":"Winding Halls","floor":39,"gold_loss":0,"cards_obtained":["Madness","Madness"]},{"damage_healed":0,"gold_gain":0,"player_choice":"Bought 0 Potions","damage_taken":0,"max_hp_gain":0,"max_hp_loss":0,"event_name":"The Woman in Blue","floor":44,"gold_loss":0}],"is_beta":false,"boss_relics":[{"not_picked":["Runic Dome","Pandora\u0027s Box"],"picked":"Sozu"},{"not_picked":["Nuclear Battery","Inserter"],"picked":"Runic Pyramid"}],"items_purged_floors":[19,31,37,53],"is_endless":false,"potions_floor_spawned":[6,8,13,14,25,29,33,36,38,41,46,48,54],"ascension_level":5}