{"path_per_floor":["M","M","$","M","M","R","?","M","T","R","M","M","R","T","R","B",null,"M","M","?","$","?","R","M","?","T","E","R","M","R","M","R"],"character_chosen":"IRONCLAD","items_purchased":["Clash","Paper Frog"],"gold_per_floor":[114,131,8,22,37,37,37,52,52,52,68,79,79,134,134,229,229,248,263,263,25,25,25,36,36,59,94,94,107,107,120,120,120],"floor_reached":33,"campfire_rested":2,"playtime":2562,"current_hp_per_floor":[70,76,76,80,80,80,80,80,80,80,80,80,80,80,80,56,74,60,59,59,59,59,59,47,47,47,21,45,35,35,42,66,0],"items_purged":["Strike_R"],"gold":120,"score":363,"play_id":"325a9159-9f6e-4666-bab2-b0575edc44ce","local_time":"20180416234815","is_prod":false,"is_daily":false,"chose_seed":false,"is_ascension_mode":true,"campfire_upgraded":6,"timestamp":1523947695,"path_taken":["M","M","$","M","M","R","?","M","T","R","?","?","R","?","R","BOSS","M","M","?","$","?","R","?","?","T","E","R","M","R","M","R","BOSS"],"build_version":"2018-04-12","seed_source_timestamp":0,"purchased_purges":1,"victory":false,"master_deck":["Strike_R","Strike_R","Strike_R","Strike_R","Defend_R","Defend_R+1","Defend_R","Defend_R","Bash+1","Havoc+1","Shrug It Off","Clash","Thunderclap+1","Ghostly Armor+1","Cleave+1","Thunderclap","Flex+1","Barricade","Blood for Blood+1","Feel No Pain","Dual Wield","Carnage+1","Second Wind+1","Blood for Blood"],"max_hp_per_floor":[80,80,80,80,80,80,80,80,80,80,80,80,80,80,80,80,80,80,80,80,80,80,80,80,80,80,80,80,80,80,80,80,80],"relics":["Burning Blood","Blood Vial","Orichalcum","Snecko Eye","Paper Frog","Bag of Marbles","War Paint"],"card_choices":[{"not_picked":["Infernal Blade","Clothesline"],"picked":"Havoc","floor":1.0},{"not_picked":["Headbutt","Burning Pact"],"picked":"Shrug It Off","floor":2.0},{"not_picked":["Warcry","Body Slam"],"picked":"Thunderclap","floor":4.0},{"not_picked":["Havoc","Entrench"],"picked":"Ghostly Armor","floor":5.0},{"not_picked":["Flex","Combust"],"picked":"Cleave","floor":8.0},{"not_picked":["Pommel Strike","Searing Blow"],"picked":"Thunderclap","floor":11.0},{"not_picked":["Clash","Limit Break"],"picked":"Flex","floor":12.0},{"not_picked":["Double Tap","Exhume"],"picked":"Barricade","floor":16.0},{"not_picked":["Headbutt","Pommel Strike"],"picked":"Blood for Blood","floor":18.0},{"not_picked":["Shockwave","Pommel Strike"],"picked":"Feel No Pain","floor":24},{"not_picked":["Berserk","Whirlwind"],"picked":"Carnage","floor":27},{"not_picked":["Cleave","Thunderclap"],"picked":"Second Wind","floor":29},{"not_picked":["Shrug It Off","Cleave"],"picked":"Blood for Blood","floor":31}],"player_experience":340067,"potions_floor_usage":[33,33],"damage_taken":[{"damage":8.0,"enemies":"Jaw Worm","floor":1.0,"turns":4.0},{"damage":0.0,"enemies":"Cultist","floor":2.0,"turns":4.0},{"damage":0.0,"enemies":"2 Louse","floor":4.0,"turns":4.0},{"damage":6.0,"enemies":"Looter","floor":5.0,"turns":3.0},{"damage":0.0,"enemies":"Gremlin Gang","floor":8.0,"turns":2.0},{"damage":0.0,"enemies":"Exordium Wildlife","floor":11.0,"turns":3.0},{"damage":0.0,"enemies":"Blue Slaver","floor":12.0,"turns":2.0},{"damage":30.0,"enemies":"The Guardian","floor":16.0,"turns":10.0},{"damage":22.0,"enemies":"Chosen","floor":18.0,"turns":5.0},{"damage":9.0,"enemies":"2 Thieves","floor":19.0,"turns":3.0},{"damage":20,"enemies":"Snecko","floor":24,"turns":5},{"damage":34,"enemies":"Slavers","floor":27,"turns":4},{"damage":18,"enemies":"Snake Plant","floor":29,"turns":4},{"damage":1,"enemies":"Centurion and Healer","floor":31,"turns":7},{"damage":76,"enemies":"Champ","floor":33,"turns":9}],"event_choices":[{"event_name":"The Cleric","player_choice":"Leave","floor":7.0,"damage_taken":0.0},{"event_name":"Ghosts","player_choice":"Ignored","floor":20,"damage_taken":0},{"event_name":"Drug Dealer","player_choice":"Ignored","floor":22,"damage_taken":0},{"event_name":"Match and Keep!","player_choice":"1 cards matched","floor":25,"damage_taken":0}],"boss_relics":[],"potions_floor_spawned":[1,4,11,12,19,27,29],"seed_played":"4007138981846428796","killed_by":"Champ","ascension_level":8,"is_trial":false}