{"gold_per_floor":[113,126,126,126,146,146,156,169,169,169,94,94,113,113,113,215,215,228,57,71,71,85,85,104,104,158,182,201,218,234,282,282,378,378,392,404,404,34,51,51,68,68,118,118,118,118,132,148,148,148],"floor_reached":50,"playtime":1600,"items_purged":["Injury","Strike_R","Strike_R"],"score":438,"play_id":"35609465-8a06-4fa0-b1bb-91805a395e0a","local_time":"20190224161915","is_ascension_mode":false,"campfire_choices":[{"data":"infinitespire:OneForAll","floor":6,"key":"SMITH"},{"data":"Iron Wave","floor":10,"key":"SMITH"},{"data":"Bash","floor":12,"key":"SMITH"},{"data":"strawberrySpire:PumpUp","floor":15,"key":"SMITH"},{"data":"Inflame","floor":23,"key":"SMITH"},{"data":"strawberrySpire:GettingOverIt","floor":25,"key":"SMITH"},{"floor":32,"key":"REST"},{"floor":40,"key":"REST"},{"data":"ReplayTheSpireMod:Muscle Training","floor":42,"key":"SMITH"},{"data":"Defend_R+1","floor":44,"key":"SMITH"},{"data":"Defend_R+2","floor":46,"key":"SMITH"},{"data":"Seeing Red","floor":49,"key":"SMITH"}],"neow_cost":"NONE","seed_source_timestamp":437279745185289,"circlet_count":0,"master_deck":["Strike_R","Strike_R","Strike_R","Defend_R","Defend_R","Defend_R+3","Bash+1","infinitespire:OneForAll+1","Iron Wave+1","Wild Strike+1","Sword Boomerang+1","strawberrySpire:PumpUp+1","strawberrySpire:Beatdown+1","strawberrySpire:GettingOverIt+1","Inflame+1","Twin Strike+1","Anger+1","Hemogenesis+1","Burning Pact+1","ReplayTheSpireMod:Muscle Training+1","Sword Boomerang+1","Sword Boomerang+1","Seeing Red+1"],"relics":["Burning Blood","aspiration:Nostalgia","Cracked Core","Molten Egg 2","hubris:ChampionShield","strawberrySpire:SolarisEssence","Omamori","ReplayTheSpireMod:TigerMarble","Potion Belt","Simple Rune","hubris:Backtick","Bottled Flame","strawberrySpire:DirtyLipstick","Anchor","ReplayTheSpireMod:Ring of Exchange","Ring of Fury"],"potions_floor_usage":[33,33,33,50,50,50,50,50],"damage_taken":[{"damage":4,"enemies":"2 Louse","floor":1,"turns":3},{"damage":2,"enemies":"Small Slimes","floor":2,"turns":4},{"damage":1,"enemies":"Cultist","floor":5,"turns":3},{"damage":11,"enemies":"Large Slime","floor":7,"turns":4},{"damage":13,"enemies":"Red Slaver","floor":8,"turns":2},{"damage":10,"enemies":"Exordium Wildlife","floor":13,"turns":5},{"damage":13,"enemies":"Slime Boss","floor":16,"turns":8},{"damage":19,"enemies":"Shell Parasite","floor":18,"turns":3},{"damage":24,"enemies":"2 Thieves","floor":20,"turns":4},{"damage":20,"enemies":"Centurion and Healer","floor":22,"turns":4},{"damage":10,"enemies":"Cultist and Chosen","floor":24,"turns":4},{"damage":0,"enemies":"Snecko","floor":28,"turns":2},{"damage":15,"enemies":"Centurion and Healer","floor":29,"turns":3},{"damage":9,"enemies":"Snake Plant","floor":30,"turns":3},{"damage":45,"enemies":"Automaton","floor":33,"turns":8},{"damage":25,"enemies":"3 Shapes","floor":35,"turns":6},{"damage":14,"enemies":"Orb Walker","floor":36,"turns":2},{"damage":49,"enemies":"Jaw Worm Horde","floor":39,"turns":3},{"damage":19,"enemies":"Maw","floor":41,"turns":5},{"damage":4,"enemies":"Sphere and 2 Shapes","floor":47,"turns":3},{"damage":24,"enemies":"Writhing Mass","floor":48,"turns":6},{"damage":47,"enemies":"Awakened One","floor":50,"turns":5}],"seed_played":"698475879582406243","potions_obtained":[{"floor":1,"key":"Adrenaline Potion"},{"floor":5,"key":"Weak Potion"},{"floor":8,"key":"Swift Potion"},{"floor":29,"key":"Toxic Potion"},{"floor":30,"key":"Block Potion"},{"floor":33,"key":"FearPotion"},{"floor":39,"key":"Strength Potion"},{"floor":47,"key":"Strength Potion"}],"is_trial":false,"path_per_floor":["M","M","?","?","M","R","M","M","T","R","$","R","M","?","R","B",null,"M","$","M","?","M","R","M","R","T","T","M","M","M","T","R","B",null,"M","M","?","$","M","R","M","R","T","R","?","R","M","M","R","B"],"character_chosen":"IRONCLAD","items_purchased":["Inflame","strawberrySpire:DirtyLipstick"],"campfire_rested":2,"item_purchase_floors":[19,38],"current_hp_per_floor":[80,80,80,80,80,80,75,68,68,68,68,68,64,64,64,57,80,67,67,49,49,35,35,31,31,31,31,37,28,25,25,49,10,80,61,53,53,53,10,34,38,38,38,38,38,38,40,42,42,0],"gold":148,"neow_bonus":"NOSTALGIA","is_prod":false,"is_daily":false,"chose_seed":false,"campfire_upgraded":10,"win_rate":0,"timestamp":1551043155,"path_taken":["M","M","?","?","?","R","M","M","T","R","$","R","M","?","R","BOSS","M","$","M","?","M","R","M","R","T","?","M","M","?","?","R","BOSS","M","M","?","$","M","R","M","R","T","R","?","R","M","M","R","BOSS"],"build_version":"2019-01-23","purchased_purges":3,"victory":false,"max_hp_per_floor":[80,80,80,80,80,80,80,80,80,80,80,80,80,80,80,80,80,80,80,80,80,80,80,80,80,80,80,80,80,80,80,80,80,80,80,80,80,80,80,80,80,80,80,80,80,80,80,80,80,80],"card_choices":[{"not_picked":["Thunderclap","strawberrySpire:DraftPunk"],"picked":"infinitespire:OneForAll","floor":1},{"not_picked":["Rage","Cleave"],"picked":"Iron Wave","floor":2},{"not_picked":["strawberrySpire:DebrisPile","strawberrySpire:Endurance"],"picked":"Wild Strike+1","floor":5},{"not_picked":["strawberrySpire:Endurance","strawberrySpire:DraftPunk","ReplayTheSpireMod:Corrosion Curse"],"picked":"SKIP","floor":7},{"not_picked":["Defy Death","Replay:Undeath\u0027s Touch+1","Warcry"],"picked":"SKIP","floor":8},{"not_picked":["ReplayTheSpireMod:Strike From Hell+1","Havoc"],"picked":"Sword Boomerang+1","floor":13},{"not_picked":["Immolate+1","Double Tap"],"picked":"strawberrySpire:Beatdown+1","floor":16},{"not_picked":["Twin Strike+1","strawberrySpire:Spite+1"],"picked":"strawberrySpire:GettingOverIt","floor":18},{"not_picked":["Carnage+1","Reckless Charge+1"],"picked":"Twin Strike+1","floor":20},{"not_picked":["Infernal Blade","Eclipse"],"picked":"Anger+1","floor":22},{"not_picked":["Rage","Havoc","hubris:ReadiedAction+1"],"picked":"SKIP","floor":24},{"not_picked":["Havoc","Headbutt+1","Anger+1"],"picked":"SKIP","floor":28},{"not_picked":["Body Slam+1","Dual Wield","Clothesline+1"],"picked":"SKIP","floor":29},{"not_picked":["strawberrySpire:Endurance+1","Run Through+1","Double Tap"],"picked":"SKIP","floor":30},{"not_picked":["Fiend Fire+1","Juggernaut"],"picked":"Hemogenesis+1","floor":33},{"not_picked":["strawberrySpire:ZonePlayer+1","Shrug It Off"],"picked":"Burning Pact+1","floor":35},{"not_picked":["strawberrySpire:FireDrill+1","strawberrySpire:Overwork","Cleave+1"],"picked":"SKIP","floor":36},{"not_picked":["Combust","strawberrySpire:Overwork"],"picked":"ReplayTheSpireMod:Muscle Training","floor":39},{"not_picked":["hubris:ReadiedAction+1","Rage"],"picked":"Sword Boomerang+1","floor":41},{"not_picked":["Body Slam+1","Feel No Pain"],"picked":"Sword Boomerang+1","floor":47},{"not_picked":["True Grit","Flame Barrier+1"],"picked":"Seeing Red","floor":48}],"player_experience":721577,"relics_obtained":[{"floor":9,"key":"hubris:ChampionShield"},{"floor":26,"key":"Omamori"},{"floor":27,"key":"ReplayTheSpireMod:TigerMarble"},{"floor":31,"key":"Simple Rune"},{"floor":43,"key":"Anchor"},{"floor":45,"key":"ReplayTheSpireMod:Ring of Exchange"},{"floor":45,"key":"Ring of Fury"}],"event_choices":[{"damage_healed":0,"gold_gain":0,"player_choice":"Ignored","damage_taken":0,"max_hp_gain":0,"max_hp_loss":0,"event_name":"NoteForYourself","floor":4,"gold_loss":0},{"damage_healed":0,"gold_gain":0,"player_choice":"1 cards matched","damage_taken":0,"max_hp_gain":0,"max_hp_loss":0,"event_name":"Match and Keep!","floor":14,"gold_loss":0,"cards_obtained":["strawberrySpire:PumpUp"]},{"cards_removed":["Defend_R"],"damage_healed":0,"gold_gain":0,"player_choice":"Removed Skill","damage_taken":0,"max_hp_gain":0,"max_hp_loss":0,"event_name":"Falling","floor":37,"gold_loss":0}],"is_beta":false,"boss_relics":[{"not_picked":["Ring of Chaos","Replay:Grab Bag"],"picked":"strawberrySpire:SolarisEssence"},{"not_picked":["Orrery","strawberrySpire:JuiceKeg"],"picked":"hubris:Backtick"}],"items_purged_floors":[11,19,38],"is_endless":false,"potions_floor_spawned":[1,5,8,24,29,30,33,39,47],"killed_by":"Awakened One","ascension_level":0}