{"gold_per_floor":[368,381,381,76,92,92,103,130,203,203,203,231,211,229,229,304,304,314,314,30,41,56,56,56],"floor_reached":24,"playtime":1100,"items_purged":["Doubt"],"score":391,"play_id":"6cda6497-4752-48ba-9da2-fdc33552ef1b","local_time":"20190409112924","is_ascension_mode":true,"campfire_choices":[{"data":"Corruption","floor":6,"key":"SMITH"},{"floor":10,"key":"REST"},{"floor":15,"key":"REST"},{"floor":23,"key":"REST"}],"neow_cost":"TEN_PERCENT_HP_LOSS","seed_source_timestamp":11325663979396,"circlet_count":0,"master_deck":["AscendersBane","Strike_R","Strike_R","Strike_R","Strike_R","Strike_R","Defend_R","Defend_R","Defend_R","Defend_R","Bash+1","Anger","Thunderclap","Corruption+1","Immolate","Twin Strike","Double Tap","Battle Trance","Combust","Thunderclap","Double Tap","Bash","Metallicize","Footwork","Well Laid Plans"],"relics":["Burning Blood","Mummified Hand","Prayer Wheel","Ornamental Fan","Red Skull","Mark of Pain","PrismaticShard"],"potions_floor_usage":[8,18,22],"damage_taken":[{"damage":12,"enemies":"Small Slimes","floor":1,"turns":5},{"damage":6,"enemies":"2 Louse","floor":2,"turns":3},{"damage":0,"enemies":"Cultist","floor":5,"turns":3},{"damage":34,"enemies":"Large Slime","floor":7,"turns":5},{"damage":35,"enemies":"3 Sentries","floor":8,"turns":4},{"damage":27,"enemies":"Gremlin Nob","floor":12,"turns":4},{"damage":0,"enemies":"Exordium Thugs","floor":14,"turns":2},{"damage":9,"enemies":"Slime Boss","floor":16,"turns":7},{"damage":17,"enemies":"Chosen","floor":18,"turns":4},{"damage":22,"enemies":"Shell Parasite","floor":21,"turns":3},{"damage":28,"enemies":"Snake Plant","floor":22,"turns":2},{"damage":44,"enemies":"Book of Stabbing","floor":24,"turns":3}],"seed_played":"-3729568113936051250","potions_obtained":[{"floor":2,"key":"FairyPotion"},{"floor":7,"key":"BloodPotion"},{"floor":13,"key":"AttackPotion"},{"floor":21,"key":"LiquidBronze"},{"floor":22,"key":"Explosive Potion"}],"is_trial":false,"path_per_floor":["M","M","?","$","M","R","M","E","T","R","?","E","?","M","R","B",null,"M","?","$","M","M","R","E"],"character_chosen":"IRONCLAD","items_purchased":["Corruption","Mummified Hand","PrismaticShard"],"campfire_rested":3,"item_purchase_floors":[4,4,20],"current_hp_per_floor":[62,62,62,62,68,68,40,17,17,37,59,38,38,44,64,61,66,55,55,55,39,17,37,0],"gold":56,"neow_bonus":"TWO_FIFTY_GOLD","is_prod":false,"is_daily":false,"chose_seed":false,"campfire_upgraded":1,"win_rate":0,"timestamp":1554802164,"path_taken":["M","M","?","$","M","R","M","E","T","R","?","E","?","?","R","BOSS","M","?","?","M","M","R","E"],"build_version":"2019-01-23","purchased_purges":1,"victory":false,"max_hp_per_floor":[68,68,68,68,68,68,68,68,68,68,68,68,68,68,68,68,68,68,68,68,68,68,68,68],"card_choices":[{"not_picked":["Flex","Heavy Blade"],"picked":"Anger","floor":1},{"not_picked":["Ghostly Armor","Shockwave"],"picked":"Thunderclap","floor":2},{"not_picked":["Thunderclap","Sword Boomerang"],"picked":"Immolate","floor":5},{"not_picked":["Clash","Evolve"],"picked":"Twin Strike","floor":7},{"not_picked":["Clash","Clothesline"],"picked":"Double Tap","floor":8},{"not_picked":["Spot Weakness","Rage"],"picked":"Battle Trance","floor":12},{"not_picked":["Pummel","Evolve"],"picked":"Combust","floor":14},{"not_picked":["Entrench","Reckless Charge"],"picked":"Thunderclap","floor":14},{"not_picked":["Demon Form","Juggernaut"],"picked":"Double Tap","floor":16},{"not_picked":["Seeing Red","Cleave","Pummel"],"picked":"SKIP","floor":18},{"not_picked":["Fire Breathing","Power Through+1","Havoc"],"picked":"SKIP","floor":18},{"not_picked":["Redo","Deep Breath"],"picked":"Footwork","floor":21},{"not_picked":["Deadly Poison","Redo","Finesse"],"picked":"SKIP","floor":21},{"not_picked":["Compile Driver+1","Leg Sweep"],"picked":"Well Laid Plans","floor":22},{"not_picked":["Gash","Recycle","Limit Break"],"picked":"SKIP","floor":22}],"player_experience":579190,"relics_obtained":[{"floor":8,"key":"Prayer Wheel"},{"floor":9,"key":"Ornamental Fan"},{"floor":12,"key":"Red Skull"}],"event_choices":[{"damage_healed":0,"gold_gain":0,"player_choice":"Grow","damage_taken":0,"max_hp_gain":0,"max_hp_loss":0,"event_name":"Living Wall","floor":3,"gold_loss":0,"cards_upgraded":["Bash"]},{"damage_healed":22,"gold_gain":0,"player_choice":"Banana","damage_taken":0,"max_hp_gain":0,"max_hp_loss":0,"event_name":"Big Fish","floor":11,"gold_loss":0},{"damage_healed":0,"gold_gain":0,"player_choice":"Bought 1 Potion","damage_taken":0,"max_hp_gain":0,"max_hp_loss":0,"event_name":"The Woman in Blue","floor":13,"gold_loss":0},{"damage_healed":0,"gold_gain":0,"player_choice":"3 cards matched","damage_taken":0,"max_hp_gain":0,"max_hp_loss":0,"event_name":"Match and Keep!","floor":19,"gold_loss":0,"cards_obtained":["Doubt","Bash","Metallicize"]}],"is_beta":false,"boss_relics":[{"not_picked":["Black Blood","Eternal Feather"],"picked":"Mark of Pain"}],"items_purged_floors":[20],"is_endless":false,"potions_floor_spawned":[2,7,14,21,22],"killed_by":"Book of Stabbing","ascension_level":18}