{"gold_per_floor":[112,37,37,56,56,95,108,108,108,108,138,163,63,78,78,78],"floor_reached":16,"playtime":292,"items_purged":["Defend_R","Defend_R"],"score":125,"play_id":"0954b7ed-4a71-469e-84e2-80f626092a68","local_time":"20190913153046","is_ascension_mode":false,"campfire_choices":[{"data":"Defend_R","floor":8,"key":"PURGE"},{"data":"Strike_R","floor":10,"key":"PURGE"},{"data":"Bash","floor":15,"key":"SMITH"}],"neow_cost":"NONE","seed_source_timestamp":2373505447212000,"circlet_count":0,"master_deck":["Strike_R","Strike_R","Strike_R","Defend_R","Bash+1","Flex","Flex","Flex"],"relics":["Burning Blood","NeowsBlessing","Golden Idol","Peace Pipe","Du-Vu Doll"],"potions_floor_usage":[14,16,16],"damage_taken":[{"damage":0,"enemies":"2 Louse","floor":1,"turns":1},{"damage":0,"enemies":"Cultist","floor":4,"turns":1},{"damage":0,"enemies":"Lagavulin","floor":6,"turns":1},{"damage":11,"enemies":"Small Slimes","floor":7,"turns":3},{"damage":14,"enemies":"2 Fungi Beasts","floor":12,"turns":3},{"damage":16,"enemies":"Red Slaver","floor":14,"turns":3},{"damage":56,"enemies":"The Guardian","floor":16,"turns":7}],"seed_played":"25641585937366336","potions_obtained":[{"floor":4,"key":"Regen Potion"},{"floor":6,"key":"GamblersBrew"},{"floor":7,"key":"SteroidPotion"}],"is_trial":false,"path_per_floor":["M","$","?","M","?","E","M","R","T","R","?","M","$","M","R","B"],"character_chosen":"IRONCLAD","items_purchased":[],"campfire_rested":0,"item_purchase_floors":[],"current_hp_per_floor":[80,80,80,80,60,66,61,61,61,61,61,53,53,52,52,0],"gold":78,"neow_bonus":"THREE_ENEMY_KILL","is_prod":false,"is_daily":false,"chose_seed":false,"campfire_upgraded":1,"win_rate":0,"timestamp":1568403046,"path_taken":["M","$","?","?","?","E","M","R","T","R","?","M","$","M","R","BOSS"],"build_version":"2019-07-17","purchased_purges":2,"victory":false,"max_hp_per_floor":[80,80,80,80,80,80,80,80,80,80,80,80,80,80,80,80],"card_choices":[{"not_picked":["Shrug It Off","Shockwave","Clothesline"],"picked":"SKIP","floor":1},{"not_picked":["Cleave","Rupture"],"picked":"Flex","floor":4},{"not_picked":["Body Slam","Wild Strike","Clash"],"picked":"SKIP","floor":6},{"not_picked":["Pommel Strike","Iron Wave","Body Slam"],"picked":"SKIP","floor":7},{"not_picked":["Wild Strike","Clash"],"picked":"Flex","floor":12},{"not_picked":["Spot Weakness","Evolve"],"picked":"Flex","floor":14}],"player_experience":405273,"relics_obtained":[{"floor":6,"key":"Peace Pipe"},{"floor":9,"key":"Du-Vu Doll"}],"event_choices":[{"cards_removed":["Strike_R"],"damage_healed":0,"gold_gain":0,"player_choice":"Offered Basic","damage_taken":0,"max_hp_gain":0,"max_hp_loss":0,"event_name":"Bonfire Elementals","floor":3,"gold_loss":0},{"damage_healed":0,"gold_gain":0,"player_choice":"Take Damage","damage_taken":20,"relics_obtained":["Golden Idol"],"max_hp_gain":0,"max_hp_loss":0,"event_name":"Golden Idol","floor":5,"gold_loss":0},{"damage_healed":0,"gold_gain":30,"player_choice":"Searched \u00271\u0027 times","damage_taken":0,"max_hp_gain":0,"max_hp_loss":0,"event_name":"Dead Adventurer","floor":11,"gold_loss":0}],"is_beta":false,"boss_relics":[],"items_purged_floors":[2,13],"is_endless":false,"potions_floor_spawned":[4,6,7],"killed_by":"The Guardian","ascension_level":0}