{"gold_per_floor":[116,191,215,5,5,39,39,68,94,10,70,83,109,125,125,204,204,217,12,26,26,26,26,59,59,86,86,102,102,102,135,135,135],"floor_reached":33,"playtime":2403,"items_purged":["Strike_B","Strike_B"],"score":643,"play_id":"64d73147-c660-43d8-b74a-4fdff269e018","local_time":"20190813183943","is_ascension_mode":true,"campfire_choices":[{"data":"Zap","floor":7.0,"key":"SMITH"},{"data":"Recycle","floor":15.0,"key":"SMITH"},{"data":"Dualcast","floor":23.0,"key":"SMITH"},{"data":"Redo","floor":25.0,"key":"SMITH"},{"data":"Defragment","floor":29.0,"key":"SMITH"},{"data":"Turbo","floor":32,"key":"SMITH"}],"neow_cost":"NONE","seed_source_timestamp":547045055739181,"circlet_count":0,"master_deck":["AscendersBane","Strike_B","Strike_B+1","Defend_B","Defend_B","Defend_B","Defend_B","Zap+1","Dualcast+1","Sweeping Beam+1","All For One","Cold Snap","Cold Snap","Doom and Gloom","Turbo+1","Redo+1","Defragment+1","Recycle+1","Go for the Eyes","Ball Lightning","Meteor Strike","Static Discharge","Impatience","Leap","Shame","Hologram+1","Conserve Battery","Core Surge"],"special_seed":0,"relics":["Cracked Core","NeowsBlessing","Centennial Puzzle","Meat on the Bone","Boot","DataDisk","Tiny Chest","Bottled Tornado","Coffee Dripper","MutagenicStrength","Bronze Scales","Symbiotic Virus","Oddly Smooth Stone","Nilry\u0027s Codex","Ginger"],"potions_floor_usage":[31,33],"damage_taken":[{"damage":0.0,"enemies":"2 Louse","floor":1.0,"turns":1.0},{"damage":0.0,"enemies":"Gremlin Nob","floor":6.0,"turns":1.0},{"damage":0.0,"enemies":"Lagavulin","floor":8.0,"turns":1.0},{"damage":7.0,"enemies":"Gremlin Nob","floor":11.0,"turns":4.0},{"damage":7.0,"enemies":"Jaw Worm","floor":12.0,"turns":2.0},{"damage":3.0,"enemies":"3 Sentries","floor":13.0,"turns":3.0},{"damage":6.0,"enemies":"Small Slimes","floor":14.0,"turns":2.0},{"damage":26.0,"enemies":"The Guardian","floor":16.0,"turns":8.0},{"damage":14.0,"enemies":"2 Thieves","floor":18.0,"turns":2.0},{"damage":7.0,"enemies":"3 Byrds","floor":20.0,"turns":3.0},{"damage":25.0,"enemies":"Slavers","floor":24.0,"turns":2.0},{"damage":12.0,"enemies":"Cultist and Chosen","floor":28.0,"turns":2.0},{"damage":18,"enemies":"Gremlin Leader","floor":31,"turns":4},{"damage":37,"enemies":"Automaton","floor":33,"turns":6}],"seed_played":"-4914686119916960179","potions_obtained":[{"floor":8.0,"key":"EssenceOfSteel"},{"floor":11.0,"key":"Strength Potion"},{"floor":12.0,"key":"EssenceOfSteel"},{"floor":13.0,"key":"Fruit Juice"},{"floor":14.0,"key":"AttackPotion"},{"floor":24.0,"key":"SpeedPotion"},{"floor":28.0,"key":"Strength Potion"}],"is_trial":false,"path_per_floor":["M","?","T","$","?","E","R","E","T","$","E","M","E","M","R","B",null,"M","$","M","?","?","R","E","R","T","?","M","R","?","E","R","B"],"character_chosen":"DEFECT","items_purchased":["All For One","Cold Snap","Turbo","Redo","Impatience"],"campfire_rested":0,"item_purchase_floors":[4,4,10,10,19],"current_hp_per_floor":[64,53,53,53,32,32,32,44,44,44,37,42,39,50,50,36,66,52,52,45,45,45,45,32,32,32,76,64,64,43,37,37,0],"gold":135,"neow_bonus":"THREE_ENEMY_KILL","is_prod":false,"is_daily":false,"chose_seed":false,"campfire_upgraded":6,"win_rate":0,"timestamp":1565746783,"path_taken":["M","?","?","$","?","E","R","E","T","$","E","M","E","?","R","BOSS","M","$","M","?","?","R","E","R","T","?","?","R","?","E","R","BOSS"],"build_version":"2019-07-17","purchased_purges":2,"victory":false,"max_hp_per_floor":[71,71,71,71,71,71,71,71,71,71,71,71,71,76,76,76,76,76,76,76,76,76,76,76,76,76,76,76,76,76,76,76,76],"card_choices":[{"not_picked":["Streamline","Gash"],"picked":"Sweeping Beam","floor":1.0},{"not_picked":["Meteor Strike","Conserve Battery"],"picked":"Cold Snap","floor":6.0},{"not_picked":["Self Repair","Redo"],"picked":"Doom and Gloom","floor":8.0},{"not_picked":["White Noise","Lockon"],"picked":"Defragment","floor":11.0},{"not_picked":["Reprogram","Hello World"],"picked":"Recycle","floor":12.0},{"not_picked":["Hologram","Scrape"],"picked":"Go for the Eyes","floor":13.0},{"not_picked":["Reprogram","Rebound"],"picked":"Ball Lightning","floor":14.0},{"not_picked":["Fission","Rainbow"],"picked":"Meteor Strike","floor":16.0},{"not_picked":["Go for the Eyes","Rebound"],"picked":"Static Discharge","floor":18.0},{"not_picked":["Static Discharge","Chaos"],"picked":"Leap","floor":20.0},{"not_picked":["Streamline","Force Field"],"picked":"Hologram+1","floor":24.0},{"not_picked":["Ball Lightning","Defragment"],"picked":"Conserve Battery","floor":28.0},{"not_picked":["Tempest","Doom and Gloom"],"picked":"Core Surge","floor":31}],"player_experience":659181,"relics_obtained":[{"floor":3.0,"key":"Centennial Puzzle"},{"floor":6.0,"key":"Meat on the Bone"},{"floor":8.0,"key":"Boot"},{"floor":9.0,"key":"DataDisk"},{"floor":11.0,"key":"Tiny Chest"},{"floor":13.0,"key":"Bottled Tornado"},{"floor":24.0,"key":"Symbiotic Virus"},{"floor":26.0,"key":"Oddly Smooth Stone"},{"floor":30,"key":"Nilry\u0027s Codex"},{"floor":31,"key":"Ginger"}],"event_choices":[{"damage_healed":0.0,"max_hp_gain":0.0,"max_hp_loss":0.0,"gold_gain":75.0,"event_name":"World of Goop","player_choice":"Gather Gold","floor":2.0,"gold_loss":0.0,"damage_taken":11.0},{"damage_healed":0.0,"max_hp_gain":0.0,"max_hp_loss":0.0,"gold_gain":0.0,"event_name":"Shining Light","player_choice":"Entered Light","floor":5.0,"gold_loss":0.0,"damage_taken":21.0,"cards_upgraded":["Sweeping Beam","Strike_B"]},{"damage_healed":0.0,"max_hp_gain":0.0,"max_hp_loss":0.0,"gold_gain":0.0,"event_name":"Drug Dealer","player_choice":"Inject Mutagens","floor":21.0,"gold_loss":0.0,"damage_taken":0.0,"relics_obtained":["MutagenicStrength"]},{"damage_healed":0.0,"max_hp_gain":0.0,"max_hp_loss":0.0,"gold_gain":0.0,"event_name":"Addict","player_choice":"Stole Relic","floor":22.0,"gold_loss":0.0,"damage_taken":0.0,"relics_obtained":["Bronze Scales"],"cards_obtained":["Shame"]},{"damage_healed":44.0,"max_hp_gain":0.0,"max_hp_loss":0.0,"gold_gain":0.0,"event_name":"Wheel of Change","player_choice":"Full Heal","floor":27.0,"gold_loss":0.0,"damage_taken":0.0},{"damage_healed":0,"gold_gain":0,"player_choice":"Obtained Book","damage_taken":21,"max_hp_gain":0,"max_hp_loss":0,"event_name":"Cursed Tome","floor":30,"gold_loss":0}],"is_beta":false,"boss_relics":[{"not_picked":["Inserter","Velvet Choker"],"picked":"Coffee Dripper"}],"items_purged_floors":[4,19],"is_endless":false,"potions_floor_spawned":[8,11,12,13,14,24,28],"killed_by":"Automaton","ascension_level":16}