{"gold_per_floor":[109,119,136,136,155,155,168,179,179,179,179,195,210,222,222,222],"floor_reached":16,"playtime":431,"items_purged":[],"score":98,"play_id":"1a1ed1b6-9e5f-4300-8e8b-0ff5f20819c5","local_time":"20190320000738","is_ascension_mode":false,"campfire_choices":[{"data":"Bash","floor":6,"key":"SMITH"},{"floor":15,"key":"DIG"}],"neow_cost":"TEN_PERCENT_HP_LOSS","seed_source_timestamp":2450144514075115,"circlet_count":0,"master_deck":["Strike_R+1","Strike_R","Strike_R","Strike_R+1","Defend_R","Defend_R","Defend_R","Defend_R","Bash+1","Replay:Undeath\u0027s Touch+1","Replay:Undeath\u0027s Touch","Pummel","Reaper"],"relics":["Burning Blood","Shovel","Whetstone","Bottled Lightning"],"potions_floor_usage":[16,16,16],"damage_taken":[{"damage":6,"enemies":"Cultist","floor":1,"turns":3},{"damage":5,"enemies":"2 Louse","floor":2,"turns":3},{"damage":6,"enemies":"Jaw Worm","floor":3,"turns":4},{"damage":33,"enemies":"Gremlin Gang","floor":5,"turns":7},{"damage":23,"enemies":"Exordium Thugs","floor":7,"turns":6},{"damage":6,"enemies":"3 Louse","floor":8,"turns":6},{"damage":11,"enemies":"Lots of Slimes","floor":12,"turns":4},{"damage":0,"enemies":"Large Slime","floor":13,"turns":5},{"damage":3,"enemies":"2 Fungi Beasts","floor":14,"turns":4},{"damage":88,"enemies":"Slime Boss","floor":16,"turns":8}],"seed_played":"9027764957697191986","potions_obtained":[{"floor":5,"key":"Toxic Potion"},{"floor":7,"key":"EssenceOfSteel"},{"floor":10,"key":"conspire:EchoDraught"},{"floor":10,"key":"Regen Potion"}],"is_trial":false,"path_per_floor":["M","M","M","?","M","R","M","M","T","?","$","M","M","M","R","B"],"character_chosen":"IRONCLAD","items_purchased":[],"campfire_rested":0,"item_purchase_floors":[],"current_hp_per_floor":[72,72,72,72,45,45,28,28,28,28,28,23,37,48,48,0],"gold":222,"neow_bonus":"ONE_RARE_RELIC","is_prod":false,"is_daily":false,"chose_seed":false,"campfire_upgraded":1,"win_rate":0,"timestamp":1553054858,"path_taken":["M","M","M","?","M","R","M","M","T","?","$","M","M","M","R","BOSS"],"build_version":"2019-01-23","purchased_purges":0,"victory":false,"max_hp_per_floor":[72,72,72,72,72,72,72,72,72,72,72,72,72,72,72,72],"card_choices":[{"not_picked":["Headbutt","Replay:Undeath\u0027s Touch","ReplayReversal"],"picked":"SKIP","floor":1},{"not_picked":["Abandon","hubris:SharpeningStone","hubris:ReadiedAction"],"picked":"SKIP","floor":2},{"not_picked":["Pommel Strike","Rage","Havoc"],"picked":"SKIP","floor":3},{"not_picked":["strawberrySpire:DangerMountain","Flex","ReplayTheSpireMod:Limb From Limb"],"picked":"SKIP","floor":5},{"not_picked":["Feel No Pain","strawberrySpire:PowerStomp"],"picked":"Replay:Undeath\u0027s Touch","floor":7},{"not_picked":["Massacre","Abandon"],"picked":"Pummel","floor":8},{"not_picked":["Flex","strawberrySpire:GettingOverIt"],"picked":"Reaper","floor":12},{"not_picked":["strawberrySpire:Spite","Iron Wave","ReplayTheSpireMod:LeadingStrike"],"picked":"SKIP","floor":13},{"not_picked":["ReplayReversal","Havoc","Body Slam"],"picked":"SKIP","floor":14}],"player_experience":734794,"relics_obtained":[{"floor":9,"key":"Whetstone"},{"floor":15,"key":"Bottled Lightning"}],"event_choices":[{"damage_healed":0,"gold_gain":0,"player_choice":"Got Potions","damage_taken":0,"max_hp_gain":0,"max_hp_loss":0,"event_name":"Lab","floor":10,"gold_loss":0}],"is_beta":false,"boss_relics":[],"items_purged_floors":[],"is_endless":false,"potions_floor_spawned":[5,7,13,14],"killed_by":"Slime Boss","ascension_level":0}