{"gold_per_floor":[16,16,34,109,132,132,152,152,182,226,226,241,241,284,284,383,383,401,401,425,425,425,458,479,479,502,502],"floor_reached":27,"playtime":2189,"items_purged":[],"score":582,"play_id":"566fe4b7-a38e-4895-bfbf-cf4ede6aeba7","local_time":"20190828183752","is_ascension_mode":true,"campfire_choices":[{"data":"Sunder","floor":6.0,"key":"SMITH"},{"data":"Zap","floor":8.0,"key":"SMITH"},{"data":"Doom and Gloom","floor":11.0,"key":"SMITH"},{"data":"Hologram","floor":13.0,"key":"SMITH"},{"data":"Dualcast","floor":15.0,"key":"SMITH"},{"floor":25,"key":"REST"}],"neow_cost":"NO_GOLD","seed_source_timestamp":447720152323301,"circlet_count":0,"master_deck":["AscendersBane","Strike_B","Strike_B","Strike_B","Defend_B+1","Defend_B","Defend_B","Zap+1","Dualcast+1","Sunder+1","Coolheaded","Hologram+1","Coolheaded","Doom and Gloom+1","Beam Cell","Electrodynamics","Core Surge","White Noise+1","Hologram+1","Writhe","Leap+1","Leap"],"special_seed":0,"relics":["Cracked Core","Golden Idol","Tiny Chest","Mercury Hourglass","Gremlin Horn","Nuclear Battery","Omamori","MutagenicStrength","War Paint","Ancient Tea Set"],"potions_floor_usage":[27],"damage_taken":[{"damage":14.0,"enemies":"Small Slimes","floor":1.0,"turns":3.0},{"damage":0.0,"enemies":"2 Louse","floor":3.0,"turns":1.0},{"damage":5.0,"enemies":"Jaw Worm","floor":5.0,"turns":3.0},{"damage":8.0,"enemies":"Lots of Slimes","floor":7.0,"turns":3.0},{"damage":0.0,"enemies":"Gremlin Nob","floor":10.0,"turns":2.0},{"damage":0.0,"enemies":"2 Fungi Beasts","floor":12.0,"turns":2.0},{"damage":0.0,"enemies":"3 Sentries","floor":14.0,"turns":3.0},{"damage":24.0,"enemies":"Hexaghost","floor":16.0,"turns":9.0},{"damage":0.0,"enemies":"3 Byrds","floor":18.0,"turns":3.0},{"damage":0.0,"enemies":"Spheric Guardian","floor":20.0,"turns":1.0},{"damage":39.0,"enemies":"Slavers","floor":23.0,"turns":5.0},{"damage":19,"enemies":"Snecko","floor":24,"turns":4},{"damage":23,"enemies":"Book of Stabbing","floor":27,"turns":3}],"seed_played":"8905596025026346686","potions_obtained":[{"floor":1.0,"key":"SteroidPotion"},{"floor":3.0,"key":"Poison Potion"},{"floor":7.0,"key":"Fire Potion"},{"floor":10.0,"key":"Explosive Potion"},{"floor":16.0,"key":"AttackPotion"},{"floor":20.0,"key":"Ancient Potion"},{"floor":24,"key":"AttackPotion"}],"is_trial":false,"path_per_floor":["M","?","M","?","M","R","M","R","T","E","R","M","R","E","R","B",null,"M","?","M","?","?","E","M","R","T","E"],"character_chosen":"DEFECT","items_purchased":[],"campfire_rested":1,"item_purchase_floors":[],"current_hp_per_floor":[50,50,50,39,34,34,26,26,26,26,26,26,26,26,26,2,49,49,62,62,62,62,23,4,23,23,0],"gold":502,"neow_bonus":"REMOVE_TWO","is_prod":false,"is_daily":false,"chose_seed":false,"campfire_upgraded":5,"win_rate":0,"timestamp":1567042672,"path_taken":["M","?","M","?","M","R","M","R","T","E","R","M","R","E","R","BOSS","M","?","M","?","?","E","M","R","T","E"],"build_version":"2019-07-17","purchased_purges":0,"victory":false,"max_hp_per_floor":[71,64,64,64,64,64,64,64,64,64,64,64,64,64,64,64,64,64,64,64,64,64,64,64,64,64,64],"card_choices":[{"not_picked":["Go for the Eyes","Conserve Battery"],"picked":"Sunder","floor":1.0},{"not_picked":["Ball Lightning","FTL"],"picked":"Coolheaded","floor":3.0},{"not_picked":["Rebound","Aggregate"],"picked":"Hologram","floor":5.0},{"not_picked":["Redo","Storm"],"picked":"Coolheaded","floor":7.0},{"not_picked":["Cold Snap","Barrage"],"picked":"Doom and Gloom","floor":10.0},{"not_picked":["Tempest","Skim"],"picked":"Beam Cell","floor":12.0},{"not_picked":["Sweeping Beam","Beam Cell"],"picked":"Electrodynamics","floor":14.0},{"not_picked":["Machine Learning","Multi-Cast"],"picked":"Core Surge","floor":16.0},{"not_picked":["Cold Snap","Turbo"],"picked":"White Noise","floor":18.0},{"not_picked":["Blizzard","Conserve Battery"],"picked":"Hologram+1","floor":20.0},{"not_picked":["Conserve Battery","Core Surge"],"picked":"Leap+1","floor":23.0},{"not_picked":["Sweeping Beam","Gash"],"picked":"Leap","floor":24}],"player_experience":796464,"relics_obtained":[{"floor":9.0,"key":"Tiny Chest"},{"floor":10.0,"key":"Mercury Hourglass"},{"floor":14.0,"key":"Gremlin Horn"},{"floor":23.0,"key":"War Paint"},{"floor":26,"key":"Ancient Tea Set"}],"event_choices":[{"damage_healed":0.0,"max_hp_gain":0.0,"max_hp_loss":7.0,"gold_gain":0.0,"event_name":"Golden Idol","player_choice":"Lose Max HP","floor":2.0,"gold_loss":0.0,"damage_taken":0.0,"relics_obtained":["Golden Idol"]},{"damage_healed":0.0,"max_hp_gain":0.0,"max_hp_loss":0.0,"gold_gain":75.0,"event_name":"World of Goop","player_choice":"Gather Gold","floor":4.0,"gold_loss":0.0,"damage_taken":11.0},{"damage_healed":13.0,"max_hp_gain":0.0,"max_hp_loss":0.0,"gold_gain":0.0,"event_name":"The Library","player_choice":"Heal","floor":19.0,"gold_loss":0.0,"damage_taken":0.0},{"damage_healed":0.0,"max_hp_gain":0.0,"max_hp_loss":0.0,"gold_gain":0.0,"event_name":"The Mausoleum","player_choice":"Opened","floor":21.0,"gold_loss":0.0,"damage_taken":0.0,"relics_obtained":["Omamori"],"cards_obtained":["Writhe"]},{"damage_healed":0.0,"max_hp_gain":0.0,"max_hp_loss":0.0,"gold_gain":0.0,"event_name":"Drug Dealer","player_choice":"Inject Mutagens","floor":22.0,"gold_loss":0.0,"damage_taken":0.0,"relics_obtained":["MutagenicStrength"]}],"is_beta":false,"boss_relics":[{"not_picked":["Empty Cage","Eternal Feather"],"picked":"Nuclear Battery"}],"items_purged_floors":[],"is_endless":false,"potions_floor_spawned":[1,3,7,10,16,20,24],"killed_by":"Book of Stabbing","ascension_level":20}