{"path_per_floor":["M","$","?","M","M","R","?","R","T","R","$","M","E","M","R","B",null,"M","$","M","M","?","R","?","M","T","R","M","R","M","M","R"],"character_chosen":"DEFECT","items_purchased":["Aggregate","Hologram","Reprogram"],"gold_per_floor":[118,38,38,50,62,62,62,62,87,87,34,53,78,97,97,193,193,205,166,180,192,107,107,107,118,197,197,212,212,229,239,239,239],"floor_reached":33,"campfire_rested":1,"playtime":1424,"current_hp_per_floor":[67,67,53,47,47,47,68,68,68,68,68,68,57,55,55,24,68,58,58,46,46,46,46,46,42,42,42,9,29,29,29,29,0],"items_purged":[],"gold":239,"score":249,"play_id":"435f67fd-bfba-4a93-851e-3c3022b42e24","local_time":"20180428150831","is_prod":false,"is_daily":false,"chose_seed":false,"is_ascension_mode":false,"campfire_upgraded":7,"timestamp":1524942511,"path_taken":["M","?","?","?","M","R","?","R","T","R","?","?","E","M","R","BOSS","M","$","M","?","?","R","?","M","T","R","M","R","M","M","R","BOSS"],"build_version":"2018-04-27v3","seed_source_timestamp":2387253955556210,"purchased_purges":0,"victory":false,"master_deck":["Strike_B+1","Strike_B+1","Strike_B+1","Strike_B+1","Defend_B+1","Defend_B+1","Defend_B+1","Defend_B+1","Zap+1","Dualcast+1","Sunder+1","Aggregate+1","Leap","Turbo","Hologram","Beam Cell+1","Undo","Reboot+1","Go for the Eyes","Stack","Buffer+1","Stack","Double Energy+1","Tempest","Reprogram","Tempest","Biased Cognition","Skim","Undo+1","Ball Lightning"],"max_hp_per_floor":[68,68,68,68,68,68,68,68,68,68,68,68,68,68,68,68,68,68,68,68,68,68,68,68,68,68,68,68,68,68,68,68,68],"relics":["Cracked Core","Ice Cream","Bag of Preparation","Lantern","Orrery","Smiling Mask","Bottled Lightning"],"card_choices":[{"not_picked":["Ball Lightning","Blaster"],"picked":"Sunder","floor":1},{"not_picked":["Sweeping Beam","Impulse"],"picked":"Leap","floor":4},{"not_picked":["White Noise","Loop"],"picked":"Turbo","floor":5},{"not_picked":["Sweeping Beam","Undo"],"picked":"Beam Cell","floor":12},{"not_picked":["Turbo","Darkness"],"picked":"Undo","floor":13},{"not_picked":["Nova","Fusion"],"picked":"Reboot","floor":16},{"not_picked":["Barrage","Coolheaded"],"picked":"Go for the Eyes","floor":17},{"not_picked":["Impulse","Undo"],"picked":"Stack","floor":17},{"not_picked":["Leap","Coolheaded"],"picked":"Buffer","floor":17},{"not_picked":["Axe Kick","Cold Snap"],"picked":"Stack","floor":17},{"not_picked":["Cold Snap","Beam Cell"],"picked":"Double Energy","floor":17},{"not_picked":["Turbo","Axe Kick"],"picked":"Tempest","floor":18},{"not_picked":["Rebound","Beam Cell"],"picked":"Tempest","floor":20},{"not_picked":["Rebound","Blaster"],"picked":"Biased Cognition","floor":21},{"not_picked":["Blaster","Coolheaded"],"picked":"Skim","floor":25},{"not_picked":["Hologram","Sweeping Beam"],"picked":"Undo","floor":28},{"not_picked":["Hologram","Conserve Battery"],"picked":"Ball Lightning","floor":30}],"player_experience":401328,"potions_floor_usage":[33,33],"damage_taken":[{"damage":1,"enemies":"Cultist","floor":1,"turns":4},{"damage":6,"enemies":"Small Slimes","floor":4,"turns":4},{"damage":0,"enemies":"2 Louse","floor":5,"turns":2},{"damage":0,"enemies":"2 Fungi Beasts","floor":12,"turns":2},{"damage":11,"enemies":"3 Sentries","floor":13,"turns":6},{"damage":2,"enemies":"Exordium Thugs","floor":14,"turns":3},{"damage":52,"enemies":"Hexaghost","floor":16,"turns":10},{"damage":18,"enemies":"Shell Parasite","floor":18,"turns":7},{"damage":13,"enemies":"2 Thieves","floor":20,"turns":4},{"damage":14,"enemies":"Sentry and Sphere","floor":21,"turns":4},{"damage":4,"enemies":"Snake Plant","floor":25,"turns":2},{"damage":33,"enemies":"Cultist and Chosen","floor":28,"turns":5},{"damage":10,"enemies":"Sentry and Sphere","floor":30,"turns":3},{"damage":7,"enemies":"Chosen and Byrds","floor":31,"turns":5},{"damage":32,"enemies":"Champ","floor":33,"turns":11}],"event_choices":[{"event_name":"Shining Light","player_choice":"Entered Light","floor":3,"damage_taken":0},{"event_name":"Big Fish","player_choice":"Banana","floor":7,"damage_taken":0},{"event_name":"Addict","player_choice":"Obtained Relic","floor":22,"damage_taken":0},{"event_name":"Back to Basics","player_choice":"Simplicity","floor":24,"damage_taken":0}],"boss_relics":[{"not_picked":["Nuclear Battery","Sozu"],"picked":"Orrery"}],"potions_floor_spawned":[1,14,16,18,31],"seed_played":"4082091000981712252","killed_by":"Champ","ascension_level":0,"is_trial":false}