{"path_per_floor":["M","?","M","M","?","R","M","E","T","T","R","$","R","M","R","B",null,"M","?","M","T","M","E","R","M","T","M","E","M","M","M","R","B",null,"M","?","T","M","?","E","$","R","T","R","M","M","R","M","R"],"character_chosen":"IRONCLAD","items_purchased":["Ginger","Darkstone Periapt","Mercury Hourglass"],"gold_per_floor":[118,118,136,150,205,205,219,254,254,308,308,18,18,31,31,127,127,141,141,155,182,196,230,230,240,267,282,307,321,331,349,349,450,450,470,470,470,488,488,514,22,22,22,22,35,54,54,73,73],"floor_reached":50,"campfire_rested":2,"playtime":3975,"current_hp_per_floor":[65,65,69,73,73,73,64,49,49,49,73,73,73,77,80,34,80,69,56,56,56,56,56,56,55,55,52,56,56,56,56,56,37,56,56,56,56,51,44,27,27,27,33,33,42,56,56,62,62],"items_purged":[],"gold":73,"score":542,"play_id":"7a6d311b-38ba-4e2c-b23d-38b62f4c69f0","is_prod":false,"is_daily":false,"is_ascension_mode":false,"campfire_upgraded":5,"path_taken":["M","?","M","M","?","R","M","E","T","?","R","?","R","M","R","BOSS","M","?","M","?","M","E","R","M","T","M","E","M","M","M","R","BOSS","M","?","?","M","?","E","$","R","T","R","M","M","R","M","R","BOSS"],"build_version":"2018-02-12-PROD1","purchased_purges":0,"victory":false,"master_deck":["Defend_R+1","Defend_R","Defend_R","Defend_R","Bash+1","Disarm","True Grit","Impervious","Hemokinesis+1","Metallicize","Second Wind","Reaper","Seeing Red+1","Bite","Bite","Bite","Bite","Bite","Flex","Armaments+1","Spot Weakness+1","Rupture+1","Flame Barrier","Double Tap+1","Inflame","Spot Weakness+1","Dropkick+1","Limit Break","Burning Pact","Doubt","Twin Strike","Madness","Madness","Heavy Blade+1","Clumsy","Hemokinesis","Warcry+1"],"max_hp_per_floor":[80,80,80,80,80,80,80,80,80,80,80,80,80,80,80,80,80,80,56,56,56,56,56,56,56,56,56,56,56,56,56,56,56,56,56,56,56,56,56,56,56,56,62,62,62,62,62,62,62],"relics":["Burning Blood","Juzu Bracelet","Bronze Scales","Gambling Chip","Whetstone","Ginger","Snecko Eye","Bag of Marbles","Bag of Preparation","Pen Nib","Oddly Smooth Stone","Cursed Key","Girya","Anchor","Darkstone Periapt","Mercury Hourglass","Letter Opener"],"card_choices":[{"not_picked":["Hemokinesis","Warcry"],"picked":"Disarm"},{"not_picked":["Headbutt","Perfected Strike"],"picked":"True Grit"},{"not_picked":["Armaments","Body Slam"],"picked":"Impervious"},{"not_picked":["Heavy Blade","Infernal Blade"],"picked":"Hemokinesis"},{"not_picked":["Rage","Disarm"],"picked":"Metallicize"},{"not_picked":["Warcry","Battle Trance"],"picked":"Second Wind"},{"not_picked":["Impervious","Limit Break"],"picked":"Reaper"},{"not_picked":["Twin Strike","Heavy Blade"],"picked":"Seeing Red"},{"not_picked":["Uppercut","Warcry"],"picked":"Flex"},{"not_picked":["Pummel","Bloodletting"],"picked":"Armaments"},{"not_picked":["Shockwave","Bloodletting"],"picked":"Spot Weakness"},{"not_picked":["Iron Wave","Sword Boomerang"],"picked":"Rupture"},{"not_picked":["Twin Strike","Body Slam"],"picked":"Flame Barrier"},{"not_picked":["Corruption","Pummel"],"picked":"Double Tap"},{"not_picked":["True Grit","Rage"],"picked":"Inflame"},{"not_picked":["Rage","Iron Wave"],"picked":"Spot Weakness"},{"not_picked":["Iron Wave","Burning Pact"],"picked":"Dropkick"},{"not_picked":["Fiend Fire","Berserk"],"picked":"Limit Break"},{"not_picked":["Perfected Strike","Thunderclap"],"picked":"Burning Pact"},{"not_picked":["Cleave","Flex"],"picked":"Twin Strike"},{"not_picked":["Combust","Cleave"],"picked":"Heavy Blade"},{"not_picked":["Perfected Strike","Flex"],"picked":"Hemokinesis"},{"not_picked":["Clash","Impervious"],"picked":"Warcry"}],"player_experience":19960,"potions_floor_usage":[8,23,23,45],"damage_taken":[{"damage":21,"enemies":"Blue Slaver","floor":1,"turns":6},{"damage":2,"enemies":"2 Louse","floor":3,"turns":2},{"damage":2,"enemies":"Cultist","floor":4,"turns":4},{"damage":15,"enemies":"Exordium Wildlife","floor":7,"turns":9},{"damage":36,"enemies":"Gremlin Nob","floor":8,"turns":6},{"damage":2,"enemies":"Looter","floor":14,"turns":5},{"damage":52,"enemies":"The Guardian","floor":16,"turns":10},{"damage":17,"enemies":"Spheric Guardian","floor":18,"turns":5},{"damage":2,"enemies":"Chosen","floor":20,"turns":4},{"damage":2,"enemies":"Snecko","floor":22,"turns":3},{"damage":4,"enemies":"Gremlin Leader","floor":23,"turns":6},{"damage":13,"enemies":"Centurion and Healer","floor":25,"turns":4},{"damage":10,"enemies":"Snake Plant","floor":27,"turns":3},{"damage":4,"enemies":"Book of Stabbing","floor":28,"turns":4},{"damage":12,"enemies":"Chosen and Byrds","floor":29,"turns":5},{"damage":5,"enemies":"Snecko","floor":30,"turns":5},{"damage":19,"enemies":"Centurion and Healer","floor":31,"turns":7},{"damage":32,"enemies":"Collector","floor":33,"turns":5},{"damage":8,"enemies":"Orb Walker","floor":35,"turns":2},{"damage":19,"enemies":"3 Shapes","floor":38,"turns":5},{"damage":78,"enemies":"Nemesis","floor":40,"turns":10},{"damage":3,"enemies":"Maw","floor":45,"turns":4},{"damage":14,"enemies":"4 Shapes","floor":46,"turns":3},{"damage":8,"enemies":"Sphere and 2 Shapes","floor":48,"turns":4},{"damage":85,"enemies":"Donu and Deca","floor":50,"turns":6}],"event_choices":[{"event_name":"Living Wall","player_choice":"Grow","floor":2,"damage_taken":0},{"event_name":"Golden Wing","player_choice":"Gained Gold","floor":5,"damage_taken":0},{"event_name":"Vampires","player_choice":"Became a vampire","floor":19,"damage_taken":0},{"event_name":"Tomb of Lord Red Mask","player_choice":"Ignored","floor":36,"damage_taken":0},{"event_name":"Winding Halls","player_choice":"Embrace Madness","floor":39,"damage_taken":0}],"boss_relics":[{"not_picked":["Question Card","Runic Dome"],"picked":"Snecko Eye"},{"not_picked":["Runic Pyramid","Mark of Pain"],"picked":"Cursed Key"}],"potions_floor_spawned":[1,4,7,8,23,27,28,30,31,33,35,38,46],"seed_played":"-5614589159842165392","killed_by":"Donu and Deca","ascension_level":0,"is_trial":false}