{"gold_per_floor":[109,109,29,29,46,46,77,77,104,104,134,134,190,18,18,138,138,162,162,183,203,224,224,268,268,337,371,61,186,206,242,242,366,366,386,511,511,526,550,550,584,605,630,82,121,121,137,180,180,180,180,180,25,60,60],"floor_reached":56,"playtime":4386,"items_purged":["Strike_R","Strike_R"],"score":1909,"play_id":"8205948a-4818-48d6-8f6f-6b9f3c7fd1aa","local_time":"20190314171010","is_ascension_mode":true,"campfire_choices":[{"data":"Corruption","floor":6.0,"key":"SMITH"},{"data":"Bash","floor":8.0,"key":"SMITH"},{"data":"True Grit","floor":10.0,"key":"SMITH"},{"floor":15.0,"key":"REST"},{"floor":23.0,"key":"REST"},{"floor":25.0,"key":"REST"},{"floor":32.0,"key":"REST"},{"floor":40.0,"key":"DIG"},{"floor":46.0,"key":"DIG"},{"floor":49,"key":"RECALL"},{"floor":52,"key":"DIG"}],"neow_cost":"PERCENT_DAMAGE","seed_source_timestamp":24521190061780,"circlet_count":0,"master_deck":["AscendersBane","Strike_R","Strike_R","Strike_R","Defend_R","Defend_R","Defend_R","Defend_R","Bash+1","Corruption+1","Shockwave","True Grit+1","Sentinel","Anger","Reaper","Metallicize","Warcry","Heavy Blade+1","Demon Form","Armaments+1","Dark Embrace","Heavy Blade+1","Metallicize","Shockwave+1","Exhume","Juggernaut","Havoc","Ghostly Armor+1","Feel No Pain+1","Seeing Red"],"special_seed":0,"relics":["Burning Blood","Singing Bowl","Charon\u0027s Ashes","Happy Flower","Blood Vial","Golden Idol","Fusion Hammer","Enchiridion","Kunai","Shuriken","Shovel","Thread and Needle","Du-Vu Doll","The Courier","Mercury Hourglass","Snecko Eye","Bird Faced Urn","Turnip","Potion Belt","Mummified Hand","Self Forming Clay","Paper Frog","Red Skull","Pantograph","Brimstone","Vajra"],"potions_floor_usage":[54],"damage_taken":[{"damage":14.0,"enemies":"Jaw Worm","floor":1.0,"turns":5.0},{"damage":7.0,"enemies":"2 Louse","floor":5.0,"turns":3.0},{"damage":51.0,"enemies":"Lagavulin","floor":7.0,"turns":9.0},{"damage":17.0,"enemies":"Slime Boss","floor":16.0,"turns":9.0},{"damage":30.0,"enemies":"Spheric Guardian","floor":18.0,"turns":5.0},{"damage":2.0,"enemies":"Shell Parasite","floor":20.0,"turns":3.0},{"damage":37.0,"enemies":"Shelled Parasite and Fungi","floor":21.0,"turns":6.0},{"damage":14.0,"enemies":"Centurion and Healer","floor":22.0,"turns":5.0},{"damage":37.0,"enemies":"Gremlin Leader","floor":24.0,"turns":6.0},{"damage":58.0,"enemies":"Book of Stabbing","floor":27.0,"turns":5.0},{"damage":0.0,"enemies":"Colosseum Slavers","floor":29.0,"turns":3.0},{"damage":4.0,"enemies":"Colosseum Nobs","floor":29.0,"turns":5.0},{"damage":20.0,"enemies":"Snake Plant","floor":30.0,"turns":4.0},{"damage":48.0,"enemies":"Slavers","floor":31.0,"turns":8.0},{"damage":26.0,"enemies":"Champ","floor":33.0,"turns":8.0},{"damage":10.0,"enemies":"3 Shapes","floor":35.0,"turns":3.0},{"damage":0.0,"enemies":"Mind Bloom Boss Battle","floor":36.0,"turns":5.0},{"damage":0.0,"enemies":"Orb Walker","floor":38.0,"turns":3.0},{"damage":0.0,"enemies":"Sphere and 2 Shapes","floor":39.0,"turns":3.0},{"damage":0.0,"enemies":"Giant Head","floor":41.0,"turns":5.0},{"damage":0.0,"enemies":"Transient","floor":42.0,"turns":5.0},{"damage":3.0,"enemies":"Nemesis","floor":45.0,"turns":3.0},{"damage":0.0,"enemies":"Writhing Mass","floor":47.0,"turns":2.0},{"damage":0.0,"enemies":"Reptomancer","floor":48.0,"turns":3.0},{"damage":20,"enemies":"Time Eater","floor":50,"turns":4},{"damage":31,"enemies":"Shield and Spear","floor":54,"turns":3},{"damage":44,"enemies":"The Heart","floor":55,"turns":6}],"seed_played":"2377721057511648167","potions_obtained":[{"floor":7.0,"key":"SkillPotion"},{"floor":20.0,"key":"PowerPotion"},{"floor":22.0,"key":"EssenceOfSteel"},{"floor":24.0,"key":"Fire Potion"},{"floor":27.0,"key":"Regen Potion"},{"floor":31.0,"key":"Weak Potion"},{"floor":36.0,"key":"AttackPotion"},{"floor":39.0,"key":"LiquidBronze"},{"floor":42.0,"key":"Poison Potion"},{"floor":47.0,"key":"Strength Potion"},{"floor":48.0,"key":"SkillPotion"}],"is_trial":false,"path_per_floor":["M","?","$","?","M","R","E","R","T","R","?","?","?","$","R","B",null,"M","?","M","M","M","R","E","R","T","E","$","?","M","E","R","B",null,"M","?","?","M","M","R","E","M","T","$","E","R","M","E","R","B",null,"R","$","E","B",null],"character_chosen":"IRONCLAD","items_purchased":["Shockwave","Sentinel","Anger","Thread and Needle","Juggernaut","Mummified Hand","Havoc","BloodPotion","Dexterity Potion","Brimstone"],"campfire_rested":4,"item_purchase_floors":[3,14,14,28,44,44,44,44,44,53],"current_hp_per_floor":[59,91,91,79,80,80,35,35,35,35,35,35,35,35,62,53,82,60,44,56,39,45,73,58,86,86,42,42,74,66,41,70,62,90,101,103,103,103,103,103,103,105,105,105,107,107,107,107,107,107,107,107,107,107,76],"gold":60,"neow_bonus":"TWENTY_PERCENT_HP_BONUS","is_prod":false,"is_daily":false,"chose_seed":false,"campfire_upgraded":3,"win_rate":0,"timestamp":1552579810,"path_taken":["M","?","$","?","M","R","E","R","T","R","?","?","?","$","R","BOSS","M","?","M","M","M","R","E","R","T","E","$","?","M","E","R","BOSS","M","?","?","M","M","R","E","M","T","$","E","R","?","E","R","BOSS","R","$","E","BOSS"],"build_version":"2019-01-23","purchased_purges":2,"victory":true,"max_hp_per_floor":[96,96,96,96,98,98,98,98,98,98,98,91,91,91,91,91,91,91,91,91,93,95,95,95,95,95,95,95,97,99,99,99,99,99,101,103,103,103,103,103,103,105,105,105,107,107,107,107,107,107,107,107,107,107,107],"card_choices":[{"not_picked":["Clash","Pommel Strike"],"picked":"Corruption","floor":1.0},{"not_picked":["Rampage","Flex","Sword Boomerang"],"picked":"Singing Bowl","floor":5.0},{"not_picked":["Perfected Strike","Uppercut"],"picked":"True Grit","floor":7.0},{"not_picked":["Feed","Berserk"],"picked":"Reaper","floor":16.0},{"not_picked":["Seeing Red","Power Through"],"picked":"Metallicize","floor":18.0},{"not_picked":["True Grit","Sword Boomerang"],"picked":"Warcry","floor":20.0},{"not_picked":["Warcry","Cleave+1","Brutality"],"picked":"Singing Bowl","floor":21.0},{"not_picked":["Shrug It Off","True Grit","Wild Strike"],"picked":"Singing Bowl","floor":22.0},{"not_picked":["Pummel","Headbutt"],"picked":"Heavy Blade+1","floor":24.0},{"not_picked":["Battle Trance","Whirlwind"],"picked":"Demon Form","floor":27.0},{"not_picked":["Shrug It Off+1","Clash","Wild Strike"],"picked":"Singing Bowl","floor":29.0},{"not_picked":["Shrug It Off","Sword Boomerang+1","Thunderclap"],"picked":"Singing Bowl","floor":30.0},{"not_picked":["Metallicize","Cleave"],"picked":"Armaments+1","floor":31.0},{"not_picked":["Exhume","Feed"],"picked":"Dark Embrace","floor":33.0},{"not_picked":["Flex","Perfected Strike","Heavy Blade+1"],"picked":"Singing Bowl","floor":35.0},{"not_picked":["Heavy Blade","Sword Boomerang+1","Searing Blow+1"],"picked":"Singing Bowl","floor":36.0},{"not_picked":["Infernal Blade","Corruption"],"picked":"Metallicize","floor":38.0},{"not_picked":["Sword Boomerang","Corruption"],"picked":"Shockwave+1","floor":39.0},{"not_picked":["Wild Strike+1","Reaper"],"picked":"Exhume","floor":41.0},{"not_picked":["Carnage","Perfected Strike+1","Sever Soul+1"],"picked":"Singing Bowl","floor":42.0},{"not_picked":["Havoc","Flame Barrier","Whirlwind"],"picked":"Singing Bowl","floor":45.0},{"not_picked":["Iron Wave+1","Sword Boomerang"],"picked":"Ghostly Armor+1","floor":47.0},{"not_picked":["Disarm+1","Heavy Blade+1"],"picked":"Feel No Pain+1","floor":48.0},{"not_picked":["Pummel+1","Anger"],"picked":"Seeing Red","floor":54}],"player_experience":384821,"relics_obtained":[{"floor":7.0,"key":"Charon\u0027s Ashes"},{"floor":9.0,"key":"Happy Flower"},{"floor":19.0,"key":"Enchiridion"},{"floor":24.0,"key":"Kunai"},{"floor":26.0,"key":"Shuriken"},{"floor":27.0,"key":"Shovel"},{"floor":29.0,"key":"Du-Vu Doll"},{"floor":29.0,"key":"The Courier"},{"floor":31.0,"key":"Mercury Hourglass"},{"floor":36.0,"key":"Bird Faced Urn"},{"floor":40.0,"key":"Turnip"},{"floor":41.0,"key":"Potion Belt"},{"floor":45.0,"key":"Self Forming Clay"},{"floor":46.0,"key":"Paper Frog"},{"floor":48.0,"key":"Red Skull"},{"floor":52,"key":"Pantograph"},{"floor":54,"key":"Vajra"}],"event_choices":[{"damage_healed":32.0,"max_hp_gain":0.0,"max_hp_loss":0.0,"gold_gain":0.0,"event_name":"Big Fish","player_choice":"Banana","floor":2.0,"gold_loss":0.0,"damage_taken":0.0},{"damage_healed":0.0,"max_hp_gain":0.0,"max_hp_loss":0.0,"gold_gain":0.0,"event_name":"Scrap Ooze","player_choice":"Success","floor":4.0,"gold_loss":0.0,"damage_taken":12.0,"relics_obtained":["Singing Bowl"]},{"damage_healed":0.0,"max_hp_gain":0.0,"max_hp_loss":0.0,"gold_gain":30.0,"event_name":"Dead Adventurer","player_choice":"Searched \u00272\u0027 times","floor":11.0,"gold_loss":0.0,"damage_taken":0.0,"relics_obtained":["Blood Vial"]},{"damage_healed":0.0,"max_hp_gain":0.0,"max_hp_loss":7.0,"gold_gain":0.0,"event_name":"Golden Idol","player_choice":"Lose Max HP","floor":12.0,"gold_loss":0.0,"damage_taken":0.0,"relics_obtained":["Golden Idol"]},{"damage_healed":0.0,"max_hp_gain":0.0,"max_hp_loss":0.0,"gold_gain":56.0,"event_name":"Golden Wing","player_choice":"Gained Gold","floor":13.0,"gold_loss":0.0,"damage_taken":0.0},{"damage_healed":0.0,"max_hp_gain":0.0,"max_hp_loss":0.0,"gold_gain":0.0,"event_name":"Cursed Tome","player_choice":"Obtained Book","floor":19.0,"gold_loss":0.0,"damage_taken":16.0},{"damage_healed":0.0,"max_hp_gain":0.0,"max_hp_loss":0.0,"gold_gain":0.0,"event_name":"Colosseum","player_choice":"Fight","floor":29.0,"gold_loss":0.0,"damage_taken":0.0},{"damage_healed":0.0,"max_hp_gain":0.0,"max_hp_loss":0.0,"gold_gain":0.0,"event_name":"Colosseum","player_choice":"Fought Nobs","floor":29.0,"gold_loss":0.0,"damage_taken":0.0},{"damage_healed":0.0,"max_hp_gain":0.0,"max_hp_loss":0.0,"gold_gain":0.0,"event_name":"MindBloom","player_choice":"Fight","floor":36.0,"gold_loss":0.0,"damage_taken":0.0},{"damage_healed":0.0,"max_hp_gain":0.0,"max_hp_loss":0.0,"gold_gain":0.0,"event_name":"Duplicator","player_choice":"Copied","floor":37.0,"gold_loss":0.0,"damage_taken":0.0,"cards_obtained":["Heavy Blade"]}],"is_beta":false,"boss_relics":[{"not_picked":["Velvet Choker","Eternal Feather"],"picked":"Fusion Hammer"},{"not_picked":["Black Blood","Black Star"],"picked":"Snecko Eye"}],"items_purged_floors":[14,44],"is_endless":false,"potions_floor_spawned":[7,20,22,24,27,31,36,39,42,47,48],"ascension_level":10}