{"gold_per_floor":[117,117,192,206,206,206,232,245,272,301,9,9,9,29,29,133,133,151,151,151,151,163,163,181,181,206,223,254,254,288,288],"floor_reached":31,"playtime":1940,"items_purged":[],"score":331,"play_id":"4758a1fc-9b17-48aa-9994-99a1f749e5fa","local_time":"20190911221351","is_ascension_mode":false,"campfire_choices":[{"data":"Iron Wave","floor":6,"key":"SMITH"},{"floor":15,"key":"REST"},{"data":"Demon Form","floor":23,"key":"SMITH"},{"floor":25,"key":"REST"},{"data":"Feed","floor":29,"key":"SMITH"}],"neow_cost":"CURSE","seed_source_timestamp":65793694481300,"circlet_count":0,"master_deck":["Strike_R","Strike_R","Strike_R","Strike_R","Strike_R","Defend_R","Defend_R","Defend_R","Defend_R","Bash+1","Heavy Blade+1","Shrug It Off","Iron Wave+1","Headbutt","Fire Breathing","Headbutt","Second Wind","Pummel","Flex","Reckless Charge","Apotheosis","Inflame","Demon Form+1","Heavy Blade","Inflame","Feed+1","Whirlwind","Perfected Strike+1","Whirlwind","Bludgeon","Clothesline+1","Dropkick+1","Warcry","Iron Wave","Pommel Strike"],"relics":["Burning Blood","Prayer Wheel","PreservedInsect","Bag of Preparation","Meat on the Bone","Mark of Pain","Regal Pillow","Pantograph","Pear"],"potions_floor_usage":[],"damage_taken":[{"damage":7,"enemies":"Jaw Worm","floor":1,"turns":5},{"damage":4,"enemies":"Small Slimes","floor":4,"turns":5},{"damage":22,"enemies":"Gremlin Nob","floor":7,"turns":4},{"damage":0,"enemies":"Cultist","floor":8,"turns":4},{"damage":11,"enemies":"3 Sentries","floor":10,"turns":6},{"damage":12,"enemies":"Blue Slaver","floor":14,"turns":3},{"damage":36,"enemies":"The Guardian","floor":16,"turns":12},{"damage":7,"enemies":"Shell Parasite","floor":18,"turns":4},{"damage":15,"enemies":"Spheric Guardian","floor":22,"turns":4},{"damage":21,"enemies":"Snake Plant","floor":24,"turns":3},{"damage":1,"enemies":"Snecko","floor":27,"turns":3},{"damage":34,"enemies":"Gremlin Leader","floor":28,"turns":4},{"damage":48,"enemies":"Book of Stabbing","floor":30,"turns":5},{"damage":36,"enemies":"Sentry and Sphere","floor":31,"turns":3}],"seed_played":"2038728838642292848","potions_obtained":[{"floor":8,"key":"Weak Potion"},{"floor":16,"key":"Regen Potion"},{"floor":18,"key":"Weak Potion"},{"floor":27,"key":"Fire Potion"}],"is_trial":false,"path_per_floor":["M","?","?","M","?","R","E","M","T","E","$","?","$","M","R","B",null,"M","?","?","?","M","R","M","R","T","M","E","R","E","M"],"character_chosen":"IRONCLAD","items_purchased":["Flex","Reckless Charge","Apotheosis"],"campfire_rested":2,"item_purchase_floors":[11,11,11],"current_hp_per_floor":[79,79,68,70,70,70,54,60,60,55,55,55,55,49,73,55,80,79,64,64,64,55,55,52,77,77,82,54,54,34,0],"gold":288,"neow_bonus":"ONE_RARE_RELIC","is_prod":false,"is_daily":false,"chose_seed":false,"campfire_upgraded":3,"win_rate":0.0,"timestamp":1568232831,"path_taken":["M","?","?","M","?","R","E","?","T","E","$","?","?","M","R","BOSS","M","?","?","?","M","R","M","R","T","?","E","R","E","M"],"build_version":"2019-07-17","purchased_purges":0,"victory":false,"max_hp_per_floor":[80,80,80,80,80,80,80,80,80,80,80,80,80,80,80,80,80,80,85,85,85,85,85,85,85,85,85,85,85,95,95],"card_choices":[{"not_picked":["True Grit","Cleave"],"picked":"Heavy Blade","floor":1},{"not_picked":["Clothesline","Thunderclap"],"picked":"Shrug It Off","floor":1},{"not_picked":["Cleave","Shrug It Off"],"picked":"Iron Wave","floor":4},{"not_picked":["Shrug It Off","Bloodletting"],"picked":"Headbutt","floor":4},{"not_picked":["Warcry","Sword Boomerang"],"picked":"Fire Breathing","floor":7},{"not_picked":["Body Slam","Flame Barrier"],"picked":"Headbutt","floor":8},{"not_picked":["Uppercut","Shrug It Off"],"picked":"Second Wind","floor":8},{"not_picked":["Power Through","Shrug It Off"],"picked":"Pummel","floor":10},{"not_picked":["Feed","Headbutt"],"picked":"Inflame","floor":14},{"not_picked":["Entrench","Clothesline"],"picked":"Sever Soul","floor":14},{"not_picked":["Double Tap","Fiend Fire"],"picked":"Demon Form","floor":16},{"not_picked":["Body Slam","Hemokinesis+1"],"picked":"Heavy Blade","floor":18},{"not_picked":["Perfected Strike","Sword Boomerang"],"picked":"Inflame","floor":18},{"not_picked":["Cleave","Body Slam"],"picked":"Perfected Strike+1","floor":22},{"not_picked":["Perfected Strike","Hemokinesis+1"],"picked":"Whirlwind","floor":22},{"not_picked":["Disarm","Sword Boomerang"],"picked":"Bludgeon","floor":24},{"not_picked":["Twin Strike","Bloodletting+1"],"picked":"Clothesline+1","floor":24},{"not_picked":["Searing Blow","Clothesline"],"picked":"Dropkick+1","floor":27},{"not_picked":["Heavy Blade","Headbutt"],"picked":"Warcry","floor":27},{"not_picked":["Armaments","Perfected Strike"],"picked":"Iron Wave","floor":28},{"not_picked":["Rage","Body Slam+1"],"picked":"Pommel Strike","floor":30}],"player_experience":19921,"relics_obtained":[{"floor":7,"key":"PreservedInsect"},{"floor":9,"key":"Bag of Preparation"},{"floor":10,"key":"Meat on the Bone"},{"floor":26,"key":"Regal Pillow"},{"floor":28,"key":"Pantograph"},{"floor":30,"key":"Pear"}],"event_choices":[{"damage_healed":0,"gold_gain":0,"player_choice":"Grow","damage_taken":0,"max_hp_gain":0,"max_hp_loss":0,"event_name":"Living Wall","floor":2,"gold_loss":0,"cards_upgraded":["Heavy Blade"]},{"damage_healed":0,"gold_gain":75,"player_choice":"Gather Gold","damage_taken":11,"max_hp_gain":0,"max_hp_loss":0,"event_name":"World of Goop","floor":3,"gold_loss":0},{"damage_healed":0,"gold_gain":0,"player_choice":"Upgraded","damage_taken":0,"max_hp_gain":0,"max_hp_loss":0,"event_name":"Upgrade Shrine","floor":5,"gold_loss":0,"cards_upgraded":["Bash"]},{"cards_removed":["Decay"],"damage_healed":0,"gold_gain":0,"player_choice":"Removed Curses","damage_taken":0,"max_hp_gain":0,"max_hp_loss":0,"event_name":"Fountain of Cleansing","floor":12,"gold_loss":0},{"damage_healed":0,"gold_gain":0,"player_choice":"Shed Blood","damage_taken":20,"max_hp_gain":5,"max_hp_loss":0,"event_name":"Forgotten Altar","floor":19,"gold_loss":0},{"damage_healed":0,"gold_gain":0,"player_choice":"Read","damage_taken":0,"max_hp_gain":0,"max_hp_loss":0,"event_name":"The Library","floor":20,"gold_loss":0,"cards_obtained":["Feed"]},{"damage_healed":0,"gold_gain":0,"cards_transformed":["Sever Soul"],"player_choice":"Transformed","damage_taken":0,"max_hp_gain":0,"max_hp_loss":0,"event_name":"Transmorgrifier","floor":21,"gold_loss":0,"cards_obtained":["Whirlwind"]}],"is_beta":false,"boss_relics":[{"not_picked":["Empty Cage","Black Blood"],"picked":"Mark of Pain"}],"items_purged_floors":[],"is_endless":false,"potions_floor_spawned":[8,16,18,27],"killed_by":"Sentry and Sphere","ascension_level":0}