{"gold_per_floor":[115,126,126,126,138,138,166,166,166,176,176,189,4,34,34,137,137,147,161,175,64,64,89,89,124,173,185,296,340,352,384,396,504,516,543,555,581,593,622,666,21,21,46,46,46,56,7,39,39,39],"floor_reached":51,"playtime":8572,"items_purged":["Strike_G","Strike_G"],"score":1240,"play_id":"42be7d24-c020-4720-9d09-90dad95ddd52","local_time":"20190201231824","is_ascension_mode":true,"campfire_choices":[{"floor":6.0,"key":"REST"},{"floor":8.0,"key":"REST"},{"floor":15.0,"key":"REST"},{"floor":27.0,"key":"REST"},{"floor":30.0,"key":"REST"},{"data":"Neutralize","floor":32.0,"key":"SMITH"},{"data":"Calculated Gamble","floor":42,"key":"SMITH"},{"data":"Noxious Fumes","floor":44,"key":"SMITH"},{"data":"Dodge and Roll","floor":49,"key":"SMITH"}],"neow_cost":"NONE","seed_source_timestamp":0,"circlet_count":0,"master_deck":["Defend_G","Defend_G","Defend_G","Defend_G","Strike_G","Survivor","Neutralize+1","Calculated Gamble+1","Dodge and Roll+1","PiercingWail+1","Blade Dance+1","A Thousand Cuts+1","Cloak And Dagger+1","Tactician+1","Backflip+1","Burst+1","Tactician+1","Flechettes+1","PiercingWail+1","Noxious Fumes+1","Dodge and Roll+1","Infinite Blades+1","Malaise+1","Prepared+1","Dodge and Roll+1","Glass Knife+1","Blade Dance+1","Prepared+1","Heel Hook+1","Dagger Throw+1","Choke+1","Well Laid Plans+1","Die Die Die+1","Jack Of All Trades+1","Madness+1","Madness+1","Caltrops+1"],"special_seed":0,"relics":["Ring of the Serpent","Toxic Egg 2","Incense Burner","Happy Flower","Boot","Dead Branch","Black Star","Matryoshka","Orichalcum","Paper Crane","Prayer Wheel","Blood Vial","MawBank","Snake Skull","Molten Egg 2","Potion Belt","Pen Nib","Lee\u0027s Waffle","Oddly Smooth Stone","Centennial Puzzle","Bronze Scales","Ancient Tea Set","Bag of Preparation"],"potions_floor_usage":[46,48,50,50,50],"damage_taken":[{"damage":25.0,"enemies":"Jaw Worm","floor":1.0,"turns":9.0},{"damage":0.0,"enemies":"2 Louse","floor":2.0,"turns":2.0},{"damage":0.0,"enemies":"Cultist","floor":5.0,"turns":4.0},{"damage":15.0,"enemies":"3 Sentries","floor":7.0,"turns":11.0},{"damage":0.0,"enemies":"Looter","floor":10.0,"turns":4.0},{"damage":5.0,"enemies":"Large Slime","floor":12.0,"turns":5.0},{"damage":14.0,"enemies":"Lagavulin","floor":14.0,"turns":7.0},{"damage":4.0,"enemies":"Hexaghost","floor":16.0,"turns":6.0},{"damage":0.0,"enemies":"Spheric Guardian","floor":18.0,"turns":3.0},{"damage":0.0,"enemies":"Chosen","floor":19.0,"turns":4.0},{"damage":0.0,"enemies":"Snecko","floor":20.0,"turns":5.0},{"damage":43.0,"enemies":"Gremlin Leader","floor":23.0,"turns":7.0},{"damage":0.0,"enemies":"Slavers","floor":25.0,"turns":4.0},{"damage":10.0,"enemies":"Book of Stabbing","floor":29.0,"turns":4.0},{"damage":0.0,"enemies":"Chosen and Byrds","floor":31.0,"turns":3.0},{"damage":31.0,"enemies":"Automaton","floor":33.0,"turns":9.0},{"damage":13,"enemies":"3 Darklings","floor":35,"turns":3},{"damage":2,"enemies":"Orb Walker","floor":37,"turns":3},{"damage":4,"enemies":"Sphere and 2 Shapes","floor":39,"turns":4},{"damage":2,"enemies":"Reptomancer","floor":40,"turns":6},{"damage":0,"enemies":"Transient","floor":46,"turns":5},{"damage":7,"enemies":"Nemesis","floor":48,"turns":5},{"damage":0,"enemies":"Donu and Deca","floor":50,"turns":7}],"seed_played":"-7758746432170774988","potions_obtained":[{"floor":1.0,"key":"Explosive Potion"},{"floor":2.0,"key":"FearPotion"},{"floor":7.0,"key":"GamblersBrew"},{"floor":14.0,"key":"Regen Potion"},{"floor":16.0,"key":"Ancient Potion"},{"floor":18.0,"key":"SpeedPotion"},{"floor":23.0,"key":"Dexterity Potion"},{"floor":37,"key":"Ancient Potion"},{"floor":39,"key":"Weak Potion"},{"floor":46,"key":"Explosive Potion"},{"floor":48,"key":"FearPotion"}],"is_trial":false,"path_per_floor":["M","M","?","?","M","R","E","R","T","M","?","M","$","E","R","B",null,"M","M","M","$","?","E","$","E","T","R","?","E","R","M","R","B",null,"M","?","M","?","M","E","$","R","T","R","?","M","$","E","R","B",null],"character_chosen":"THE_SILENT","items_purchased":["Tactician+1","Boot","Noxious Fumes","Lee\u0027s Waffle","Oddly Smooth Stone","Energy Potion","Jack Of All Trades+1","EssenceOfSteel","FearPotion"],"campfire_rested":5,"item_purchase_floors":[13,13,21,41,41,41,41,41,47],"current_hp_per_floor":[45,45,38,5,5,28,13,36,36,36,36,31,31,17,40,36,67,67,67,67,67,53,25,25,25,25,49,49,41,65,67,67,38,71,60,60,60,60,58,58,89,89,89,89,78,80,80,75,75,77],"gold":39,"neow_bonus":"TEN_PERCENT_HP_BONUS","is_prod":false,"is_daily":false,"chose_seed":false,"campfire_upgraded":4,"win_rate":0,"timestamp":1549091904,"path_taken":["M","M","?","?","M","R","E","R","T","M","?","M","$","E","R","BOSS","M","M","M","?","?","E","$","E","T","R","?","E","R","M","R","BOSS","M","?","?","?","?","E","$","R","T","R","?","M","$","E","R","BOSS"],"build_version":"2019-01-23","purchased_purges":2,"victory":true,"max_hp_per_floor":[77,77,77,77,77,77,77,77,77,77,77,77,77,77,77,77,77,77,77,77,77,82,82,82,82,82,82,82,82,82,82,82,82,82,82,82,82,82,82,82,89,89,89,89,89,89,89,89,89,89],"card_choices":[{"not_picked":["Underhanded Strike","Acrobatics"],"picked":"Calculated Gamble","floor":1.0},{"not_picked":["Deadly Poison","Outmaneuver"],"picked":"Dodge and Roll","floor":2.0},{"not_picked":["Prepared+1","Caltrops"],"picked":"PiercingWail+1","floor":5.0},{"not_picked":["Quick Slash","Escape Plan+1"],"picked":"Blade Dance+1","floor":7.0},{"not_picked":["Underhanded Strike","Deadly Poison+1"],"picked":"A Thousand Cuts","floor":10.0},{"not_picked":["Underhanded Strike","Bane"],"picked":"Cloak And Dagger+1","floor":12.0},{"not_picked":["Terror+1","Flying Knee"],"picked":"Backflip+1","floor":14.0},{"not_picked":["Bullet Time+1","Glass Knife"],"picked":"Burst+1","floor":16.0},{"not_picked":["Expertise+1","Dagger Throw"],"picked":"Tactician+1","floor":18.0},{"not_picked":["Dagger Spray","Reflex+1"],"picked":"Flechettes+1","floor":19.0},{"not_picked":["Slice","Flying Knee"],"picked":"PiercingWail+1","floor":20.0},{"not_picked":["Dash+1","Underhanded Strike"],"picked":"Dodge and Roll+1","floor":23.0},{"not_picked":["Sucker Punch","Eviscerate"],"picked":"Infinite Blades+1","floor":25.0},{"not_picked":["Quick Slash","Bane+1"],"picked":"Malaise+1","floor":29.0},{"not_picked":["Deflect+1","Crippling Poison+1"],"picked":"Prepared+1","floor":31.0},{"not_picked":["Bouncing Flask+1","Tactician+1"],"picked":"Dodge and Roll+1","floor":31.0},{"not_picked":["Corpse Explosion+1","Venomology+1"],"picked":"Glass Knife+1","floor":33.0},{"not_picked":["Reflex+1","Dagger Throw+1"],"picked":"Blade Dance+1","floor":35},{"not_picked":["Sucker Punch+1","Quick Slash+1"],"picked":"Prepared+1","floor":35},{"not_picked":["Dodge and Roll+1","Deflect+1"],"picked":"Dagger Throw+1","floor":37},{"not_picked":["Quick Slash+1","Sucker Punch+1"],"picked":"Choke+1","floor":37},{"not_picked":["Accuracy+1","Night Terror+1"],"picked":"Well Laid Plans+1","floor":39},{"not_picked":["Endless Agony+1","Underhanded Strike+1","Heel Hook+1"],"picked":"SKIP","floor":39},{"not_picked":["Setup+1","Heel Hook+1"],"picked":"Die Die Die+1","floor":40},{"not_picked":["Poisoned Stab+1","Expertise+1","Dagger Spray+1"],"picked":"SKIP","floor":46},{"not_picked":["Dagger Spray+1","Noxious Fumes","Deflect+1"],"picked":"SKIP","floor":46},{"not_picked":["Crippling Poison+1","Cloak And Dagger+1"],"picked":"Caltrops+1","floor":48}],"player_experience":418002,"relics_obtained":[{"floor":7.0,"key":"Incense Burner"},{"floor":9.0,"key":"Happy Flower"},{"floor":14.0,"key":"Dead Branch"},{"floor":23.0,"key":"Matryoshka"},{"floor":23.0,"key":"Orichalcum"},{"floor":25.0,"key":"Paper Crane"},{"floor":25.0,"key":"Prayer Wheel"},{"floor":26.0,"key":"Blood Vial"},{"floor":26.0,"key":"MawBank"},{"floor":29.0,"key":"Snake Skull"},{"floor":29.0,"key":"Molten Egg 2"},{"floor":40,"key":"Potion Belt"},{"floor":40,"key":"Pen Nib"},{"floor":43,"key":"Centennial Puzzle"},{"floor":43,"key":"Bronze Scales"},{"floor":48,"key":"Ancient Tea Set"},{"floor":48,"key":"Bag of Preparation"}],"event_choices":[{"cards_removed":["Defend_G"],"damage_healed":0.0,"max_hp_gain":0.0,"max_hp_loss":0.0,"gold_gain":0.0,"event_name":"Golden Wing","player_choice":"Card Removal","floor":3.0,"gold_loss":0.0,"damage_taken":7.0},{"damage_healed":0.0,"max_hp_gain":0.0,"max_hp_loss":0.0,"gold_gain":0.0,"event_name":"Scrap Ooze","player_choice":"Success","floor":4.0,"gold_loss":0.0,"damage_taken":33.0,"relics_obtained":["Toxic Egg 2"]},{"damage_healed":0.0,"max_hp_gain":0.0,"max_hp_loss":0.0,"gold_gain":0.0,"event_name":"Accursed Blacksmith","player_choice":"Forge","floor":11.0,"gold_loss":0.0,"damage_taken":0.0,"cards_upgraded":["A Thousand Cuts"]},{"damage_healed":0.0,"max_hp_gain":5.0,"max_hp_loss":0.0,"gold_gain":0.0,"event_name":"Forgotten Altar","player_choice":"Shed Blood","floor":22.0,"gold_loss":0.0,"damage_taken":19.0},{"damage_healed":0.0,"max_hp_gain":0.0,"max_hp_loss":0.0,"gold_gain":99.0,"event_name":"Nest","player_choice":"Stole From Cult","floor":28.0,"gold_loss":0.0,"damage_taken":0.0},{"damage_healed":0,"gold_gain":0,"cards_transformed":["Strike_G"],"player_choice":"Transformed","damage_taken":0,"max_hp_gain":0,"max_hp_loss":0,"event_name":"Transmorgrifier","floor":36,"gold_loss":0,"cards_obtained":["Heel Hook"]},{"cards_removed":["Strike_G"],"damage_healed":0,"gold_gain":0,"player_choice":"Offered Basic","damage_taken":0,"max_hp_gain":0,"max_hp_loss":0,"event_name":"Bonfire Elementals","floor":38,"gold_loss":0},{"damage_healed":0,"gold_gain":0,"player_choice":"Embrace Madness","damage_taken":11,"max_hp_gain":0,"max_hp_loss":0,"event_name":"Winding Halls","floor":45,"gold_loss":0,"cards_obtained":["Madness","Madness"]}],"is_beta":false,"boss_relics":[{"not_picked":["Calling Bell","WristBlade"],"picked":"Black Star"},{"not_picked":["White Beast Statue","Orrery"],"picked":"Ring of the Serpent"}],"items_purged_floors":[21,41],"is_endless":false,"potions_floor_spawned":[1,2,7,14,16,18,23,37,39,46,48],"ascension_level":9}