{"path_per_floor":["M","$","M","?","M","R","E","R","T","M","$","M","M","M","R","B",null,"M","M","M","M","M","R","E","?","T","R","M","M","M","M","R"],"character_chosen":"IRONCLAD","items_purchased":[],"gold_per_floor":[12,12,25,25,43,43,74,74,74,90,15,27,41,56,56,151,151,167,187,199,218,231,231,264,264,264,264,282,296,311,323,323,323],"floor_reached":33,"campfire_rested":3,"playtime":1509,"current_hp_per_floor":[76,76,80,80,77,77,48,48,48,55,55,60,66,68,68,74,79,80,80,80,58,51,76,38,38,38,63,28,36,32,39,65,0],"items_purged":["Strike_R"],"gold":323,"score":441,"play_id":"e5aebf6e-1e1a-4713-9662-9edd4c013f06","local_time":"20180407130607","is_prod":false,"is_daily":false,"is_ascension_mode":true,"campfire_upgraded":3,"timestamp":1523120767,"path_taken":["M","$","M","?","M","R","E","R","T","M","?","?","?","?","R","BOSS","M","M","M","M","M","R","E","?","T","R","M","M","M","?","R","BOSS"],"build_version":"2018-04-05v2","purchased_purges":1,"victory":false,"master_deck":["Strike_R","Strike_R","Strike_R","Strike_R","Defend_R","Defend_R","Defend_R","Defend_R","Bash","Double Tap+1","Pummel","Flex+1","Limit Break+1","Twin Strike","Flex+1","Feed","Anger","Battle Trance+1","Seeing Red","Decay","Headbutt","Twin Strike"],"max_hp_per_floor":[80,80,80,80,80,80,80,80,80,80,80,80,80,80,80,80,80,80,80,80,83,86,86,86,86,86,86,86,89,89,89,89,89],"relics":["Burning Blood","Meat on the Bone","Thread and Needle","Philosopher\u0027s Stone","Bronze Scales","Charon\u0027s Ashes"],"card_choices":[{"not_picked":["Immolate","Juggernaut"],"picked":"Double Tap","floor":0},{"not_picked":["Anger","Armaments"],"picked":"Pummel","floor":3},{"not_picked":["Fire Breathing","Armaments"],"picked":"Flex","floor":5},{"not_picked":["Entrench","Corruption"],"picked":"Limit Break","floor":7},{"not_picked":["Feel No Pain","Clash"],"picked":"Twin Strike","floor":12},{"not_picked":["Dropkick","Dual Wield"],"picked":"Flex","floor":13},{"not_picked":["Impervious","Berserk"],"picked":"Feed","floor":16},{"not_picked":["Body Slam","Clothesline"],"picked":"Anger","floor":18},{"not_picked":["Shrug It Off","Combust"],"picked":"Battle Trance","floor":19},{"not_picked":["Armaments","Headbutt"],"picked":"Seeing Red","floor":21},{"not_picked":["Body Slam","Dropkick"],"picked":"Headbutt","floor":28},{"not_picked":["Anger","Wild Strike"],"picked":"Twin Strike","floor":30}],"player_experience":324351,"potions_floor_usage":[20,20,29,33,33],"damage_taken":[{"damage":2,"enemies":"Jaw Worm","floor":1,"turns":3},{"damage":1,"enemies":"Cultist","floor":3,"turns":4},{"damage":9,"enemies":"2 Louse","floor":5,"turns":3},{"damage":35,"enemies":"3 Sentries","floor":7,"turns":8},{"damage":11,"enemies":"Red Slaver","floor":10,"turns":4},{"damage":1,"enemies":"Looter","floor":12,"turns":2},{"damage":0,"enemies":"2 Fungi Beasts","floor":13,"turns":4},{"damage":4,"enemies":"3 Louse","floor":14,"turns":3},{"damage":0,"enemies":"Slime Boss","floor":16,"turns":4},{"damage":0,"enemies":"Chosen","floor":18,"turns":4},{"damage":0,"enemies":"3 Byrds","floor":19,"turns":5},{"damage":2,"enemies":"Snecko","floor":20,"turns":3},{"damage":43,"enemies":"Snake Plant","floor":21,"turns":3},{"damage":28,"enemies":"Sentry and Sphere","floor":22,"turns":5},{"damage":56,"enemies":"Slavers","floor":24,"turns":5},{"damage":53,"enemies":"Snecko","floor":28,"turns":6},{"damage":13,"enemies":"Cultist and Chosen","floor":29,"turns":5},{"damage":22,"enemies":"Snake Plant","floor":30,"turns":4},{"damage":11,"enemies":"Chosen and Byrds","floor":31,"turns":2},{"damage":94,"enemies":"Collector","floor":33,"turns":6}],"event_choices":[{"event_name":"Accursed Blacksmith","player_choice":"Forge","floor":4,"damage_taken":0},{"event_name":"Wheel of Change","player_choice":"Curse","floor":25,"damage_taken":0}],"boss_relics":[{"not_picked":["Black Star","Runic Cube"],"picked":"Philosopher\u0027s Stone"}],"potions_floor_spawned":[3,5,13,19,20,28,31],"seed_played":"-7573564078096295112","killed_by":"Collector","ascension_level":7,"is_trial":false}