{"gold_per_floor":[0,15,15,15,15,15,31,31,31,55,78,100,112,135,147,263,275,305,433,445,457,480,517,543,568,653,665,689,731,743,291,291,291],"floor_reached":33,"playtime":645,"items_purged":["Defend_R"],"score":281,"play_id":"18a9aa80-cf3f-4f5d-9e89-952968308d89","local_time":"20190511152456","is_ascension_mode":false,"campfire_choices":[{"data":"strawberrySpire:CrashLanding","floor":6,"key":"SMITH"},{"data":"Replay:Many Hands","floor":13,"key":"SMITH"},{"data":"Bash","floor":15,"key":"SMITH"},{"data":"Demon Form","floor":27,"key":"SMITH"},{"floor":30,"key":"REST"},{"data":"strawberrySpire:Dropbox","floor":32,"key":"SMITH"}],"neow_cost":"NO_GOLD","seed_source_timestamp":0,"circlet_count":0,"master_deck":["Strike_R+1","Strike_R+1","Strike_R+1","Defend_R","Defend_R","Bash+1","strawberrySpire:CrashLanding+1","Sword Boomerang","Replay:Many Hands+1","Anger","Headbutt","Clothesline","Necronomicurse","Demon Form+1","Thunderclap+1","Twin Strike","strawberrySpire:Beatdown","Heavy Blade","strawberrySpire:Dropbox+1"],"special_seed":0,"relics":["Burning Blood","MawBank","strawberrySpire:JuiceKeg","Necronomicon","conspire:TopHat","hubris:SphereOfDissonance","aspiration:TomeofQuesting","Regal Pillow"],"potions_floor_usage":[16,33,33,33],"damage_taken":[{"damage":3.0,"enemies":"Small Slimes","floor":1.0,"turns":3.0},{"damage":1,"enemies":"Jaw Worm","floor":2,"turns":3},{"damage":0,"enemies":"2 Louse","floor":7,"turns":1},{"damage":11,"enemies":"Exordium Wildlife","floor":10,"turns":2},{"damage":4,"enemies":"2 Fungi Beasts","floor":11,"turns":2},{"damage":10,"enemies":"Large Slime","floor":12,"turns":5},{"damage":12,"enemies":"Blue Slaver","floor":14,"turns":2},{"damage":50,"enemies":"Slime Boss","floor":16,"turns":11},{"damage":8,"enemies":"conspire:FuzzyDice","floor":18,"turns":4},{"damage":0,"enemies":"Spheric Guardian","floor":19,"turns":1},{"damage":15,"enemies":"Snake Plant","floor":22,"turns":3},{"damage":25,"enemies":"Replay:Snechameleon","floor":23,"turns":3},{"damage":0,"enemies":"3 Cultists","floor":24,"turns":3},{"damage":3,"enemies":"Snecko","floor":25,"turns":3},{"damage":21,"enemies":"Snake Plant","floor":28,"turns":2},{"damage":17,"enemies":"conspire:Head Lice","floor":29,"turns":5},{"damage":45,"enemies":"Pondfish","floor":33,"turns":3}],"seed_played":"-6131301125807394046","potions_obtained":[{"floor":2,"key":"Fire Potion"},{"floor":10,"key":"Ancient Potion"},{"floor":14,"key":"SpeedPotion"},{"floor":18,"key":"Death Potion"},{"floor":25,"key":"infinitespire:BlackPotion"}],"is_trial":false,"path_per_floor":["M","M","?","?","$","R","M","?","T","M","M","M","R","M","R","B",null,"M","M","?","?","M","E","M","M","T","R","M","E","R","$","R","B"],"character_chosen":"IRONCLAD","items_purchased":["Regal Pillow","Heavy Blade","strawberrySpire:Dropbox"],"campfire_rested":1,"item_purchase_floors":[31,31,31],"current_hp_per_floor":[80,80,80,80,80,80,80,64,64,59,61,57,57,51,51,7,80,78,80,64,64,55,36,42,45,45,45,30,19,43,43,43,0],"gold":291,"neow_bonus":"REMOVE_TWO","is_prod":false,"is_daily":false,"chose_seed":false,"campfire_upgraded":5,"win_rate":0,"timestamp":1557602696,"path_taken":["M","M","?","?","?","R","M","?","T","M","M","M","R","?","R","BOSS","M","M","?","?","M","E","M","M","T","R","M","E","R","$","R","BOSS"],"build_version":"2019-01-23","purchased_purges":1,"victory":false,"max_hp_per_floor":[80,80,80,80,80,80,80,80,80,80,80,80,80,80,80,80,80,80,80,80,80,80,80,80,80,80,80,80,80,80,80,80,80],"card_choices":[{"not_picked":["Wild Strike","strawberrySpire:Spite"],"picked":"strawberrySpire:CrashLanding","floor":1},{"not_picked":["Wild Strike","Shrug It Off"],"picked":"Sword Boomerang","floor":2},{"not_picked":["Havoc","Pummel"],"picked":"Replay:Many Hands","floor":7},{"not_picked":["strawberrySpire:Endurance","Perfected Strike","Warcry"],"picked":"SKIP","floor":10},{"not_picked":["Thunderclap","Fiend Fire"],"picked":"Anger","floor":11},{"not_picked":["True Grit","Flex"],"picked":"Headbutt","floor":12},{"not_picked":["Wild Strike","Body Slam","strawberrySpire:GettingOverIt"],"picked":"SKIP","floor":14},{"not_picked":["Headbutt","Power Through","Whirlwind"],"picked":"SKIP","floor":18},{"not_picked":["ReplayTheSpireMod:Strike From Hell+1","Body Slam+1"],"picked":"Clothesline","floor":19},{"not_picked":["Body Slam","Clash","Searing Blow"],"picked":"SKIP","floor":22},{"not_picked":["Twin Strike","Clothesline"],"picked":"Demon Form","floor":23},{"not_picked":["strawberrySpire:PumpUp","Cleave"],"picked":"Thunderclap+1","floor":24},{"not_picked":["Sword Boomerang","strawberrySpire:DebrisPile"],"picked":"Twin Strike","floor":25},{"not_picked":["Battle Trance","strawberrySpire:Taunt","Armaments"],"picked":"SKIP","floor":28},{"not_picked":["strawberrySpire:Taunt","Thunderclap"],"picked":"strawberrySpire:Beatdown","floor":29}],"player_experience":742013,"relics_obtained":[{"floor":9,"key":"MawBank"},{"floor":20,"key":"Necronomicon"},{"floor":23,"key":"conspire:TopHat"},{"floor":26,"key":"hubris:SphereOfDissonance"},{"floor":29,"key":"aspiration:TomeofQuesting"}],"event_choices":[{"cards_removed":["Strike_R"],"damage_healed":0,"gold_gain":0,"player_choice":"Forget","damage_taken":0,"max_hp_gain":0,"max_hp_loss":0,"event_name":"Living Wall","floor":4,"gold_loss":0},{"damage_healed":0,"gold_gain":0,"player_choice":"Entered Light","damage_taken":16,"max_hp_gain":0,"max_hp_loss":0,"event_name":"Shining Light","floor":8,"gold_loss":0,"cards_upgraded":["Strike_R","Strike_R"]},{"damage_healed":0,"gold_gain":0,"player_choice":"Obtained Book","damage_taken":16,"max_hp_gain":0,"max_hp_loss":0,"event_name":"Cursed Tome","floor":20,"gold_loss":0},{"damage_healed":0,"gold_gain":0,"player_choice":"Ignored","damage_taken":0,"max_hp_gain":0,"max_hp_loss":0,"event_name":"Ghosts","floor":21,"gold_loss":0}],"is_beta":false,"boss_relics":[{"not_picked":["hubris:BlackHole","hubris:RunicObelisk"],"picked":"strawberrySpire:JuiceKeg"}],"items_purged_floors":[31],"is_endless":false,"potions_floor_spawned":[2,10,14,18,22,25],"killed_by":"Pondfish","ascension_level":0}