{"gold_per_floor":[119,132,132,307,307,334,164,192,242,242],"floor_reached":10,"playtime":501,"items_purged":["Doubt"],"score":104,"play_id":"3400644b-0dfd-4107-89a2-b7c6b867fc2e","local_time":"20190913031132","is_ascension_mode":true,"campfire_choices":[],"neow_cost":"NONE","seed_source_timestamp":55659076826400,"circlet_count":0,"master_deck":["Strike_G","Strike_G","Strike_G","Strike_G","Strike_G","Defend_G","Defend_G","Defend_G","Defend_G","Defend_G","Survivor","Neutralize","Deflect","Predator","Acrobatics","Quick Slash","Acrobatics","Calculated Gamble"],"relics":["Ring of the Snake","NeowsBlessing","Juzu Bracelet","Dodecahedron","Bottled Flame","Anchor"],"potions_floor_usage":[],"damage_taken":[{"damage":0,"enemies":"Jaw Worm","floor":1,"turns":1},{"damage":0,"enemies":"2 Louse","floor":2,"turns":1},{"damage":0,"enemies":"Lagavulin","floor":6,"turns":1},{"damage":26,"enemies":"Gremlin Nob","floor":8,"turns":4},{"damage":57,"enemies":"Lagavulin","floor":10,"turns":11}],"seed_played":"-8436485367332398160","potions_obtained":[],"is_trial":false,"path_per_floor":["M","M","?","?","?","E","$","E","T","E"],"character_chosen":"THE_SILENT","items_purchased":["Quick Slash","Acrobatics"],"campfire_rested":0,"item_purchase_floors":[7,7],"current_hp_per_floor":[70,70,70,70,70,70,70,44,44,0],"gold":242,"neow_bonus":"THREE_ENEMY_KILL","is_prod":false,"is_daily":false,"chose_seed":false,"campfire_upgraded":0,"win_rate":0,"timestamp":1568337092,"path_taken":["M","M","?","?","?","E","$","E","T","E"],"build_version":"2019-07-17","purchased_purges":1,"victory":false,"max_hp_per_floor":[70,70,70,70,70,70,70,70,70,70],"card_choices":[{"not_picked":["Slice","PiercingWail"],"picked":"Deflect","floor":1},{"not_picked":["Slice","Cloak And Dagger"],"picked":"Predator","floor":2},{"not_picked":["Dagger Throw","Masterful Stab"],"picked":"Acrobatics","floor":6},{"not_picked":["Blade Dance","Reflex"],"picked":"Calculated Gamble","floor":8}],"player_experience":78371,"relics_obtained":[{"floor":6,"key":"Dodecahedron"},{"floor":8,"key":"Bottled Flame"},{"floor":9,"key":"Anchor"}],"event_choices":[{"damage_healed":0,"gold_gain":0,"player_choice":"Box","damage_taken":0,"relics_obtained":["Juzu Bracelet"],"max_hp_gain":0,"max_hp_loss":0,"event_name":"Big Fish","floor":3,"gold_loss":0,"cards_obtained":["Regret"]},{"damage_healed":0,"gold_gain":175,"player_choice":"AGREE","damage_taken":0,"max_hp_gain":0,"max_hp_loss":0,"event_name":"Liars Game","floor":4,"gold_loss":0,"cards_obtained":["Doubt"]},{"cards_removed":["Regret"],"damage_healed":0,"gold_gain":0,"player_choice":"Purged","damage_taken":0,"max_hp_gain":0,"max_hp_loss":0,"event_name":"Purifier","floor":5,"gold_loss":0}],"is_beta":false,"boss_relics":[],"items_purged_floors":[7],"is_endless":false,"potions_floor_spawned":[],"killed_by":"Lagavulin","ascension_level":1}