{"path_per_floor":["M","$","M","?","?","E","R","$","T","R","M","M","M","?","R","B",null,"M","?","M","M","M","R","?","M","T","M"],"character_chosen":"DEFECT","items_purchased":["Chaos"],"gold_per_floor":[117,42,54,54,54,86,86,18,18,18,35,48,64,19,19,115,115,129,54,68,87,106,106,106,118,142,159,159],"floor_reached":28,"campfire_rested":0,"playtime":806,"item_purchase_floors":[8],"current_hp_per_floor":[75,75,75,80,68,75,75,75,75,75,75,74,74,74,74,37,87,86,86,67,42,42,42,42,23,23,5,0],"items_purged":["Strike_B"],"gold":159,"score":247,"play_id":"8aa96cf3-3dc2-4b65-b07b-d3d90388125e","local_time":"20180526002253","is_prod":false,"is_daily":false,"chose_seed":false,"is_ascension_mode":false,"campfire_upgraded":4,"win_rate":0,"timestamp":1527308573,"campfire_choices":[{"data":"Zap","floor":7,"key":"SMITH"},{"data":"Consume","floor":10,"key":"SMITH"},{"data":"Double Energy","floor":15,"key":"SMITH"},{"data":"White Noise","floor":23,"key":"SMITH"}],"path_taken":["M","$","M","?","?","E","R","$","T","R","M","M","?","?","R","BOSS","M","?","M","M","?","R","?","M","T","M","M"],"build_version":"2018-05-24","seed_source_timestamp":257331183589855,"purchased_purges":1,"victory":false,"master_deck":["Strike_B","Strike_B","Defend_B","Defend_B","Defend_B","Defend_B","Zap+1","Dualcast","Consume+1","White Noise+1","Go for the Eyes","Chaos+1","Tempest","Double Energy+1","Capacitor","Core Surge","Recycle","Hologram","Cold Snap","FTL","Ball Lightning","Hologram+1","Ball Lightning","Static Discharge+1","Echo Form","Undo","Loop"],"max_hp_per_floor":[75,75,75,80,80,87,87,87,87,87,87,87,87,87,87,87,87,87,87,87,87,87,87,87,87,87,87,87],"relics":["Cracked Core","NeowsBlessing","Torii","Strawberry","Happy Flower","Orrery","Bag of Preparation"],"card_choices":[{"not_picked":["Barrage","Leap"],"picked":"Consume","floor":1},{"not_picked":["Steam","Cold Snap"],"picked":"White Noise","floor":3},{"not_picked":["Coolheaded","Stack"],"picked":"Go for the Eyes","floor":6},{"not_picked":["Streamline","Turbo"],"picked":"Tempest","floor":11},{"not_picked":["White Noise","Leap"],"picked":"Double Energy","floor":12},{"not_picked":["Steam","Consume"],"picked":"Capacitor","floor":13},{"not_picked":["Rainbow","Multi-Cast"],"picked":"Core Surge","floor":16},{"not_picked":["Turbo","Go for the Eyes"],"picked":"Recycle","floor":17},{"not_picked":["Recycle","Turbo"],"picked":"Hologram","floor":17},{"not_picked":["Recycle","Turbo"],"picked":"Cold Snap","floor":17},{"not_picked":["Biased Cognition","Melter"],"picked":"FTL","floor":17},{"not_picked":["Beam Cell","Lockon"],"picked":"Ball Lightning","floor":17},{"not_picked":["Turbo","Barrage"],"picked":"Hologram+1","floor":18},{"not_picked":["Aggregate","Conserve Battery+1"],"picked":"Ball Lightning","floor":20},{"not_picked":["Rebound","Streamline"],"picked":"Static Discharge+1","floor":21},{"not_picked":["Glacier","Genetic Algorithm"],"picked":"Echo Form","floor":22},{"not_picked":["Conserve Battery","Hologram"],"picked":"Undo","floor":25},{"not_picked":["Force Field","Auto Shields"],"picked":"Loop","floor":27}],"player_experience":497315,"potions_floor_usage":[18,18,28,28,28],"damage_taken":[{"damage":0,"enemies":"Jaw Worm","floor":1,"turns":1},{"damage":0,"enemies":"Small Slimes","floor":3,"turns":1},{"damage":0,"enemies":"3 Sentries","floor":6,"turns":2},{"damage":0,"enemies":"Cultist","floor":11,"turns":3},{"damage":1,"enemies":"2 Fungi Beasts","floor":12,"turns":3},{"damage":0,"enemies":"Large Slime","floor":13,"turns":4},{"damage":37,"enemies":"Hexaghost","floor":16,"turns":6},{"damage":1,"enemies":"Shell Parasite","floor":18,"turns":3},{"damage":19,"enemies":"2 Thieves","floor":20,"turns":4},{"damage":25,"enemies":"Centurion and Healer","floor":21,"turns":6},{"damage":0,"enemies":"3 Cultists","floor":22,"turns":2},{"damage":19,"enemies":"Cultist and Chosen","floor":25,"turns":4},{"damage":18,"enemies":"Sentry and Sphere","floor":27,"turns":3},{"damage":10,"enemies":"Centurion and Healer","floor":28,"turns":3}],"relics_obtained":[{"floor":6,"key":"Strawberry"},{"floor":9,"key":"Happy Flower"},{"floor":26,"key":"Bag of Preparation"}],"event_choices":[{"event_name":"Big Fish","player_choice":"Donut","floor":4,"damage_taken":0},{"event_name":"Scrap Ooze","player_choice":"success","floor":5,"damage_taken":12},{"event_name":"World of Goop","player_choice":"Left","floor":14,"damage_taken":0},{"event_name":"Beggar","player_choice":"Gave Gold","floor":19,"damage_taken":0},{"event_name":"Upgrade Shrine","player_choice":"Upgraded","floor":24,"damage_taken":0}],"boss_relics":[{"not_picked":["Runic Pyramid","Sozu"],"picked":"Orrery"}],"items_purged_floors":[2],"potions_floor_spawned":[1,3,6,22,25,27],"seed_played":"-5778466003250911156","killed_by":"Centurion and Healer","ascension_level":0,"potions_obtained":[{"floor":1,"key":"Block Potion"},{"floor":3,"key":"Fire Potion"},{"floor":6,"key":"Strength Potion"},{"floor":22,"key":"SteroidPotion"},{"floor":25,"key":"Fire Potion"}],"is_trial":false}