{"path_per_floor":["M","M","?","?","M","M","?","M","T","E","R","M","R","M","R","B",null,"M","?"],"character_chosen":"THE_SILENT","items_purchased":[],"gold_per_floor":[110,129,129,129,143,163,163,186,233,277,277,297,297,317,317,437,437,453,353,353],"floor_reached":20,"campfire_rested":1,"playtime":523,"current_hp_per_floor":[67,67,64,64,64,63,63,62,62,38,38,38,38,38,57,34,65,25,25,0],"items_purged":[],"gold":353,"score":176,"play_id":"05cd0cdc-93e2-45c7-95a5-124261f8d506","local_time":"20180404020315","is_prod":false,"is_daily":false,"is_ascension_mode":false,"campfire_upgraded":2,"timestamp":1522821795,"path_taken":["M","M","?","?","M","M","?","M","T","E","R","M","R","M","R","BOSS","M","?","M"],"build_version":"2018-03-29v2","purchased_purges":0,"victory":false,"master_deck":["Defend_G","Defend_G+1","Defend_G","Defend_G+1","Defend_G","Strike_G","Strike_G","Strike_G","Strike_G","Survivor","Neutralize","Cloak And Dagger","Dagger Spray","Dagger Spray","Noxious Fumes+1","Adrenaline+1","Dagger Spray+1","Die Die Die+1","Sucker Punch+1","J.A.X."],"max_hp_per_floor":[70,70,70,65,65,65,65,65,65,65,65,65,65,65,65,65,65,65,65,65],"relics":["Runic Dome","Lantern","Golden Idol","War Paint","Molten Egg 2","Philosopher\u0027s Stone"],"card_choices":[{"not_picked":["Quick Slash","Slice"],"picked":"Cloak And Dagger","floor":1},{"not_picked":["Distraction","Underhanded Strike"],"picked":"Dagger Spray","floor":2},{"not_picked":["Slice","Deflect"],"picked":"Dagger Spray","floor":5},{"not_picked":["Acrobatics","PiercingWail"],"picked":"Noxious Fumes","floor":6},{"not_picked":["Poisoned Stab","Cloak And Dagger"],"picked":"Adrenaline","floor":8},{"not_picked":["Prepared","Deflect"],"picked":"Dagger Spray","floor":10},{"not_picked":["Adrenaline","Night Terror"],"picked":"Die Die Die","floor":16},{"not_picked":["Terror","Slice"],"picked":"Sucker Punch","floor":18}],"player_experience":306789,"potions_floor_usage":[],"damage_taken":[{"damage":3,"enemies":"Jaw Worm","floor":1,"turns":4},{"damage":0,"enemies":"Small Slimes","floor":2,"turns":4},{"damage":0,"enemies":"2 Louse","floor":5,"turns":2},{"damage":1,"enemies":"Blue Slaver","floor":6,"turns":3},{"damage":1,"enemies":"3 Louse","floor":8,"turns":3},{"damage":24,"enemies":"Gremlin Nob","floor":10,"turns":5},{"damage":0,"enemies":"Exordium Thugs","floor":12,"turns":4},{"damage":0,"enemies":"Blue Slaver","floor":14,"turns":3},{"damage":23,"enemies":"The Guardian","floor":16,"turns":10},{"damage":40,"enemies":"Chosen","floor":18,"turns":7},{"damage":25,"enemies":"Shell Parasite","floor":20,"turns":3}],"event_choices":[{"event_name":"Scrap Ooze","player_choice":"success","floor":3,"damage_taken":3},{"event_name":"Golden Idol","player_choice":"Lose Max HP","floor":4,"damage_taken":0},{"event_name":"Purifier","player_choice":"One Purge","floor":7,"damage_taken":0},{"event_name":"Drug Dealer","player_choice":"Got JAXXED","floor":19,"damage_taken":0}],"boss_relics":[{"not_picked":["Lizard Tail","Ectoplasm"],"picked":"Philosopher\u0027s Stone"}],"potions_floor_spawned":[2,8,10,16],"seed_played":"2983784162556261994","killed_by":"Shell Parasite","ascension_level":0,"is_trial":false}