{"path_per_floor":["M","?","M","M","M","R","?","R","T","R","?","M","M","T","R","B",null,"M","?","$","M","M","?","M","R","T","M","M","M","E","M","R","B",null,"M","?","$","M","?","R","M","M","T","M","M","M","R","M","R"],"character_chosen":"IRONCLAD","items_purchased":["Gremlin Horn","True Grit","Bottled Flame"],"gold_per_floor":[118,118,131,147,163,163,183,183,208,208,265,279,296,365,365,466,466,485,485,129,140,157,157,171,171,198,208,220,235,266,283,283,383,383,397,397,102,122,122,122,134,154,205,222,235,247,247,259,259],"floor_reached":50,"campfire_rested":5,"playtime":2855,"current_hp_per_floor":[80,80,80,80,80,80,61,61,61,61,45,49,49,49,73,12,80,72,57,57,58,46,74,28,53,53,48,54,53,43,49,74,72,85,85,85,85,85,74,74,69,65,65,41,9,9,34,38,63],"items_purged":["Strike_R","Injury"],"gold":259,"score":464,"play_id":"c8034b54-27de-4db8-ac91-a3b4702885af","local_time":"20180321185408","is_prod":false,"is_daily":false,"is_ascension_mode":false,"campfire_upgraded":4,"timestamp":1521672848,"path_taken":["M","?","M","M","M","R","?","R","T","R","?","?","M","?","R","BOSS","M","?","$","M","M","?","M","R","T","M","?","M","E","M","R","BOSS","M","?","$","M","?","R","M","M","T","M","M","?","R","M","R","BOSS"],"build_version":"2018-03-15v3","purchased_purges":2,"victory":false,"master_deck":["Defend_R","Defend_R","Defend_R","Defend_R","Bash","Impervious","Rampage+1","Shrug It Off+1","Shrug It Off+1","Flex","Fiend Fire","Flame Barrier","True Grit","Headbutt","Metallicize+1","Bloodletting+1","Cleave+1","Headbutt+1","Corruption+1","Madness+1","Madness","Parasite"],"max_hp_per_floor":[80,80,80,80,80,80,80,80,80,80,80,80,80,80,80,80,80,80,85,85,85,85,85,85,85,85,85,85,85,85,85,85,85,85,85,85,85,85,85,85,85,85,85,85,85,85,85,85,85],"relics":["Burning Blood","Odd Mushroom","Lantern","Happy Flower","Smiling Mask","Cursed Key","Gremlin Horn","Bag of Preparation","Letter Opener","Astrolabe","Bottled Flame","Anchor"],"card_choices":[{"not_picked":["Perfected Strike","Headbutt"],"picked":"Impervious"},{"not_picked":["Perfected Strike","Dropkick"],"picked":"Shrug It Off"},{"not_picked":["Blood for Blood","Headbutt"],"picked":"Shrug It Off"},{"not_picked":["Power Through","Blood for Blood"],"picked":"Flex"},{"not_picked":["Dark Embrace","Demon Form"],"picked":"Fiend Fire"},{"not_picked":["Shrug It Off","Wild Strike"],"picked":"Flame Barrier"},{"not_picked":["Clothesline","Shockwave"],"picked":"Headbutt"},{"not_picked":["Armaments","Perfected Strike"],"picked":"Metallicize"},{"not_picked":["Body Slam","Flex"],"picked":"Corruption"}],"player_experience":238119,"potions_floor_usage":[30,30,50,50,50],"damage_taken":[{"damage":0,"enemies":"2 Louse","floor":1,"turns":3},{"damage":0,"enemies":"Small Slimes","floor":3,"turns":4},{"damage":2,"enemies":"Jaw Worm","floor":4,"turns":5},{"damage":0,"enemies":"Blue Slaver","floor":5,"turns":5},{"damage":25,"enemies":"The Mushroom Lair","floor":7,"turns":6},{"damage":22,"enemies":"3 Sentries","floor":11,"turns":12},{"damage":2,"enemies":"Large Slime","floor":12,"turns":5},{"damage":6,"enemies":"Lots of Slimes","floor":13,"turns":5},{"damage":67,"enemies":"Slime Boss","floor":16,"turns":16},{"damage":14,"enemies":"Spheric Guardian","floor":18,"turns":6},{"damage":5,"enemies":"Shell Parasite","floor":21,"turns":7},{"damage":18,"enemies":"3 Cultists","floor":22,"turns":5},{"damage":52,"enemies":"Sentry and Sphere","floor":24,"turns":9},{"damage":11,"enemies":"Snecko","floor":27,"turns":6},{"damage":0,"enemies":"Centurion and Healer","floor":28,"turns":8},{"damage":7,"enemies":"Snake Plant","floor":29,"turns":5},{"damage":16,"enemies":"Slavers","floor":30,"turns":9},{"damage":0,"enemies":"Chosen and Byrds","floor":31,"turns":7},{"damage":8,"enemies":"Champ","floor":33,"turns":13},{"damage":5,"enemies":"Orb Walker","floor":35,"turns":4},{"damage":0,"enemies":"3 Shapes","floor":38,"turns":5},{"damage":11,"enemies":"Sphere and 2 Shapes","floor":41,"turns":5},{"damage":10,"enemies":"4 Shapes","floor":42,"turns":7},{"damage":30,"enemies":"3 Darklings","floor":44,"turns":4},{"damage":38,"enemies":"Maw","floor":45,"turns":8},{"damage":6,"enemies":"Sphere and 2 Shapes","floor":46,"turns":6},{"damage":2,"enemies":"4 Shapes","floor":48,"turns":6},{"damage":81,"enemies":"Awakened One","floor":50,"turns":7}],"event_choices":[{"event_name":"Living Wall","player_choice":"Change","floor":2,"damage_taken":0},{"event_name":"Mushrooms","player_choice":"Fought Mushrooms","floor":7,"damage_taken":0},{"event_name":"Dead Adventurer","player_choice":"Searched \u00272\u0027 times","floor":11,"damage_taken":0},{"event_name":"Forgotten Altar","player_choice":"Shed Blood","floor":19,"damage_taken":0},{"event_name":"The Library","player_choice":"Heal","floor":23,"damage_taken":0},{"event_name":"Tomb of Lord Red Mask","player_choice":"Ignored","floor":36,"damage_taken":0},{"event_name":"Winding Halls","player_choice":"Embrace Madness","floor":39,"damage_taken":0}],"boss_relics":[{"not_picked":["Mark of Pain","Black Star"],"picked":"Cursed Key"},{"not_picked":["Runic Pyramid","Question Card"],"picked":"Astrolabe"}],"potions_floor_spawned":[3,4,11,12,16,21,22,28,29,30,31,35,45,46],"seed_played":"5233735810982867712","killed_by":"Awakened One","ascension_level":0,"is_trial":false}