{"gold_per_floor":[111,59,74,74,89,89,113,128,128,128,128,144,144,167,167,291,291,314,333,357,375,399,399,412,537,562,562,581,581,600,600,600,699,699,710,810,810,460,479,479,495,506,506,506,506,506,525,70,70,70],"floor_reached":51,"playtime":2637,"items_purged":[],"score":745,"play_id":"df5bede7-864f-417f-847a-ca1507b5e03d","local_time":"20181117133032","daily_mods":["SealedDeck"],"is_ascension_mode":false,"campfire_choices":[{"data":"Perfected Strike","floor":6,"key":"SMITH"},{"data":"Inflame","floor":13,"key":"SMITH"},{"data":"Evolve","floor":15,"key":"SMITH"},{"data":"Bloodletting","floor":23,"key":"SMITH"},{"floor":29,"key":"REST"},{"data":"Shrug It Off","floor":32,"key":"SMITH"},{"data":"Reaper","floor":40,"key":"SMITH"},{"data":"Impervious","floor":44,"key":"SMITH"},{"data":"Clothesline","floor":46,"key":"SMITH"},{"data":"Good Instincts","floor":49,"key":"SMITH"}],"neow_cost":"","seed_source_timestamp":0,"circlet_count":0,"master_deck":["Shrug It Off+1","Clothesline+1","Thunderclap","Bloodletting+1","Wild Strike","Pommel Strike","Pommel Strike","Wild Strike","Wild Strike","Pommel Strike","Perfected Strike+1","Wild Strike","Wild Strike","Inflame+1","Evolve+1","Impervious+1","Inflame+1","Twin Strike+1","Blood for Blood","Twin Strike+1","Twin Strike","Reaper+1","Armaments+1","Pommel Strike+1","Perfected Strike+1","Wild Strike","Perfected Strike+1","Good Instincts+1","Twin Strike"],"relics":["Burning Blood","Bloody Idol","Meat on the Bone","Lizard Tail","Turnip","Question Card","PreservedInsect","Velvet Choker","Unceasing Top","Bag of Marbles","DollysMirror","Dodecahedron","Mango","Boot"],"potions_floor_usage":[25,30,36,50,50],"damage_taken":[{"damage":3,"enemies":"2 Louse","floor":1,"turns":1},{"damage":0,"enemies":"Small Slimes","floor":3,"turns":2},{"damage":11,"enemies":"Jaw Worm","floor":5,"turns":2},{"damage":0,"enemies":"2 Fungi Beasts","floor":7,"turns":2},{"damage":7,"enemies":"Gremlin Gang","floor":8,"turns":2},{"damage":0,"enemies":"Exordium Wildlife","floor":12,"turns":2},{"damage":10,"enemies":"Looter","floor":14,"turns":2},{"damage":46,"enemies":"The Guardian","floor":16,"turns":10},{"damage":30,"enemies":"2 Thieves","floor":18,"turns":3},{"damage":13,"enemies":"Spheric Guardian","floor":19,"turns":3},{"damage":22,"enemies":"Cultist and Chosen","floor":20,"turns":6},{"damage":21,"enemies":"Snake Plant","floor":21,"turns":3},{"damage":0,"enemies":"Snecko","floor":22,"turns":4},{"damage":21,"enemies":"3 Cultists","floor":24,"turns":4},{"damage":15,"enemies":"Colosseum Slavers","floor":25,"turns":3},{"damage":28,"enemies":"Colosseum Nobs","floor":25,"turns":5},{"damage":13,"enemies":"Chosen and Byrds","floor":28,"turns":4},{"damage":38,"enemies":"Shelled Parasite and Fungi","floor":30,"turns":4},{"damage":74,"enemies":"Collector","floor":33,"turns":7},{"damage":8,"enemies":"3 Shapes","floor":35,"turns":3},{"damage":54,"enemies":"Mind Bloom Boss Battle","floor":36,"turns":4},{"damage":10,"enemies":"Orb Walker","floor":39,"turns":2},{"damage":10,"enemies":"3 Darklings","floor":41,"turns":4},{"damage":11,"enemies":"Jaw Worm Horde","floor":42,"turns":4},{"damage":0,"enemies":"Sphere and 2 Shapes","floor":47,"turns":3},{"damage":86,"enemies":"Donu and Deca","floor":50,"turns":8}],"seed_played":"7093933730993910405","potions_obtained":[{"floor":3,"key":"Ancient Potion"},{"floor":7,"key":"SteroidPotion"},{"floor":8,"key":"LiquidBronze"},{"floor":25,"key":"Weak Potion"},{"floor":28,"key":"Fruit Juice"},{"floor":33,"key":"BloodPotion"},{"floor":36,"key":"Swift Potion"}],"is_trial":true,"path_per_floor":["M","$","M","?","M","R","M","M","T","$","?","M","R","M","R","B",null,"M","M","M","M","M","R","M","?","T","?","M","R","M","?","R","B",null,"M","?","?","$","M","R","M","M","T","R","?","R","M","$","R","B",null],"character_chosen":"IRONCLAD","items_purchased":["Wild Strike","Bag of Marbles","DollysMirror","Mango","Boot"],"campfire_rested":1,"item_purchase_floors":[2,38,38,48,48],"current_hp_per_floor":[80,80,80,60,55,55,61,60,60,60,60,66,66,62,62,34,80,56,49,45,42,48,48,45,38,38,38,43,67,52,52,52,65,85,85,54,54,54,55,55,56,71,71,71,71,71,82,96,96,37],"gold":70,"neow_bonus":"","is_prod":false,"is_daily":false,"chose_seed":false,"campfire_upgraded":9,"win_rate":0,"timestamp":1542479432,"path_taken":["M","$","M","?","M","R","M","M","T","$","?","M","R","M","R","BOSS","M","M","M","M","M","R","M","?","T","?","?","R","M","?","R","BOSS","M","?","?","$","M","R","M","M","T","R","?","R","M","$","R","BOSS"],"build_version":"2018-11-15","purchased_purges":0,"victory":true,"max_hp_per_floor":[80,80,80,80,80,80,80,80,80,80,80,80,80,80,80,80,80,80,80,80,80,80,80,80,80,80,80,80,80,85,85,85,85,85,85,85,85,85,85,85,85,85,85,85,85,85,85,99,99,99],"card_choices":[{"not_picked":["Shockwave","Heavy Blade"],"picked":"Perfected Strike","floor":1},{"not_picked":["Clothesline","Reckless Charge"],"picked":"Wild Strike","floor":3},{"not_picked":["Corruption","Blood for Blood","Sword Boomerang"],"picked":"SKIP","floor":5},{"not_picked":["Body Slam","Infernal Blade","Hemokinesis"],"picked":"SKIP","floor":7},{"not_picked":["Flex","Cleave"],"picked":"Inflame","floor":8},{"not_picked":["Power Through","Carnage","Cleave"],"picked":"SKIP","floor":12},{"not_picked":["Shrug It Off","Anger"],"picked":"Evolve","floor":14},{"not_picked":["Bludgeon","Fiend Fire"],"picked":"Impervious","floor":16},{"not_picked":["Ghostly Armor+1","Pommel Strike"],"picked":"Inflame+1","floor":18},{"not_picked":["True Grit","Warcry+1","Rupture"],"picked":"SKIP","floor":19},{"not_picked":["Clothesline+1","Berserk","Thunderclap"],"picked":"SKIP","floor":20},{"not_picked":["Body Slam","Carnage+1","Warcry"],"picked":"SKIP","floor":21},{"not_picked":["Headbutt+1","Heavy Blade"],"picked":"Twin Strike+1","floor":22},{"not_picked":["Body Slam+1","Anger"],"picked":"Blood for Blood","floor":24},{"not_picked":["True Grit+1","Cleave"],"picked":"Twin Strike+1","floor":25},{"not_picked":["Barricade","Shockwave+1","Shrug It Off"],"picked":"Twin Strike","floor":28},{"not_picked":["Body Slam","Evolve","Cleave","Rupture"],"picked":"SKIP","floor":30},{"not_picked":["Berserk","Barricade","Offering"],"picked":"Reaper","floor":33},{"not_picked":["Rage","True Grit+1","Sentinel"],"picked":"Armaments+1","floor":35},{"not_picked":["Corruption","Uppercut","Burning Pact+1"],"picked":"Pommel Strike+1","floor":36},{"not_picked":["Iron Wave","Bloodletting+1","Double Tap"],"picked":"Wild Strike","floor":39},{"not_picked":["Whirlwind+1","Clash","Second Wind","Clothesline+1"],"picked":"SKIP","floor":41},{"not_picked":["Sentinel","Entrench","Sever Soul+1"],"picked":"Perfected Strike+1","floor":42},{"not_picked":["Dark Shackles","Bandage Up","Madness"],"picked":"Good Instincts","floor":45},{"not_picked":["Dual Wield","Warcry+1","Anger+1"],"picked":"Twin Strike","floor":47}],"player_experience":967791,"relics_obtained":[{"floor":9,"key":"Meat on the Bone"},{"floor":25,"key":"Turnip"},{"floor":25,"key":"Question Card"},{"floor":26,"key":"PreservedInsect"},{"floor":36,"key":"Unceasing Top"},{"floor":43,"key":"Dodecahedron"}],"event_choices":[{"damage_healed":0,"gold_gain":0,"player_choice":"Take Damage","damage_taken":20,"relics_obtained":["Golden Idol"],"max_hp_gain":0,"max_hp_loss":0,"event_name":"Golden Idol","floor":4,"gold_loss":0},{"damage_healed":0,"gold_gain":0,"player_choice":"Ignored","damage_taken":0,"max_hp_gain":0,"max_hp_loss":0,"event_name":"Liars Game","floor":11,"gold_loss":0},{"damage_healed":0,"gold_gain":0,"player_choice":"Fight","damage_taken":0,"max_hp_gain":0,"max_hp_loss":0,"event_name":"Colosseum","floor":25,"gold_loss":0},{"damage_healed":0,"gold_gain":0,"player_choice":"Fought Nobs","damage_taken":0,"max_hp_gain":0,"max_hp_loss":0,"event_name":"Colosseum","floor":25,"gold_loss":0},{"damage_healed":0,"gold_gain":0,"player_choice":"0 cards matched","damage_taken":0,"max_hp_gain":0,"max_hp_loss":0,"event_name":"Match and Keep!","floor":27,"gold_loss":0,"cards_obtained":[]},{"damage_healed":0,"gold_gain":0,"player_choice":"Gave Idol","damage_taken":0,"relics_obtained":["Bloody Idol"],"max_hp_gain":0,"max_hp_loss":0,"event_name":"Forgotten Altar","floor":31,"relics_lost":["Golden Idol"],"gold_loss":0},{"damage_healed":0,"gold_gain":0,"player_choice":"Fight","damage_taken":0,"max_hp_gain":0,"max_hp_loss":0,"event_name":"MindBloom","floor":36,"gold_loss":0},{"damage_healed":0,"gold_gain":0,"player_choice":"Ignored","damage_taken":0,"max_hp_gain":0,"max_hp_loss":0,"event_name":"Mysterious Sphere","floor":37,"gold_loss":0},{"damage_healed":0,"gold_gain":0,"player_choice":"Memory 1","damage_taken":0,"max_hp_gain":0,"max_hp_loss":0,"event_name":"SensoryStone","floor":45,"gold_loss":0}],"is_beta":true,"boss_relics":[{"not_picked":["Runic Pyramid","Fusion Hammer"],"picked":"Lizard Tail"},{"not_picked":["Calling Bell","Astrolabe"],"picked":"Velvet Choker"}],"items_purged_floors":[],"is_endless":false,"potions_floor_spawned":[3,7,8,12,21,24,25,28,33,36,41,42],"ascension_level":0}