{"path_per_floor":["M","M","?","M","M","E","M","R","T","$","R","M","M","?","R","B",null,"M","$","M","?","M","E","?","R","T","M","M","?","R","M","R","B",null,"M","$","?","M","$","R","?","R","T","?","M","?","R","M","R"],"character_chosen":"IRONCLAD","items_purchased":["Twin Strike","Ice Cream","Lantern","Offering+1"],"gold_per_floor":[111,124,124,138,148,203,214,214,214,214,214,225,244,244,244,349,349,368,46,65,65,81,111,111,111,111,131,144,144,144,159,159,255,255,271,121,121,133,51,51,0,0,0,0,16,16,16,30,30,30],"floor_reached":50,"campfire_rested":2,"playtime":1373,"item_purchase_floors":[19,19,36,39],"current_hp_per_floor":[80,74,67,67,59,41,34,34,34,34,34,21,11,11,35,35,80,78,78,65,80,68,32,32,32,32,49,43,43,43,43,43,10,90,70,70,70,70,70,70,70,70,70,70,67,56,56,25,52,0],"items_purged":[],"gold":30,"score":514,"play_id":"ed747d25-d82a-4470-93b1-5913d618c5ff","local_time":"20180520130327","is_prod":false,"is_daily":false,"chose_seed":false,"is_ascension_mode":false,"campfire_upgraded":8,"timestamp":1526835807,"campfire_choices":[{"data":"Flex","floor":8.0,"key":"SMITH"},{"data":"Flame Barrier","floor":11.0,"key":"SMITH"},{"floor":15.0,"key":"REST"},{"data":"Sword Boomerang","floor":25,"key":"SMITH"},{"data":"Demon Form","floor":30,"key":"SMITH"},{"data":"Whirlwind","floor":32,"key":"SMITH"},{"data":"Inflame","floor":40,"key":"SMITH"},{"data":"Pummel","floor":42,"key":"SMITH"},{"data":"Uppercut","floor":47,"key":"SMITH"},{"floor":49,"key":"REST"}],"path_taken":["M","M","?","M","?","E","?","R","T","$","R","M","?","?","R","BOSS","M","$","M","?","M","E","?","R","T","?","M","?","R","M","R","BOSS","M","$","?","?","$","R","?","R","T","?","M","?","R","M","R","BOSS"],"build_version":"2018-05-18","seed_source_timestamp":1610933266513537,"purchased_purges":0,"victory":false,"master_deck":["Bash","Shrug It Off","Armaments","Shrug It Off","Thunderclap","Cleave","Twin Strike","Twin Strike","Iron Wave","Inflame+1","Pummel+1","Flame Barrier+1","Flex+1","Uppercut+1","Whirlwind+1","Demon Form+1","Uppercut+1","Twin Strike","Anger","Sword Boomerang+1","Reaper","Seeing Red+1","Reaper","Cleave+1","Offering+1","Double Tap+1","Madness+1","Madness+1","Disarm+1"],"max_hp_per_floor":[80,80,80,80,80,80,80,80,80,80,80,80,80,80,80,80,80,80,80,80,80,80,90,90,90,90,90,90,90,90,90,90,90,90,90,90,90,90,90,90,90,90,90,90,90,90,90,90,90,90],"relics":["Pandora\u0027s Box","Question Card","Tiny Chest","Vajra","Black Star","Ice Cream","Pear","Dodecahedron","Toxic Egg 2","Mark of Pain","Lantern","Red Mask","Sundial"],"card_choices":[{"not_picked":["Evolve","Combust"],"picked":"Inflame","floor":1.0},{"not_picked":["Clothesline","Anger"],"picked":"Pummel","floor":2.0},{"not_picked":["Iron Wave","Body Slam","Twin Strike","Shrug It Off"],"picked":"SKIP","floor":4.0},{"not_picked":["Infernal Blade","Thunderclap","Havoc"],"picked":"Iron Wave","floor":5.0},{"not_picked":["Flex","Reaper","Combust"],"picked":"Flame Barrier","floor":6.0},{"not_picked":["Fire Breathing","Rage","Anger"],"picked":"Flex","floor":7.0},{"not_picked":["Headbutt","Evolve","Body Slam"],"picked":"Uppercut","floor":12.0},{"not_picked":["Cleave","Sword Boomerang","Warcry"],"picked":"Whirlwind","floor":13.0},{"not_picked":["Brutality","Offering","Berserk"],"picked":"Demon Form","floor":16.0},{"not_picked":["Reckless Charge+1","Evolve","Corruption"],"picked":"Uppercut+1","floor":18},{"not_picked":["Battle Trance+1","Perfected Strike","Thunderclap"],"picked":"Anger","floor":20},{"not_picked":["Flex","Rampage","Wild Strike"],"picked":"Sword Boomerang","floor":22},{"not_picked":["Armaments","Pommel Strike","Hemokinesis"],"picked":"Reaper","floor":23},{"not_picked":["Rage+1","Twin Strike","Iron Wave","Infernal Blade+1"],"picked":"SKIP","floor":27},{"not_picked":["Armaments+1","Headbutt","Blood for Blood"],"picked":"Seeing Red+1","floor":28},{"not_picked":["Cleave+1","Armaments+1","Clothesline","Body Slam"],"picked":"SKIP","floor":31},{"not_picked":["Anger","Infernal Blade+1","Iron Wave","Thunderclap+1"],"picked":"SKIP","floor":35},{"not_picked":["Second Wind+1","Headbutt","Warcry+1"],"picked":"Cleave+1","floor":38},{"not_picked":["Thunderclap+1","Headbutt","Perfected Strike"],"picked":"Double Tap+1","floor":45},{"not_picked":["Headbutt","Flex+1","Shrug It Off+1"],"picked":"Disarm+1","floor":48}],"player_experience":476893,"potions_floor_usage":[33,33,33,50,50,50,50,50],"damage_taken":[{"damage":0.0,"enemies":"Small Slimes","floor":1.0,"turns":3.0},{"damage":6.0,"enemies":"2 Louse","floor":2.0,"turns":2.0},{"damage":0.0,"enemies":"Cultist","floor":4.0,"turns":2.0},{"damage":8.0,"enemies":"Gremlin Gang","floor":5.0,"turns":2.0},{"damage":18.0,"enemies":"Lagavulin","floor":6.0,"turns":5.0},{"damage":7.0,"enemies":"2 Fungi Beasts","floor":7.0,"turns":2.0},{"damage":13.0,"enemies":"Red Slaver","floor":12.0,"turns":2.0},{"damage":10.0,"enemies":"Looter","floor":13.0,"turns":2.0},{"damage":0.0,"enemies":"Slime Boss","floor":16.0,"turns":3.0},{"damage":2,"enemies":"Spheric Guardian","floor":18,"turns":5},{"damage":13,"enemies":"3 Byrds","floor":20,"turns":3},{"damage":12,"enemies":"3 Cultists","floor":22,"turns":4},{"damage":46,"enemies":"Slavers","floor":23,"turns":3},{"damage":0,"enemies":"Centurion and Healer","floor":27,"turns":8},{"damage":6,"enemies":"Snecko","floor":28,"turns":3},{"damage":0,"enemies":"Cultist and Chosen","floor":31,"turns":5},{"damage":66,"enemies":"Collector","floor":33,"turns":7},{"damage":20,"enemies":"3 Darklings","floor":35,"turns":4},{"damage":0,"enemies":"3 Shapes","floor":38,"turns":1},{"damage":3,"enemies":"3 Darklings","floor":45,"turns":2},{"damage":31,"enemies":"Maw","floor":48,"turns":6},{"damage":56,"enemies":"Awakened One","floor":50,"turns":4}],"relics_obtained":[{"floor":6.0,"key":"Tiny Chest"},{"floor":9.0,"key":"Vajra"},{"floor":23,"key":"Pear"},{"floor":23,"key":"Dodecahedron"},{"floor":26,"key":"Toxic Egg 2"},{"floor":43,"key":"Sundial"}],"event_choices":[{"event_name":"Scrap Ooze","player_choice":"success","floor":3.0,"damage_taken":7.0},{"event_name":"Purifier","player_choice":"One Purge","floor":14.0,"damage_taken":0.0},{"event_name":"The Library","player_choice":"Heal","floor":21,"damage_taken":0},{"event_name":"Ghosts","player_choice":"Ignored","floor":24,"damage_taken":0},{"event_name":"Duplicator","player_choice":"One dupe","floor":29,"damage_taken":0},{"event_name":"Mysterious Sphere","player_choice":"Ignore","floor":37,"damage_taken":0},{"event_name":"Tomb of Lord Red Mask","player_choice":"Paid","floor":41,"damage_taken":0},{"event_name":"Winding Halls","player_choice":"Embrace Madness","floor":46,"damage_taken":0}],"boss_relics":[{"not_picked":["Lizard Tail","Eternal Feather"],"picked":"Mark of Pain"}],"items_purged_floors":[],"potions_floor_spawned":[1,2,7,12,13,18,31,35,45,48],"seed_played":"-125096522825923276","killed_by":"Awakened One","ascension_level":0,"potions_obtained":[{"floor":1.0,"key":"SpeedPotion"},{"floor":2.0,"key":"SpeedPotion"},{"floor":7.0,"key":"Regen Potion"},{"floor":13.0,"key":"SteroidPotion"},{"floor":18,"key":"Dexterity Potion"},{"floor":31,"key":"Ancient Potion"},{"floor":35,"key":"PowerPotion"},{"floor":45,"key":"EntropicBrew"},{"floor":48,"key":"Block Potion"}],"is_trial":false}