{"gold_per_floor":[115,115,115,128,128,164,164,185,185,218,218,218,238,66,66,186,186,211,231,78,78],"floor_reached":21,"playtime":532,"items_purged":["Strike_B"],"score":233,"play_id":"e48826dd-a41c-462e-88b8-8e729704f6f2","local_time":"20180811204215","is_ascension_mode":true,"campfire_choices":[{"data":"Zap","floor":7,"key":"SMITH"},{"floor":12,"key":"REST"},{"floor":15,"key":"REST"}],"neow_cost":"NONE","seed_source_timestamp":537458721649493,"circlet_count":0,"master_deck":["Defend_B","Defend_B","Defend_B","Zap+1","Dualcast","Ball Lightning","Ball Lightning","Buffer","Aggregate+1","Redo+1","Gash","Beam Cell","Electrodynamics","Multi-Cast+1","Thunder Strike+1","Amplify+1","FTL","Self Repair"],"relics":["Cracked Core","NeowsBlessing","Golden Idol","NlothsMask","Unceasing Top","Toxic Egg 2","Bottled Lightning","Astrolabe","DataDisk"],"potions_floor_usage":[10],"damage_taken":[{"damage":0,"enemies":"Cultist","floor":1,"turns":1},{"damage":0,"enemies":"2 Louse","floor":4,"turns":1},{"damage":0,"enemies":"Lagavulin","floor":6,"turns":1},{"damage":2,"enemies":"Small Slimes","floor":8,"turns":2},{"damage":31,"enemies":"3 Sentries","floor":10,"turns":5},{"damage":10,"enemies":"Gremlin Gang","floor":13,"turns":5},{"damage":36,"enemies":"Hexaghost","floor":16,"turns":9},{"damage":29,"enemies":"Shell Parasite","floor":18,"turns":4},{"damage":18,"enemies":"3 Byrds","floor":19,"turns":3},{"damage":28,"enemies":"Sentry and Sphere","floor":21,"turns":3}],"seed_played":"1476606648578767064","potions_obtained":[{"floor":4,"key":"PowerPotion"},{"floor":13,"key":"Dexterity Potion"},{"floor":18,"key":"LiquidBronze"}],"is_trial":false,"path_per_floor":["M","?","?","M","?","E","R","M","T","E","?","R","M","$","R","B",null,"M","M","$"],"character_chosen":"DEFECT","items_purchased":["Gash","Beam Cell","DataDisk"],"campfire_rested":2,"item_purchase_floors":[14,14,20],"current_hp_per_floor":[75,57,57,57,39,39,39,37,37,6,6,28,18,18,40,4,75,46,28,28,0],"gold":78,"neow_bonus":"THREE_ENEMY_KILL","is_prod":false,"is_daily":false,"chose_seed":false,"campfire_upgraded":1,"win_rate":0,"timestamp":1534034535,"path_taken":["M","?","?","?","?","E","R","M","T","E","?","R","M","$","R","BOSS","M","M","$","M"],"build_version":"2018-08-08","purchased_purges":1,"victory":false,"max_hp_per_floor":[75,75,75,75,75,75,75,75,75,75,75,75,75,75,75,75,75,75,75,75,75],"card_choices":[{"not_picked":["Streamline","Reprogram"],"picked":"Ball Lightning","floor":1},{"not_picked":["Sweeping Beam","Stack"],"picked":"Ball Lightning","floor":4},{"not_picked":["Turbo","Blizzard","Force Field"],"picked":"SKIP","floor":6},{"not_picked":["Compile Driver","Streamline"],"picked":"Buffer","floor":8},{"not_picked":["Coolheaded+1","Turbo+1","Beam Cell"],"picked":"SKIP","floor":10},{"not_picked":["Streamline","Go for the Eyes"],"picked":"Redo+1","floor":13},{"not_picked":["Hyperbeam","Reboot+1"],"picked":"Electrodynamics","floor":16},{"not_picked":["Go for the Eyes","Fusion+1"],"picked":"FTL","floor":18},{"not_picked":["Steam+1","Loop+1"],"picked":"Self Repair","floor":19}],"player_experience":858573,"relics_obtained":[{"floor":6,"key":"Toxic Egg 2"},{"floor":10,"key":"Bottled Lightning"}],"event_choices":[{"event_name":"Golden Idol","player_choice":"Take Damage","floor":2,"damage_taken":0},{"event_name":"FaceTrader","player_choice":"Trade","floor":3,"damage_taken":0},{"event_name":"Scrap Ooze","player_choice":"success","floor":5,"damage_taken":18},{"event_name":"Living Wall","player_choice":"Change","floor":11,"damage_taken":0}],"is_beta":true,"boss_relics":[{"not_picked":["Nuclear Battery","Velvet Choker"],"picked":"Astrolabe"}],"items_purged_floors":[14],"is_endless":false,"potions_floor_spawned":[4,13,18],"killed_by":"Sentry and Sphere","ascension_level":2}