{"path_per_floor":["M","?","$","M","M","R","E","R","T","R","M","$","E","?","R","B",null,"M","M","?","$","?","R","?","M","T"],"character_chosen":"THE_SILENT","items_purchased":["Caltrops","Noxious Fumes"],"gold_per_floor":[109,284,140,150,167,167,196,196,196,196,214,37,68,68,68,166,166,166,166,81,81,81,81,6,6,6,6],"floor_reached":27,"campfire_rested":3,"playtime":788,"current_hp_per_floor":[70,70,70,67,67,67,19,40,40,40,36,36,25,25,46,26,70,50,30,30,30,30,51,51,21,21,0],"items_purged":["Doubt","Strike_G"],"gold":6,"score":252,"play_id":"0ead4450-63c1-44ae-b23c-17a8b6bd3ca8","local_time":"20180406021452","is_prod":false,"is_daily":false,"is_ascension_mode":true,"campfire_upgraded":2,"timestamp":1522995292,"path_taken":["M","?","$","?","M","R","E","R","T","R","M","?","E","?","R","BOSS","M","?","?","$","?","R","?","?","T","M"],"build_version":"2018-04-05","purchased_purges":2,"victory":false,"master_deck":["Defend_G","Defend_G","Defend_G","Defend_G","Defend_G","Strike_G","Strike_G","Survivor","Neutralize+1","PiercingWail","Caltrops","Cloak And Dagger+1","Well Laid Plans","Skewer+1","Flying Knee","Noxious Fumes","Glass Knife","Eviscerate","Tools of the Trade","Acrobatics","Bouncing Flask","Concentrate","Expertise+1","Backstab"],"max_hp_per_floor":[70,70,70,70,70,70,70,70,70,70,70,70,70,70,70,70,70,70,70,70,70,70,70,70,70,70,70],"relics":["Ring of the Snake","Blue Candle","Prayer Wheel","Lantern","Ectoplasm","Vajra","Shovel"],"card_choices":[{"not_picked":["Corpse Explosion","Quick Slash"],"picked":"PiercingWail","floor":1},{"not_picked":["Deflect","Dodge and Roll"],"picked":"Cloak And Dagger","floor":4},{"not_picked":["Finisher","Backflip"],"picked":"Well Laid Plans","floor":5},{"not_picked":["Tools of the Trade","Slice"],"picked":"Skewer","floor":7},{"not_picked":["Deflect","Sucker Punch"],"picked":"Flying Knee","floor":11},{"not_picked":["Backstab","Eviscerate"],"picked":"Glass Knife","floor":13},{"not_picked":["Night Terror","Storm of Steel"],"picked":"Tools of the Trade","floor":16},{"not_picked":["Dodge and Roll","Outmaneuver"],"picked":"Acrobatics","floor":18},{"not_picked":["Skewer","Sucker Punch"],"picked":"Bouncing Flask","floor":19},{"not_picked":["Flying Knee","Unload"],"picked":"Expertise","floor":25},{"not_picked":["Dodge and Roll","Escape Plan"],"picked":"Backstab","floor":26}],"player_experience":318018,"potions_floor_usage":[],"damage_taken":[{"damage":0,"enemies":"Jaw Worm","floor":1,"turns":5},{"damage":3,"enemies":"2 Louse","floor":4,"turns":3},{"damage":0,"enemies":"Cultist","floor":5,"turns":4},{"damage":48,"enemies":"Lagavulin","floor":7,"turns":9},{"damage":4,"enemies":"Red Slaver","floor":11,"turns":3},{"damage":11,"enemies":"3 Sentries","floor":13,"turns":6},{"damage":20,"enemies":"The Guardian","floor":16,"turns":10},{"damage":20,"enemies":"Chosen","floor":18,"turns":5},{"damage":20,"enemies":"3 Byrds","floor":19,"turns":5},{"damage":30,"enemies":"Slaver and Parasite","floor":25,"turns":6},{"damage":21,"enemies":"Snake Plant","floor":27,"turns":2}],"event_choices":[{"event_name":"Liars Game","player_choice":"agreed","floor":2,"damage_taken":0},{"event_name":"Match and Keep!","player_choice":"1 cards matched","floor":14,"damage_taken":0},{"event_name":"Addict","player_choice":"Obtained Relic","floor":20,"damage_taken":0},{"event_name":"Transmorgrifier","player_choice":"Transform","floor":22,"damage_taken":0},{"event_name":"Beggar","player_choice":"Gave Gold","floor":24,"damage_taken":0}],"boss_relics":[{"not_picked":["Tiny House","Calling Bell"],"picked":"Ectoplasm"}],"potions_floor_spawned":[1,5,16,19,25],"seed_played":"-1104367665796221310","killed_by":"Snake Plant","ascension_level":3,"is_trial":false}