{"gold_per_floor":[111,123,123,48,13,13,38,38,38,38,38,38,55,68,68,145,145,159,159,179,198,198,198],"floor_reached":23,"playtime":3595,"items_purged":["Defend_P"],"score":378,"play_id":"cf0e7c9e-8d8b-4fda-85f5-64e4cf3cb87c","local_time":"20190913183251","is_ascension_mode":true,"campfire_choices":[{"data":"Conclude","floor":6.0,"key":"SMITH"},{"data":"Eruption","floor":8.0,"key":"SMITH"},{"data":"DeceiveReality","floor":15.0,"key":"SMITH"}],"neow_cost":"NONE","seed_source_timestamp":222172634523314,"circlet_count":0,"master_deck":["AscendersBane","Strike_P+1","Strike_P","Strike_P","Defend_P+1","Defend_P","Eruption+1","Vigilance","EmptyFist","Conclude+1","ThirdEye","SpiritShield","ClearTheMind","DeceiveReality+1","EmptyBody","BattleHymn","Meditate","EmptyMind","CutThroughFate","MentalFortress","ThirdEye+1","FlowState","InnerPeace"],"special_seed":0,"relics":["PureWater","Anchor","Pear","Prayer Wheel","Cursed Key"],"potions_floor_usage":[],"damage_taken":[{"damage":0.0,"enemies":"Cultist","floor":1.0,"turns":2.0},{"damage":2.0,"enemies":"Jaw Worm","floor":2.0,"turns":4.0},{"damage":9.0,"enemies":"3 Sentries","floor":7.0,"turns":4.0},{"damage":0.0,"enemies":"2 Louse","floor":13.0,"turns":2.0},{"damage":0.0,"enemies":"Blue Slaver","floor":14.0,"turns":2.0},{"damage":13.0,"enemies":"The Guardian","floor":16.0,"turns":13.0},{"damage":1.0,"enemies":"Shell Parasite","floor":18.0,"turns":7.0},{"damage":0.0,"enemies":"2 Thieves","floor":20.0,"turns":4.0},{"damage":18.0,"enemies":"Cultist and Chosen","floor":21.0,"turns":7.0},{"damage":25,"enemies":"Gremlin Leader","floor":23,"turns":7}],"seed_played":"6652421788980397599","potions_obtained":[{"floor":14.0,"key":"Dexterity Potion"},{"floor":16.0,"key":"AttackPotion"},{"floor":18.0,"key":"PowerPotion"}],"is_trial":false,"path_per_floor":["M","M","?","$","?","R","E","R","T","$","?","$","M","M","R","B",null,"M","?","M","M","?","E"],"character_chosen":"WATCHER","items_purchased":[],"campfire_rested":0,"item_purchase_floors":[],"current_hp_per_floor":[55,53,35,35,50,50,41,41,51,51,40,40,40,40,40,27,60,59,59,59,41,21,0],"gold":198,"neow_bonus":"REMOVE_CARD","is_prod":false,"is_daily":false,"chose_seed":false,"campfire_upgraded":3,"win_rate":0,"timestamp":1568424771,"path_taken":["M","?","?","$","?","R","E","R","T","$","?","?","M","M","R","BOSS","M","?","M","?","?","E"],"build_version":"2019-09-12","purchased_purges":1,"victory":false,"max_hp_per_floor":[61,61,61,61,61,61,61,61,71,71,71,71,71,71,71,71,71,71,71,71,71,76,76],"card_choices":[{"not_picked":["Crescendo","CrushJoints"],"picked":"EmptyFist","floor":1.0},{"not_picked":["CutThroughFate","WindmillStrike"],"picked":"Conclude","floor":2.0},{"not_picked":["Halt","FlyingSleeves"],"picked":"ThirdEye","floor":7.0},{"not_picked":["Halt","FollowUp"],"picked":"SpiritShield","floor":13.0},{"not_picked":["JustLucky","BowlingBash"],"picked":"ClearTheMind","floor":13.0},{"not_picked":["SandsOfTime","CrushJoints"],"picked":"DeceiveReality","floor":14.0},{"not_picked":["Evaluate","SpiritShield"],"picked":"EmptyBody","floor":14.0},{"not_picked":["DevaForm","MasterReality"],"picked":"BattleHymn","floor":16.0},{"not_picked":["Evaluate","Wireheading"],"picked":"Meditate","floor":18.0},{"not_picked":["Sanctity","Halt"],"picked":"EmptyMind","floor":18.0},{"not_picked":["Sanctity","FlyingSleeves"],"picked":"MentalFortress","floor":20.0},{"not_picked":["CutThroughFate","ForeignInfluence"],"picked":"ThirdEye+1","floor":20.0},{"not_picked":["EmptyBody","Evaluate"],"picked":"FlowState","floor":21.0},{"not_picked":["ClearTheMind","StepAndStrike"],"picked":"InnerPeace","floor":21.0}],"player_experience":1042923,"relics_obtained":[{"floor":7.0,"key":"Anchor"},{"floor":9.0,"key":"Pear"}],"event_choices":[{"damage_healed":0.0,"max_hp_gain":0.0,"max_hp_loss":0.0,"gold_gain":0.0,"event_name":"Shining Light","player_choice":"Entered Light","floor":3.0,"gold_loss":0.0,"damage_taken":18.0,"cards_upgraded":["Defend_P","Strike_P"]},{"damage_healed":15.0,"max_hp_gain":0.0,"max_hp_loss":0.0,"gold_gain":0.0,"event_name":"The Cleric","player_choice":"Healed","floor":5.0,"gold_loss":35.0,"damage_taken":0.0},{"damage_healed":0.0,"max_hp_gain":0.0,"max_hp_loss":0.0,"gold_gain":0.0,"event_name":"Scrap Ooze","player_choice":"Success","floor":11.0,"gold_loss":0.0,"damage_taken":11.0,"relics_obtained":["Prayer Wheel"]},{"damage_healed":0.0,"max_hp_gain":0.0,"max_hp_loss":0.0,"gold_gain":0.0,"cards_transformed":["Strike_P"],"event_name":"Transmorgrifier","player_choice":"Transformed","floor":19.0,"gold_loss":0.0,"damage_taken":0.0,"cards_obtained":["CutThroughFate"]},{"damage_healed":0.0,"max_hp_gain":5.0,"max_hp_loss":0.0,"gold_gain":0.0,"event_name":"Forgotten Altar","player_choice":"Shed Blood","floor":22.0,"gold_loss":0.0,"damage_taken":25.0}],"is_beta":true,"boss_relics":[{"not_picked":["Astrolabe","Velvet Choker"],"picked":"Cursed Key"}],"items_purged_floors":[4],"is_endless":false,"potions_floor_spawned":[14,16,18],"killed_by":"Gremlin Leader","ascension_level":20}