{"gold_per_floor":[111,121,196,209,134,134,134,159,159,218,218],"floor_reached":11,"playtime":1165,"items_purged":["Strike_B"],"score":85,"play_id":"87d9a50c-c9e2-47f4-aeee-4685dbc2ccae","local_time":"20190915225943","is_ascension_mode":true,"campfire_choices":[{"data":"Consume","floor":6,"key":"SMITH"}],"neow_cost":"NONE","seed_source_timestamp":206187931356900,"circlet_count":0,"master_deck":["Strike_B","Strike_B","Strike_B","Defend_B","Defend_B","Defend_B","Defend_B","Zap","Dualcast","Consume+1","Self Repair","Scrape","Coolheaded"],"relics":["Cracked Core","NeowsBlessing","Molten Egg 2","Matryoshka","Tiny Chest"],"potions_floor_usage":[10],"damage_taken":[{"damage":0,"enemies":"Small Slimes","floor":1,"turns":1},{"damage":0,"enemies":"2 Louse","floor":2,"turns":1},{"damage":0,"enemies":"Cultist","floor":4,"turns":1},{"damage":41,"enemies":"3 Sentries","floor":8,"turns":9},{"damage":16,"enemies":"Lagavulin","floor":10,"turns":17},{"damage":23,"enemies":"Lots of Slimes","floor":11,"turns":2}],"seed_played":"4948994903345656493","potions_obtained":[{"floor":4,"key":"Swift Potion"}],"is_trial":false,"path_per_floor":["M","M","?","M","$","R","?","E","T","E","M"],"character_chosen":"DEFECT","items_purchased":[],"campfire_rested":0,"item_purchase_floors":[],"current_hp_per_floor":[75,75,64,64,64,64,64,30,30,21,0],"gold":218,"neow_bonus":"THREE_ENEMY_KILL","is_prod":false,"is_daily":false,"chose_seed":false,"campfire_upgraded":1,"win_rate":0,"timestamp":1568581183,"path_taken":["M","M","?","M","$","R","?","E","T","E","M"],"build_version":"2019-07-17","purchased_purges":1,"victory":false,"max_hp_per_floor":[75,75,75,75,75,75,75,75,75,75,75],"card_choices":[{"not_picked":["Leap","Reinforced Body"],"picked":"Consume","floor":1},{"not_picked":["Ball Lightning","Hello World"],"picked":"Self Repair","floor":2},{"not_picked":["Steam Power","White Noise"],"picked":"Scrape","floor":4},{"not_picked":["Ball Lightning","Rainbow"],"picked":"Coolheaded","floor":8},{"not_picked":["Sweeping Beam+1","Ball Lightning+1","Rebound+1"],"picked":"SKIP","floor":10}],"player_experience":127689,"relics_obtained":[{"floor":8,"key":"Molten Egg 2"},{"floor":9,"key":"Matryoshka"},{"floor":10,"key":"Tiny Chest"}],"event_choices":[{"damage_healed":0,"gold_gain":75,"player_choice":"Gather Gold","damage_taken":11,"max_hp_gain":0,"max_hp_loss":0,"event_name":"World of Goop","floor":3,"gold_loss":0},{"damage_healed":0,"gold_gain":0,"player_choice":"Ignored","damage_taken":0,"max_hp_gain":0,"max_hp_loss":0,"event_name":"Liars Game","floor":7,"gold_loss":0}],"is_beta":false,"boss_relics":[],"items_purged_floors":[5],"is_endless":false,"potions_floor_spawned":[4],"killed_by":"Lots of Slimes","ascension_level":1}