{"path_per_floor":["M","?","M","M","M","R","E","R","T","?","E","M","M","$","R","B",null,"M","M","?","$","M","R"],"character_chosen":"IRONCLAD","items_purchased":["Blue Candle","Dramatic Entrance"],"gold_per_floor":[112,112,131,155,173,173,204,204,252,252,290,311,324,11,11,136,136,155,178,228,121,136,136,136],"floor_reached":24,"campfire_rested":0,"playtime":976,"current_hp_per_floor":[78,58,56,56,50,50,28,28,28,28,24,48,51,51,51,27,68,54,55,55,55,35,35,0],"items_purged":["Defend_R"],"gold":136,"score":281,"play_id":"8c21ba22-199b-4ffd-8278-6dd2dfa7f177","local_time":"20180419235813","is_prod":false,"is_daily":false,"chose_seed":false,"is_ascension_mode":true,"campfire_upgraded":4,"timestamp":1524196693,"path_taken":["M","?","M","?","M","R","E","R","T","?","E","M","M","?","R","BOSS","M","M","?","$","?","R","E"],"build_version":"2018-04-19","seed_source_timestamp":1641886101528337,"purchased_purges":1,"victory":false,"master_deck":["Strike_R","Strike_R","Strike_R","Strike_R","Strike_R","Defend_R","Defend_R","Defend_R","Bash+1","Twin Strike","Uppercut+1","Shrug It Off","True Grit+1","Feel No Pain+1","Carnage","Dark Embrace","Doubt","Injury","Decay","Twin Strike+1","Dramatic Entrance","Havoc"],"max_hp_per_floor":[80,80,80,80,80,80,80,80,80,80,80,82,82,82,82,82,82,84,84,84,84,84,84,84],"relics":["Burning Blood","Golden Idol","Meat on the Bone","Singing Bowl","Anchor","Blue Candle","Calling Bell","Dream Catcher","Toolbox","Sundial"],"card_choices":[{"not_picked":["Iron Wave","Fire Breathing"],"picked":"Twin Strike","floor":3},{"not_picked":["Searing Blow","Rupture"],"picked":"Uppercut","floor":4},{"not_picked":["Dual Wield","Flex"],"picked":"Shrug It Off","floor":5},{"not_picked":["Disarm","Thunderclap"],"picked":"True Grit","floor":7},{"not_picked":["Disarm","Whirlwind"],"picked":"Feel No Pain","floor":11},{"not_picked":["Blood for Blood","Evolve"],"picked":"Carnage","floor":13},{"not_picked":["Double Tap","Brutality"],"picked":"Dark Embrace","floor":16},{"not_picked":["Berserk","Heavy Blade"],"picked":"Twin Strike","floor":19},{"not_picked":["Evolve","Armaments"],"picked":"Havoc","floor":22}],"player_experience":379703,"potions_floor_usage":[12,16],"damage_taken":[{"damage":0,"enemies":"Small Slimes","floor":1,"turns":3},{"damage":8,"enemies":"2 Louse","floor":3,"turns":4},{"damage":6,"enemies":"Cultist","floor":4,"turns":3},{"damage":12,"enemies":"3 Louse","floor":5,"turns":3},{"damage":28,"enemies":"Lagavulin","floor":7,"turns":6},{"damage":22,"enemies":"3 Sentries","floor":11,"turns":8},{"damage":11,"enemies":"Large Slime","floor":12,"turns":7},{"damage":15,"enemies":"Exordium Thugs","floor":13,"turns":6},{"damage":42,"enemies":"Slime Boss","floor":16,"turns":13},{"damage":22,"enemies":"Chosen","floor":18,"turns":9},{"damage":17,"enemies":"Spheric Guardian","floor":19,"turns":6},{"damage":38,"enemies":"Snake Plant","floor":22,"turns":7},{"damage":37,"enemies":"Slavers","floor":24,"turns":5}],"event_choices":[{"event_name":"Golden Idol","player_choice":"Take Damage","floor":2,"damage_taken":0},{"event_name":"Scrap Ooze","player_choice":"unsuccessful","floor":10,"damage_taken":0},{"event_name":"The Joust","player_choice":"Bet on Murderer","floor":20,"damage_taken":0}],"boss_relics":[{"not_picked":["Philosopher\u0027s Stone","Runic Dome"],"picked":"Calling Bell"}],"potions_floor_spawned":[4,5,7,11,18,19],"seed_played":"-2899908952283517385","killed_by":"Slavers","ascension_level":7,"is_trial":false}