{"gold_per_floor":[144,144,189,234,279,369,414,459,509,554,554,644,689,734,734,1034,1034,1034,1079,1079],"floor_reached":20,"playtime":2348,"items_purged":[],"score":217,"play_id":"f101ea00-7c58-4514-b708-f212f7e124aa","local_time":"20180704024109","daily_mods":["Allstar","Midas","Binary"],"is_ascension_mode":false,"campfire_choices":[{"floor":11,"key":"REST"},{"floor":15,"key":"REST"}],"neow_cost":"","seed_source_timestamp":761175546588549,"circlet_count":0,"master_deck":["Defend_G","Defend_G","Defend_G","Defend_G","Defend_G","Strike_G","Strike_G","Strike_G","Strike_G","Strike_G","Survivor+1","Neutralize","Swift Strike","Bandage Up","Jack Of All Trades","Flash of Steel+1","Enlightenment","Slice","Dagger Throw","Deflect","Cloak And Dagger","Dodge and Roll","Night Terror","Acrobatics","Expertise","Backstab","Tactician","Outmaneuver","Riddle With Holes+1"],"special_seed":17716,"relics":["Ring of the Snake","Bag of Marbles","Oddly Smooth Stone","Unceasing Top","Runic Pyramid"],"potions_floor_usage":[16],"damage_taken":[{"damage":6,"enemies":"Jaw Worm","floor":1,"turns":4},{"damage":0,"enemies":"2 Louse","floor":3,"turns":2},{"damage":0,"enemies":"Cultist","floor":4,"turns":3},{"damage":2,"enemies":"2 Fungi Beasts","floor":5,"turns":3},{"damage":15,"enemies":"Gremlin Nob","floor":6,"turns":4},{"damage":0,"enemies":"Looter","floor":7,"turns":3},{"damage":0,"enemies":"3 Louse","floor":8,"turns":4},{"damage":0,"enemies":"Red Slaver","floor":10,"turns":4},{"damage":7,"enemies":"3 Sentries","floor":12,"turns":8},{"damage":1,"enemies":"Exordium Wildlife","floor":13,"turns":2},{"damage":0,"enemies":"Looter","floor":14,"turns":3},{"damage":60,"enemies":"Hexaghost","floor":16,"turns":16},{"damage":13,"enemies":"2 Thieves","floor":18,"turns":5},{"damage":34,"enemies":"Chosen","floor":19,"turns":9},{"damage":36,"enemies":"Sentry and Sphere","floor":20,"turns":9}],"seed_played":"-71874081359169380","potions_obtained":[{"floor":3,"key":"FearPotion"},{"floor":5,"key":"LiquidBronze"},{"floor":6,"key":"AttackPotion"},{"floor":8,"key":"Swift Potion"},{"floor":12,"key":"GhostInAJar"}],"is_trial":false,"path_per_floor":["M","?","M","M","M","E","M","M","T","M","R","E","M","M","R","B",null,"M","M"],"character_chosen":"THE_SILENT","items_purchased":[],"campfire_rested":2,"item_purchase_floors":[],"current_hp_per_floor":[68,54,54,54,56,45,45,49,49,53,70,64,67,70,70,14,70,61,31,0],"gold":1079,"neow_bonus":"","is_prod":false,"is_daily":true,"chose_seed":false,"campfire_upgraded":0,"win_rate":0.0,"timestamp":1530664869,"path_taken":["M","?","M","M","M","E","M","M","T","M","R","E","M","?","R","BOSS","M","M","M"],"build_version":"2018-06-28","purchased_purges":0,"victory":false,"max_hp_per_floor":[70,70,70,70,70,70,70,70,70,70,70,70,70,70,70,70,70,70,70,70],"card_choices":[{"not_picked":["Prepared"],"picked":"Slice","floor":1},{"not_picked":["Endless Agony"],"picked":"Dagger Throw","floor":3},{"not_picked":["Caltrops"],"picked":"Deflect","floor":4},{"not_picked":["Acrobatics"],"picked":"Cloak And Dagger","floor":5},{"not_picked":["Deadly Poison"],"picked":"Dodge and Roll","floor":6},{"not_picked":["Dash"],"picked":"Night Terror","floor":7},{"not_picked":["Flechettes","Heel Hook"],"picked":"SKIP","floor":8},{"not_picked":["Caltrops"],"picked":"Acrobatics","floor":10},{"not_picked":["Deflect"],"picked":"Expertise","floor":12},{"not_picked":["Slice"],"picked":"Backstab","floor":13},{"not_picked":["Deflect","Leg Sweep"],"picked":"SKIP","floor":14},{"not_picked":["Doppelganger"],"picked":"Tactician","floor":16},{"not_picked":["Slice"],"picked":"Outmaneuver","floor":18},{"not_picked":["Outmaneuver"],"picked":"Riddle With Holes+1","floor":19}],"player_experience":26758,"relics_obtained":[{"floor":6,"key":"Bag of Marbles"},{"floor":9,"key":"Oddly Smooth Stone"},{"floor":12,"key":"Unceasing Top"}],"event_choices":[{"event_name":"Shining Light","player_choice":"Entered Light","floor":2,"damage_taken":0}],"boss_relics":[{"not_picked":["Runic Dome","White Beast Statue"],"picked":"Runic Pyramid"}],"items_purged_floors":[],"is_endless":false,"potions_floor_spawned":[3,5,6,8,12,14],"killed_by":"Sentry and Sphere","ascension_level":0}