{"path_per_floor":["M","M","M","?","?","R","M","?","T","M","E","?","R","$","R","B",null,"M","$","?","M","M","R","?","R","T","R","E","?","$","M","R","B",null,"M","$","M","?","M","E","R","M","T","M","R","M","M","?","R"],"character_chosen":"IRONCLAD","items_purchased":["Thread and Needle"],"gold_per_floor":[110,127,141,141,141,141,151,151,451,471,500,452,452,66,66,168,168,178,178,178,198,218,218,218,218,243,243,272,187,87,97,97,199,199,215,90,110,110,125,157,157,173,197,216,216,226,246,246,246,246],"floor_reached":50,"campfire_rested":3,"playtime":1372,"current_hp_per_floor":[76,80,80,73,70,70,76,76,76,80,49,49,49,49,73,9,80,67,67,67,63,49,49,33,33,33,33,24,24,24,36,60,19,80,80,80,80,70,64,35,35,37,37,66,66,55,32,32,56,0],"items_purged":["Strike_R","Regret","Strike_R"],"gold":246,"score":492,"play_id":"e6539918-80b0-4bc4-b576-61cb5050b1ab","local_time":"20180326001830","is_prod":false,"is_daily":false,"is_ascension_mode":false,"campfire_upgraded":7,"timestamp":1522037910,"path_taken":["M","M","M","?","?","R","M","?","T","M","E","?","R","$","R","BOSS","M","$","?","M","M","R","?","R","T","R","E","?","$","M","R","BOSS","M","$","M","?","M","E","R","M","T","?","R","M","M","?","R","BOSS"],"build_version":"2018-03-22v2","purchased_purges":3,"victory":false,"master_deck":["Strike_R","Strike_R","Strike_R","Defend_R","Defend_R","Defend_R","Bash","Seeing Red+1","Battle Trance","Twin Strike","Flex+1","Reaper","Flame Barrier","Searing Blow+5","Blood for Blood+1","Thunderclap+1","Double Tap","Pommel Strike+1","Madness","Madness","Barricade"],"max_hp_per_floor":[80,80,80,80,80,80,80,80,80,80,80,80,80,80,80,80,80,80,80,80,80,80,80,80,80,80,80,80,80,80,80,80,80,80,80,80,80,80,80,80,80,80,80,80,80,80,80,80,80,80],"relics":["Burning Blood","Bag of Marbles","Paper Frog","Old Coin","Peace Pipe","Thread and Needle","Velvet Choker","Nilry\u0027s Codex","Vajra","Omamori","Prayer Wheel","Runic Cube","Happy Flower","Oddly Smooth Stone"],"card_choices":[{"not_picked":["Cleave","Shockwave"],"picked":"Seeing Red","floor":1},{"not_picked":["Rupture","Fire Breathing"],"picked":"Battle Trance","floor":2},{"not_picked":["Berserk","Combust"],"picked":"Twin Strike","floor":3},{"not_picked":["Sword Boomerang","Dropkick"],"picked":"Flex","floor":11},{"not_picked":["Feed","Juggernaut"],"picked":"Reaper","floor":16},{"not_picked":["Shockwave","Anger"],"picked":"Flame Barrier","floor":18},{"not_picked":["Shrug It Off","True Grit"],"picked":"Blood for Blood","floor":22},{"not_picked":["Heavy Blade","Armaments"],"picked":"Thunderclap","floor":28},{"not_picked":["Feed","Offering"],"picked":"Double Tap","floor":33},{"not_picked":["Iron Wave","Twin Strike"],"picked":"Pommel Strike","floor":35},{"not_picked":["Evolve","Sword Boomerang"],"picked":"Barricade","floor":39}],"player_experience":270632,"potions_floor_usage":[16,16,28,50,50,50],"damage_taken":[{"damage":10,"enemies":"Small Slimes","floor":1,"turns":3},{"damage":0,"enemies":"2 Louse","floor":2,"turns":2},{"damage":1,"enemies":"Jaw Worm","floor":3,"turns":3},{"damage":0,"enemies":"Looter","floor":7,"turns":1},{"damage":0,"enemies":"2 Fungi Beasts","floor":10,"turns":2},{"damage":37,"enemies":"3 Sentries","floor":11,"turns":7},{"damage":70,"enemies":"Hexaghost","floor":16,"turns":8},{"damage":24,"enemies":"Chosen","floor":18,"turns":6},{"damage":10,"enemies":"Shell Parasite","floor":21,"turns":5},{"damage":27,"enemies":"Snake Plant","floor":22,"turns":5},{"damage":30,"enemies":"Gremlin Leader","floor":28,"turns":5},{"damage":7,"enemies":"Centurion and Healer","floor":31,"turns":2},{"damage":82,"enemies":"Collector","floor":33,"turns":8},{"damage":4,"enemies":"3 Shapes","floor":35,"turns":2},{"damage":0,"enemies":"3 Darklings","floor":37,"turns":2},{"damage":12,"enemies":"Sphere and 2 Shapes","floor":39,"turns":5},{"damage":43,"enemies":"2 Orb Walkers","floor":40,"turns":4},{"damage":4,"enemies":"Maw","floor":42,"turns":6},{"damage":20,"enemies":"3 Darklings","floor":44,"turns":3},{"damage":17,"enemies":"4 Shapes","floor":46,"turns":3},{"damage":29,"enemies":"Maw","floor":47,"turns":8},{"damage":103,"enemies":"Donu and Deca","floor":50,"turns":5}],"event_choices":[{"event_name":"Golden Wing","player_choice":"Card Removal","floor":4,"damage_taken":0},{"event_name":"Scrap Ooze","player_choice":"success","floor":5,"damage_taken":3},{"event_name":"Big Fish","player_choice":"Box","floor":8,"damage_taken":0},{"event_name":"World of Goop","player_choice":"Left","floor":12,"damage_taken":0},{"event_name":"The Library","player_choice":"Read","floor":20,"damage_taken":0},{"event_name":"Cursed Tome","player_choice":"Obtained Book","floor":24,"damage_taken":0},{"event_name":"Addict","player_choice":"Obtained Relic","floor":29,"damage_taken":0},{"event_name":"Winding Halls","player_choice":"Embrace Madness","floor":38,"damage_taken":0},{"event_name":"The Woman in Blue","player_choice":"Bought 0 Potions","floor":48,"damage_taken":0}],"boss_relics":[{"not_picked":["Black Star","Philosopher\u0027s Stone"],"picked":"Velvet Choker"},{"not_picked":["Black Blood","Calling Bell"],"picked":"Runic Cube"}],"potions_floor_spawned":[3,7,16,18,28,35,44,46,47],"seed_played":"-3988137508473473985","killed_by":"Donu and Deca","ascension_level":0,"is_trial":false}