{"gold_per_floor":[116,116,127,277,277,277,11,11,11,11,28,58,87,102,102,102],"floor_reached":16,"playtime":410,"items_purged":["Doubt"],"score":191,"play_id":"7e62445e-6d8f-4012-9e61-6ad0d2bbefbe","local_time":"20190917173250","is_ascension_mode":true,"campfire_choices":[{"floor":6.0,"key":"REST"},{"data":"Neutralize","floor":8.0,"key":"SMITH"},{"data":"Footwork","floor":10.0,"key":"SMITH"},{"floor":15.0,"key":"REST"}],"neow_cost":"NONE","seed_source_timestamp":271709695835000,"circlet_count":0,"master_deck":["AscendersBane","Strike_G","Strike_G","Strike_G","Strike_G","Strike_G","Defend_G","Defend_G","Defend_G","Defend_G","Defend_G","Survivor","Neutralize+1","Quick Slash","Sucker Punch","Trip","Footwork+1","Bullet Time","Skewer","Blade Dance"],"special_seed":0,"relics":["Ring of the Snake","NeowsBlessing","Ornamental Fan","Kunai","Blue Candle"],"potions_floor_usage":[16],"damage_taken":[{"damage":0.0,"enemies":"Cultist","floor":1.0,"turns":1.0},{"damage":0.0,"enemies":"2 Louse","floor":3.0,"turns":1.0},{"damage":0.0,"enemies":"Small Slimes","floor":11.0,"turns":1.0},{"damage":42.0,"enemies":"3 Sentries","floor":13.0,"turns":13.0},{"damage":0.0,"enemies":"Exordium Wildlife","floor":14.0,"turns":3.0},{"damage":38,"enemies":"Slime Boss","floor":16,"turns":6}],"seed_played":"-5451725419734798202","potions_obtained":[{"floor":14.0,"key":"Fire Potion"}],"is_trial":false,"path_per_floor":["M","?","M","?","?","R","$","R","T","R","M","?","E","M","R","B"],"character_chosen":"THE_SILENT","items_purchased":["Trip","Footwork"],"campfire_rested":2,"item_purchase_floors":[7,7],"current_hp_per_floor":[59,64,64,64,38,59,59,59,59,59,59,59,17,17,38,0],"gold":102,"neow_bonus":"THREE_ENEMY_KILL","is_prod":false,"is_daily":false,"chose_seed":false,"campfire_upgraded":2,"win_rate":0,"timestamp":1568759570,"path_taken":["M","?","M","?","?","R","$","R","T","R","?","?","E","M","R","BOSS"],"build_version":"2019-09-17","purchased_purges":1,"victory":false,"max_hp_per_floor":[66,71,71,71,71,71,71,71,71,71,71,71,71,71,71,71],"card_choices":[{"not_picked":["Flying Knee","Expertise"],"picked":"Quick Slash","floor":1.0},{"not_picked":["Flying Knee","Underhanded Strike"],"picked":"Sucker Punch","floor":3.0},{"not_picked":["Tactician","Skewer"],"picked":"Bullet Time","floor":11.0},{"not_picked":["Quick Slash","Tactician"],"picked":"Skewer","floor":13.0},{"not_picked":["Skewer","Underhanded Strike"],"picked":"Blade Dance","floor":14.0}],"player_experience":1366320,"relics_obtained":[{"floor":9.0,"key":"Kunai"},{"floor":13.0,"key":"Blue Candle"}],"event_choices":[{"damage_healed":0.0,"max_hp_gain":5.0,"max_hp_loss":0.0,"gold_gain":0.0,"event_name":"Big Fish","player_choice":"Donut","floor":2.0,"gold_loss":0.0,"damage_taken":0.0},{"damage_healed":0.0,"max_hp_gain":0.0,"max_hp_loss":0.0,"gold_gain":150.0,"event_name":"Liars Game","player_choice":"AGREE","floor":4.0,"gold_loss":0.0,"damage_taken":0.0,"cards_obtained":["Doubt"]},{"damage_healed":0.0,"max_hp_gain":0.0,"max_hp_loss":0.0,"gold_gain":0.0,"event_name":"Scrap Ooze","player_choice":"Success","floor":5.0,"gold_loss":0.0,"damage_taken":26.0,"relics_obtained":["Ornamental Fan"]},{"damage_healed":0.0,"max_hp_gain":0.0,"max_hp_loss":0.0,"gold_gain":30.0,"event_name":"Dead Adventurer","player_choice":"Searched \u00272\u0027 times","floor":12.0,"gold_loss":0.0,"damage_taken":0.0}],"is_beta":true,"boss_relics":[],"items_purged_floors":[7],"is_endless":false,"potions_floor_spawned":[14],"killed_by":"Slime Boss","ascension_level":19}