{"gold_per_floor":[115,130,205,224,240,240,240,240,240,257,257,291,307,307,307,432,495,518,542,542,542,582,582,582],"floor_reached":24,"playtime":675,"items_purged":[],"score":225,"play_id":"0a6b764b-56c2-4c9e-b992-6bcce1da3237","local_time":"20181223203709","is_ascension_mode":true,"campfire_choices":[{"data":"Zap","floor":6,"key":"SMITH"},{"data":"Sunder","floor":8,"key":"SMITH"},{"data":"Redo","floor":11,"key":"SMITH"},{"data":"Hologram","floor":15,"key":"SMITH"},{"floor":23,"key":"REST"}],"neow_cost":"NONE","seed_source_timestamp":269230829080929,"circlet_count":0,"master_deck":["Strike_B","Strike_B","Strike_B","Strike_B+1","Defend_B","Defend_B","Defend_B","Defend_B","Zap+1","Dualcast+1","Steam Power","Ball Lightning","Conserve Battery","Sunder+1","Redo+1","Hologram+1","Electrodynamics","Conserve Battery"],"relics":["Cracked Core","Boot","Bottled Flame","Golden Idol","Tiny House","Nilry\u0027s Codex","Red Mask"],"potions_floor_usage":[16,19,24,24],"damage_taken":[{"damage":0,"enemies":"Small Slimes","floor":1,"turns":2},{"damage":1,"enemies":"Cultist","floor":2,"turns":3},{"damage":7,"enemies":"Jaw Worm","floor":4,"turns":2},{"damage":6,"enemies":"Looter","floor":5,"turns":2},{"damage":1,"enemies":"3 Louse","floor":10,"turns":2},{"damage":5,"enemies":"Gremlin Nob","floor":12,"turns":3},{"damage":7,"enemies":"Large Slime","floor":13,"turns":3},{"damage":10,"enemies":"The Guardian","floor":16,"turns":7},{"damage":9,"enemies":"Shell Parasite","floor":18,"turns":5},{"damage":28,"enemies":"2 Thieves","floor":19,"turns":4},{"damage":0,"enemies":"Masked Bandits","floor":22,"turns":2},{"damage":56,"enemies":"Book of Stabbing","floor":24,"turns":4}],"seed_played":"-3006874840509482480","potions_obtained":[{"floor":2,"key":"FearPotion"},{"floor":4,"key":"Regen Potion"},{"floor":16,"key":"FocusPotion"},{"floor":17,"key":"SpeedPotion"},{"floor":18,"key":"PowerPotion"}],"is_trial":false,"path_per_floor":["M","M","?","M","M","R","?","R","T","M","R","E","M","?","R","B",null,"M","M","?","?","?","R","E"],"character_chosen":"DEFECT","items_purchased":[],"campfire_rested":1,"item_purchase_floors":[],"current_hp_per_floor":[75,74,67,60,54,54,75,75,75,74,74,69,62,62,62,52,74,65,46,46,30,30,52,0],"gold":582,"neow_bonus":"UPGRADE_CARD","is_prod":false,"is_daily":false,"chose_seed":false,"campfire_upgraded":4,"win_rate":0,"timestamp":1545593829,"path_taken":["M","M","?","M","?","R","?","R","T","M","R","E","M","?","R","BOSS","M","M","?","?","?","R","E"],"build_version":"2018-12-20","purchased_purges":0,"victory":false,"max_hp_per_floor":[75,75,75,75,75,75,75,75,75,75,75,75,75,69,69,69,74,74,74,74,74,74,74,74],"card_choices":[{"not_picked":["Stack","Lockon"],"picked":"Steam Power","floor":1},{"not_picked":["Barrage","Compile Driver"],"picked":"Ball Lightning","floor":2},{"not_picked":["Static Discharge","Rebound"],"picked":"Conserve Battery","floor":4},{"not_picked":["Compile Driver","Streamline"],"picked":"Sunder","floor":5},{"not_picked":["Stack","Chaos"],"picked":"Redo","floor":10},{"not_picked":["Rebound","Hello World"],"picked":"Hologram","floor":12},{"not_picked":["Coolheaded","Static Discharge","Force Field"],"picked":"SKIP","floor":13},{"not_picked":["Reboot","Rainbow"],"picked":"Electrodynamics","floor":16},{"not_picked":["Stack","Hologram"],"picked":"Conserve Battery","floor":17},{"not_picked":["Skim","Force Field","Reinforced Body"],"picked":"SKIP","floor":18},{"not_picked":["Skim","Force Field","Reinforced Body"],"picked":"SKIP","floor":18},{"not_picked":["Coolheaded","Sunder","Barrage+1"],"picked":"SKIP","floor":19}],"player_experience":328556,"relics_obtained":[{"floor":9,"key":"Boot"},{"floor":12,"key":"Bottled Flame"},{"floor":21,"key":"Nilry\u0027s Codex"},{"floor":22,"key":"Red Mask"}],"event_choices":[{"damage_healed":0,"gold_gain":75,"player_choice":"Touch","damage_taken":7,"max_hp_gain":0,"max_hp_loss":0,"event_name":"FaceTrader","floor":3,"gold_loss":0},{"damage_healed":25,"gold_gain":0,"player_choice":"Banana","damage_taken":0,"max_hp_gain":0,"max_hp_loss":0,"event_name":"Big Fish","floor":7,"gold_loss":0},{"damage_healed":0,"gold_gain":0,"player_choice":"Lose Max HP","damage_taken":0,"relics_obtained":["Golden Idol"],"max_hp_gain":0,"max_hp_loss":6,"event_name":"Golden Idol","floor":14,"gold_loss":0},{"damage_healed":0,"gold_gain":0,"player_choice":"Ignored","damage_taken":0,"max_hp_gain":0,"max_hp_loss":0,"event_name":"Ghosts","floor":20,"gold_loss":0},{"damage_healed":0,"gold_gain":0,"player_choice":"Obtained Book","damage_taken":16,"max_hp_gain":0,"max_hp_loss":0,"event_name":"Cursed Tome","floor":21,"gold_loss":0},{"damage_healed":0,"gold_gain":0,"player_choice":"Fought Bandits","damage_taken":0,"max_hp_gain":0,"max_hp_loss":0,"event_name":"Masked Bandits","floor":22,"gold_loss":0}],"is_beta":false,"boss_relics":[{"not_picked":["Cursed Key","Velvet Choker"],"picked":"Tiny House"}],"items_purged_floors":[],"is_endless":false,"potions_floor_spawned":[2,4,16,18],"killed_by":"Book of Stabbing","ascension_level":3}