{"gold_per_floor":[113,127,145,70,81,81,81,81,81,99,99,114,114,189,189,286,286,302,302,317,317,317,317,330,230,230,230,250,261,261],"floor_reached":30,"playtime":1620,"items_purged":["Strike_R","Strike_R"],"score":222,"play_id":"35384f0c-7fa2-4cf4-9c52-45074749b037","local_time":"20190913223144","is_ascension_mode":false,"campfire_choices":[{"data":"Armaments","floor":6,"key":"SMITH"},{"data":"Body Slam","floor":8,"key":"SMITH"},{"data":"Shrug It Off","floor":15,"key":"SMITH"},{"data":"Barricade","floor":23,"key":"SMITH"},{"floor":27,"key":"REST"}],"neow_cost":"NONE","seed_source_timestamp":2397434240517500,"circlet_count":0,"master_deck":["Strike_R","Strike_R","Strike_R","Defend_R","Defend_R","Defend_R","Defend_R","Bash","Body Slam+1","Shrug It Off+1","Armaments+1","Ghostly Armor","Shockwave","Parasite","Body Slam+1","Barricade+1","Decay","Shrug It Off+1"],"relics":["Velvet Choker"],"potions_floor_usage":[16,16,16,20,24],"damage_taken":[{"damage":1,"enemies":"Jaw Worm","floor":1,"turns":5},{"damage":6,"enemies":"2 Louse","floor":2,"turns":3},{"damage":7,"enemies":"Small Slimes","floor":3,"turns":3},{"damage":3,"enemies":"3 Louse","floor":5,"turns":4},{"damage":3,"enemies":"Lots of Slimes","floor":10,"turns":6},{"damage":0,"enemies":"Large Slime","floor":12,"turns":5},{"damage":14,"enemies":"Hexaghost","floor":16,"turns":9},{"damage":14,"enemies":"Spheric Guardian","floor":18,"turns":6},{"damage":14,"enemies":"2 Thieves","floor":20,"turns":5},{"damage":8,"enemies":"Cultist and Chosen","floor":24,"turns":6},{"damage":16,"enemies":"Centurion and Healer","floor":28,"turns":9},{"damage":12,"enemies":"Snake Plant","floor":29,"turns":5},{"damage":54,"enemies":"Cultist and Chosen","floor":30,"turns":7}],"seed_played":"5224450731417696644","potions_obtained":[{"floor":1,"key":"Swift Potion"},{"floor":5,"key":"Swift Potion"},{"floor":10,"key":"Energy Potion"},{"floor":16,"key":"Energy Potion"},{"floor":18,"key":"Ancient Potion"}],"is_trial":false,"path_per_floor":["M","M","M","$","M","R","$","R","T","M","?","M","?","?","R","B",null,"M","?","M","?","?","R","M","$","T","R","M","M","M"],"character_chosen":"IRONCLAD","items_purchased":[],"campfire_rested":1,"item_purchase_floors":[],"current_hp_per_floor":[79,73,66,66,63,63,63,63,63,60,80,80,80,69,69,55,80,66,51,37,65,65,65,57,57,57,82,66,54,0],"gold":261,"neow_bonus":"BOSS_RELIC","is_prod":false,"is_daily":false,"chose_seed":false,"campfire_upgraded":4,"win_rate":0,"timestamp":1568428304,"path_taken":["M","M","M","$","M","R","$","R","T","M","?","M","?","?","R","BOSS","M","?","M","?","?","R","M","$","T","R","M","M","?"],"build_version":"2019-07-17","purchased_purges":2,"victory":false,"max_hp_per_floor":[80,80,80,80,80,80,80,80,80,80,80,80,80,80,80,80,80,80,85,85,85,85,85,85,85,85,85,85,85,85],"card_choices":[{"not_picked":["Entrench","Shrug It Off"],"picked":"Body Slam","floor":1},{"not_picked":["Sever Soul","Warcry"],"picked":"Shrug It Off","floor":2},{"not_picked":["Anger","Wild Strike"],"picked":"Armaments","floor":3},{"not_picked":["Exhume","Wild Strike"],"picked":"Ghostly Armor","floor":5},{"not_picked":["Twin Strike","Sword Boomerang"],"picked":"Shockwave","floor":10},{"not_picked":["Combust","Ghostly Armor"],"picked":"Body Slam","floor":12},{"not_picked":["Brutality","Demon Form"],"picked":"Barricade","floor":16},{"not_picked":["True Grit+1","Heavy Blade","Thunderclap"],"picked":"SKIP","floor":18},{"not_picked":["Warcry+1","Reckless Charge+1","Iron Wave+1"],"picked":"SKIP","floor":20},{"not_picked":["Armaments","Havoc","Rupture"],"picked":"SKIP","floor":24},{"not_picked":["Thunderclap","Iron Wave","Reckless Charge+1"],"picked":"SKIP","floor":28},{"not_picked":["Cleave+1","Warcry+1"],"picked":"Shrug It Off+1","floor":29}],"player_experience":416630,"relics_obtained":[],"event_choices":[{"damage_healed":20,"gold_gain":0,"player_choice":"Healed and dodged fight","damage_taken":0,"max_hp_gain":0,"max_hp_loss":0,"event_name":"Mushrooms","floor":11,"gold_loss":0,"cards_obtained":["Parasite"]},{"damage_healed":0,"gold_gain":0,"player_choice":"Grow","damage_taken":0,"max_hp_gain":0,"max_hp_loss":0,"event_name":"Living Wall","floor":13,"gold_loss":0,"cards_upgraded":["Body Slam"]},{"damage_healed":0,"gold_gain":75,"player_choice":"Gather Gold","damage_taken":11,"max_hp_gain":0,"max_hp_loss":0,"event_name":"World of Goop","floor":14,"gold_loss":0},{"damage_healed":0,"gold_gain":0,"player_choice":"Shed Blood","damage_taken":20,"max_hp_gain":5,"max_hp_loss":0,"event_name":"Forgotten Altar","floor":19,"gold_loss":0},{"damage_healed":28,"gold_gain":0,"player_choice":"Heal","damage_taken":0,"max_hp_gain":0,"max_hp_loss":0,"event_name":"The Library","floor":21,"gold_loss":0},{"damage_healed":0,"gold_gain":0,"player_choice":"Cursed","damage_taken":0,"max_hp_gain":0,"max_hp_loss":0,"event_name":"Wheel of Change","floor":22,"gold_loss":0,"cards_obtained":["Decay"]}],"is_beta":false,"boss_relics":[{"not_picked":["Snecko Eye","Philosopher\u0027s Stone","Astrolabe"]}],"items_purged_floors":[4,25],"is_endless":false,"potions_floor_spawned":[1,5,10,16,18],"killed_by":"Cultist and Chosen","ascension_level":0}