{"path_per_floor":["M","?","$","M","M","R","M","E","T","R","M","R","T","M","R"],"character_chosen":"IRONCLAD","items_purchased":[],"gold_per_floor":[11,11,11,27,47,47,66,124,150,150,170,170,195,213,213,213],"floor_reached":16,"campfire_rested":0,"playtime":477,"item_purchase_floors":[],"current_hp_per_floor":[80,80,80,80,80,80,73,49,49,49,36,36,36,36,36,0],"items_purged":[],"gold":213,"score":102,"play_id":"3f5a3fd1-9e17-4834-abcc-7fb5f6de19a2","local_time":"20180522175554","is_prod":false,"is_daily":false,"chose_seed":false,"is_ascension_mode":false,"campfire_upgraded":4,"timestamp":1527026154,"campfire_choices":[{"data":"Rampage","floor":6,"key":"SMITH"},{"data":"Iron Wave","floor":10,"key":"SMITH"},{"data":"Feed","floor":12,"key":"SMITH"},{"data":"Body Slam","floor":15,"key":"SMITH"}],"path_taken":["M","?","$","M","?","R","M","E","T","R","M","R","?","M","R","BOSS"],"build_version":"2018-05-21v2","seed_source_timestamp":1802196479211128,"purchased_purges":0,"victory":false,"master_deck":["Strike_R","Strike_R","Strike_R","Strike_R","Strike_R","Defend_R","Defend_R","Defend_R","Defend_R","Bash","Barricade+1","Thunderclap","Rampage+1","Iron Wave+1","Feed+1","Body Slam+1"],"max_hp_per_floor":[80,80,80,80,80,80,80,80,80,80,80,80,80,84,84,84],"relics":["Burning Blood","Tiny Chest","Oddly Smooth Stone","Regal Pillow"],"card_choices":[{"not_picked":["Immolate","Feed"],"picked":"Barricade","floor":0},{"not_picked":["Warcry","Second Wind"],"picked":"Thunderclap","floor":1},{"not_picked":["Uppercut","Armaments","Pommel Strike"],"picked":"SKIP","floor":4},{"not_picked":["True Grit","Sword Boomerang"],"picked":"Rampage","floor":5},{"not_picked":["Clash","Pommel Strike","Bloodletting"],"picked":"SKIP","floor":7},{"not_picked":["Cleave","Perfected Strike"],"picked":"Iron Wave","floor":8},{"not_picked":["Sword Boomerang","Feel No Pain"],"picked":"Feed","floor":11},{"not_picked":["Wild Strike","Clothesline"],"picked":"Body Slam","floor":14}],"player_experience":482849,"potions_floor_usage":[7,8],"damage_taken":[{"damage":5,"enemies":"Small Slimes","floor":1,"turns":6},{"damage":6,"enemies":"Jaw Worm","floor":4,"turns":5},{"damage":0,"enemies":"2 Louse","floor":5,"turns":3},{"damage":13,"enemies":"Red Slaver","floor":7,"turns":4},{"damage":30,"enemies":"3 Sentries","floor":8,"turns":10},{"damage":19,"enemies":"Exordium Thugs","floor":11,"turns":8},{"damage":10,"enemies":"Exordium Wildlife","floor":14,"turns":2},{"damage":38,"enemies":"Hexaghost","floor":16,"turns":9}],"relics_obtained":[{"floor":8,"key":"Tiny Chest"},{"floor":9,"key":"Oddly Smooth Stone"},{"floor":13,"key":"Regal Pillow"}],"event_choices":[{"event_name":"Living Wall","player_choice":"Grow","floor":2,"damage_taken":0}],"boss_relics":[],"items_purged_floors":[],"potions_floor_spawned":[4,7],"seed_played":"3913418828142176298","killed_by":"Hexaghost","ascension_level":0,"potions_obtained":[{"floor":4,"key":"SkillPotion"},{"floor":7,"key":"GamblersBrew"}],"is_trial":false}