{"gold_per_floor":[115,135,135,135,135,135,160,183,210,137,137,137,137,150,150,246,253,284,284,304,304,229,229,251,251,297,316,338,338,352,377,377,377],"floor_reached":33,"playtime":1049,"items_purged":[],"score":474,"play_id":"84ebfbbc-9716-421c-8c13-75c94fdb007d","local_time":"20190915161807","is_ascension_mode":true,"campfire_choices":[{"data":"Bash","floor":6.0,"key":"SMITH"},{"data":"Armaments","floor":11.0,"key":"SMITH"},{"data":"Juggernaut","floor":13.0,"key":"SMITH"},{"data":"Flex","floor":15.0,"key":"SMITH"},{"floor":23.0,"key":"REST"},{"floor":25.0,"key":"REST"},{"floor":29.0,"key":"REST"},{"floor":32.0,"key":"REST"}],"neow_cost":"NONE","seed_source_timestamp":94608548059200,"circlet_count":0,"master_deck":["AscendersBane","Strike_R","Strike_R","Defend_R","Defend_R","Defend_R","Defend_R","Bash+1","Feed+1","Carnage","Flex+1","Armaments+1","Juggernaut+1","Barricade","CurseOfTheBell","Feel No Pain+1","Clothesline","Impervious","Infernal Blade","Rampage","Searing Blow","Shrug It Off"],"special_seed":0,"relics":["Burning Blood","Bloody Idol","MawBank","CeramicFish","Calling Bell","Blood Vial","HornCleat","Champion Belt","Red Skull"],"potions_floor_usage":[],"damage_taken":[{"damage":4.0,"enemies":"Small Slimes","floor":1.0,"turns":3.0},{"damage":3.0,"enemies":"2 Louse","floor":2.0,"turns":4.0},{"damage":0.0,"enemies":"Cultist","floor":7.0,"turns":2.0},{"damage":12.0,"enemies":"Large Slime","floor":8.0,"turns":5.0},{"damage":16.0,"enemies":"Exordium Thugs","floor":14.0,"turns":5.0},{"damage":67.0,"enemies":"Slime Boss","floor":16.0,"turns":12.0},{"damage":29.0,"enemies":"Chosen","floor":18.0,"turns":7.0},{"damage":31.0,"enemies":"2 Thieves","floor":20.0,"turns":5.0},{"damage":45.0,"enemies":"Chosen and Byrds","floor":24.0,"turns":8.0},{"damage":3.0,"enemies":"Snecko","floor":27.0,"turns":9.0},{"damage":69.0,"enemies":"3 Cultists","floor":28.0,"turns":8.0},{"damage":45.0,"enemies":"Chosen and Byrds","floor":31.0,"turns":7.0},{"damage":85,"enemies":"Automaton","floor":33,"turns":8}],"seed_played":"945039098710873360","potions_obtained":[{"floor":1.0,"key":"Ancient Potion"},{"floor":8.0,"key":"SkillPotion"},{"floor":14.0,"key":"Energy Potion"}],"is_trial":false,"path_per_floor":["M","M","?","?","?","R","M","M","T","$","R","?","R","M","R","B",null,"M","?","M","?","?","R","M","R","T","M","M","R","?","M","R","B"],"character_chosen":"IRONCLAD","items_purchased":["Juggernaut"],"campfire_rested":4,"item_purchase_floors":[10],"current_hp_per_floor":[73,79,79,73,73,73,77,75,75,75,75,75,75,69,69,8,66,45,45,41,41,41,67,40,66,71,85,34,61,71,44,71,0],"gold":377,"neow_bonus":"ONE_RANDOM_RARE_CARD","is_prod":false,"is_daily":false,"chose_seed":false,"campfire_upgraded":4,"win_rate":0,"timestamp":1568582287,"path_taken":["M","M","?","?","?","R","?","M","T","$","R","?","R","M","R","BOSS","M","?","M","?","?","R","M","R","T","M","?","R","?","M","R","BOSS"],"build_version":"2019-09-12","purchased_purges":0,"victory":false,"max_hp_per_floor":[78,81,81,73,73,73,77,81,81,81,81,81,81,85,85,85,85,85,85,89,89,89,89,89,89,89,93,93,93,93,93,93,93],"card_choices":[{"not_picked":["Pommel Strike","Sentinel"],"picked":"Carnage","floor":1.0},{"not_picked":["Body Slam","Twin Strike"],"picked":"Flex","floor":2.0},{"not_picked":["True Grit","Rampage","Heavy Blade"],"picked":"SKIP","floor":7.0},{"not_picked":["Metallicize","Carnage"],"picked":"Armaments","floor":8.0},{"not_picked":["Armaments","Bloodletting","Searing Blow"],"picked":"SKIP","floor":14.0},{"not_picked":["Dark Embrace","Berserk"],"picked":"Barricade","floor":16.0},{"not_picked":["Anger","Perfected Strike"],"picked":"Feel No Pain+1","floor":18.0},{"not_picked":["Seeing Red","Perfected Strike"],"picked":"Clothesline","floor":20.0},{"not_picked":["Entrench","Heavy Blade"],"picked":"Impervious","floor":24.0},{"not_picked":["Anger","Perfected Strike","Cleave"],"picked":"SKIP","floor":27.0},{"not_picked":["Heavy Blade","Pommel Strike"],"picked":"Infernal Blade","floor":28.0},{"not_picked":["Headbutt","Sentinel"],"picked":"Shrug It Off","floor":31.0}],"player_experience":1328769,"relics_obtained":[{"floor":9.0,"key":"MawBank"},{"floor":17.0,"key":"Blood Vial"},{"floor":17.0,"key":"HornCleat"},{"floor":17.0,"key":"Champion Belt"},{"floor":26.0,"key":"Red Skull"}],"event_choices":[{"damage_healed":0.0,"max_hp_gain":0.0,"max_hp_loss":0.0,"gold_gain":0.0,"event_name":"Liars Game","player_choice":"Ignored","floor":3.0,"gold_loss":0.0,"damage_taken":0.0},{"damage_healed":0.0,"max_hp_gain":0.0,"max_hp_loss":8.0,"gold_gain":0.0,"event_name":"Golden Idol","player_choice":"Lose Max HP","floor":4.0,"gold_loss":0.0,"damage_taken":0.0,"relics_obtained":["Golden Idol"]},{"damage_healed":0.0,"max_hp_gain":0.0,"max_hp_loss":0.0,"gold_gain":0.0,"event_name":"Upgrade Shrine","player_choice":"Upgraded","floor":5.0,"gold_loss":0.0,"damage_taken":0.0,"cards_upgraded":["Feed"]},{"damage_healed":0.0,"max_hp_gain":0.0,"max_hp_loss":0.0,"gold_gain":0.0,"event_name":"WeMeetAgain","player_choice":"Gave Potion","floor":12.0,"gold_loss":0.0,"damage_taken":0.0,"relics_obtained":["CeramicFish"]},{"damage_healed":0.0,"max_hp_gain":0.0,"max_hp_loss":0.0,"gold_gain":0.0,"event_name":"Forgotten Altar","player_choice":"Gave Idol","floor":19.0,"relics_lost":["Golden Idol"],"gold_loss":0.0,"damage_taken":0.0,"relics_obtained":["Bloody Idol"]},{"damage_healed":0.0,"max_hp_gain":0.0,"max_hp_loss":0.0,"gold_gain":0.0,"event_name":"The Mausoleum","player_choice":"Ignored","floor":21.0,"gold_loss":0.0,"damage_taken":0.0},{"cards_removed":["Strike_R"],"damage_healed":0.0,"max_hp_gain":0.0,"max_hp_loss":0.0,"gold_gain":0.0,"event_name":"Beggar","player_choice":"Gave Gold","floor":22.0,"gold_loss":75.0,"damage_taken":0.0},{"damage_healed":0.0,"max_hp_gain":0.0,"max_hp_loss":0.0,"gold_gain":0.0,"cards_transformed":["Strike_R","Strike_R"],"event_name":"Drug Dealer","player_choice":"Became Test Subject","floor":30.0,"gold_loss":0.0,"damage_taken":0.0,"cards_obtained":["Rampage","Searing Blow"]}],"is_beta":true,"boss_relics":[{"not_picked":["Black Star","SlaversCollar"],"picked":"Calling Bell"}],"items_purged_floors":[],"is_endless":false,"potions_floor_spawned":[1,8,14,18],"killed_by":"Automaton","ascension_level":20}