{"gold_per_floor":[111,121,121,121,46,46,71,92,92,92,92,92,107,107,107,235,235,256,274,22,43,43,57,156,156,156,156,156,171,171,14,14,14],"floor_reached":33,"playtime":770,"items_purged":["Strike_B","Strike_B"],"score":442,"play_id":"8f1041fb-edeb-4ace-9a43-c137e5e079e9","local_time":"20190101050112","is_ascension_mode":true,"campfire_choices":[{"data":"Electrodynamics","floor":6.0,"key":"SMITH"},{"data":"Dualcast","floor":10.0,"key":"SMITH"},{"data":"Tempest","floor":12.0,"key":"SMITH"},{"data":"Conserve Battery","floor":15.0,"key":"SMITH"},{"floor":25.0,"key":"REST"},{"data":"Writhe","floor":28.0,"key":"PURGE"},{"data":"Creative AI","floor":30.0,"key":"SMITH"},{"floor":32,"key":"REST"}],"neow_cost":"NONE","seed_source_timestamp":990569371689447,"circlet_count":0,"master_deck":["AscendersBane","Strike_B","Strike_B","Defend_B","Defend_B","Defend_B","Defend_B","Zap+1","Dualcast+1","Electrodynamics+1","Ball Lightning","Conserve Battery+1","Tempest+1","Redo+1","Creative AI+1","Loop","Self Repair","Force Field","BootSequence","Leap+1","Reinforced Body+1"],"special_seed":0,"relics":["Cracked Core","Bird Faced Urn","Golden Idol","Dead Branch","Peace Pipe","Cables","DataDisk"],"potions_floor_usage":[33],"damage_taken":[{"damage":9.0,"enemies":"Jaw Worm","floor":1.0,"turns":4.0},{"damage":5.0,"enemies":"Small Slimes","floor":2.0,"turns":2.0},{"damage":0.0,"enemies":"Cultist","floor":7.0,"turns":3.0},{"damage":0.0,"enemies":"3 Louse","floor":8.0,"turns":1.0},{"damage":5.0,"enemies":"Gremlin Gang","floor":13.0,"turns":2.0},{"damage":0.0,"enemies":"Slime Boss","floor":16.0,"turns":6.0},{"damage":12.0,"enemies":"Chosen","floor":18.0,"turns":3.0},{"damage":12.0,"enemies":"Spheric Guardian","floor":19.0,"turns":4.0},{"damage":44.0,"enemies":"Snecko","floor":21.0,"turns":5.0},{"damage":26.0,"enemies":"Snake Plant","floor":23.0,"turns":3.0},{"damage":17.0,"enemies":"Cultist and Chosen","floor":29.0,"turns":5.0},{"damage":60,"enemies":"Collector","floor":33,"turns":7}],"seed_played":"-310839806896781383","potions_obtained":[{"floor":2.0,"key":"EssenceOfSteel"},{"floor":7.0,"key":"SpeedPotion"},{"floor":21.0,"key":"Strength Potion"},{"floor":23.0,"key":"FocusPotion"}],"is_trial":false,"path_per_floor":["M","M","?","?","$","R","M","M","T","R","?","R","M","?","R","B",null,"M","M","$","M","?","M","?","R","T","?","R","M","R","$","R","B"],"character_chosen":"DEFECT","items_purchased":["Self Repair","Force Field","DataDisk"],"campfire_rested":2,"item_purchase_floors":[20,20,31],"current_hp_per_floor":[59,54,51,51,51,51,53,55,55,55,55,55,52,52,52,54,65,57,57,57,26,26,4,4,24,24,24,24,20,20,20,40,0],"gold":14,"neow_bonus":"ONE_RANDOM_RARE_CARD","is_prod":false,"is_daily":false,"chose_seed":false,"campfire_upgraded":5,"win_rate":0,"timestamp":1546315272,"path_taken":["M","M","?","?","?","R","M","M","T","R","?","R","?","?","R","BOSS","M","M","$","?","?","?","?","R","T","?","R","M","R","?","R","BOSS"],"build_version":"2018-12-20","purchased_purges":2,"victory":false,"max_hp_per_floor":[75,75,75,69,69,69,69,69,69,69,69,69,69,69,69,69,69,69,69,69,69,69,69,69,69,69,69,69,69,69,69,69,69],"card_choices":[{"not_picked":["Streamline","Stack"],"picked":"Ball Lightning","floor":1.0},{"not_picked":["Turbo","Rebound"],"picked":"Conserve Battery","floor":2.0},{"not_picked":["Go for the Eyes","Ball Lightning"],"picked":"Tempest","floor":7.0},{"not_picked":["FTL","Turbo","Meteor Strike"],"picked":"SKIP","floor":8.0},{"not_picked":["Go for the Eyes","Chaos"],"picked":"Redo","floor":13.0},{"not_picked":["Meteor Strike","Reboot"],"picked":"Creative AI","floor":16.0},{"not_picked":["Genetic Algorithm+1","Melter"],"picked":"Loop","floor":18.0},{"not_picked":["Steam Power+1","Rebound","Turbo"],"picked":"SKIP","floor":19.0},{"not_picked":["Barrage","Compile Driver"],"picked":"BootSequence","floor":21.0},{"not_picked":["Streamline","Conserve Battery+1"],"picked":"Leap+1","floor":23.0},{"not_picked":["Storm","Creative AI"],"picked":"Reinforced Body+1","floor":29.0}],"player_experience":375652,"relics_obtained":[{"floor":9.0,"key":"Dead Branch"},{"floor":26.0,"key":"Peace Pipe"}],"event_choices":[{"damage_healed":0.0,"max_hp_gain":0.0,"max_hp_loss":0.0,"gold_gain":0.0,"event_name":"Scrap Ooze","player_choice":"Success","floor":3.0,"gold_loss":0.0,"damage_taken":3.0,"relics_obtained":["Bird Faced Urn"]},{"damage_healed":0.0,"max_hp_gain":0.0,"max_hp_loss":6.0,"gold_gain":0.0,"event_name":"Golden Idol","player_choice":"Lose Max HP","floor":4.0,"gold_loss":0.0,"damage_taken":0.0,"relics_obtained":["Golden Idol"]},{"damage_healed":0.0,"max_hp_gain":0.0,"max_hp_loss":0.0,"gold_gain":0.0,"event_name":"Living Wall","player_choice":"Grow","floor":11.0,"gold_loss":0.0,"damage_taken":0.0,"cards_upgraded":["Zap"]},{"damage_healed":0.0,"max_hp_gain":0.0,"max_hp_loss":0.0,"gold_gain":0.0,"event_name":"Upgrade Shrine","player_choice":"Upgraded","floor":14.0,"gold_loss":0.0,"damage_taken":0.0,"cards_upgraded":["Redo"]},{"damage_healed":0.0,"max_hp_gain":0.0,"max_hp_loss":0.0,"gold_gain":0.0,"event_name":"N\u0027loth","player_choice":"Ignored","floor":22.0,"gold_loss":0.0,"damage_taken":0.0},{"damage_healed":0.0,"max_hp_gain":0.0,"max_hp_loss":0.0,"gold_gain":99.0,"event_name":"Nest","player_choice":"Stole From Cult","floor":24.0,"gold_loss":0.0,"damage_taken":0.0},{"damage_healed":0.0,"max_hp_gain":0.0,"max_hp_loss":0.0,"gold_gain":0.0,"event_name":"The Mausoleum","player_choice":"Opened","floor":27.0,"gold_loss":0.0,"damage_taken":0.0,"relics_obtained":["Cables"],"cards_obtained":["Writhe"]}],"is_beta":false,"boss_relics":[{"not_picked":["Runic Pyramid","Calling Bell","Pandora\u0027s Box"]}],"items_purged_floors":[5,20],"is_endless":false,"potions_floor_spawned":[2,7,16,21,23],"killed_by":"Collector","ascension_level":11}