{"path_per_floor":["M","?","M","M","M","R","E","R","T","R","$","M","M","$","R","B",null,"M","M","M","$","?","?","T","M","T","R","M","?","M","M","R"],"character_chosen":"IRONCLAD","items_purchased":["Uppercut","Pen Nib","Bronze Scales"],"gold_per_floor":[114,289,305,322,336,336,362,362,362,362,284,294,310,154,154,258,258,258,198,198,52,52,52,52,52,52,52,52,52,52,52,52,52],"floor_reached":33,"campfire_rested":1,"playtime":3535,"item_purchase_floors":[11,14,21],"current_hp_per_floor":[76,76,75,75,61,61,45,45,45,45,45,47,53,53,53,24,80,76,52,34,34,34,34,34,27,27,27,33,33,26,22,46,0],"items_purged":[],"gold":52,"score":251,"play_id":"84ca7479-bf1b-483c-95e3-91467dfff8b1","local_time":"20180522213908","is_prod":false,"is_daily":false,"chose_seed":false,"is_ascension_mode":false,"campfire_upgraded":5,"timestamp":1527039548,"campfire_choices":[{"data":"Whirlwind","floor":6,"key":"SMITH"},{"data":"Rage","floor":8,"key":"SMITH"},{"data":"Berserk","floor":10,"key":"SMITH"},{"data":"Uppercut","floor":15,"key":"SMITH"},{"data":"True Grit","floor":27,"key":"SMITH"},{"floor":32,"key":"REST"}],"path_taken":["M","?","M","M","M","R","E","R","T","R","?","?","M","$","R","BOSS","M","?","M","$","?","?","?","M","T","R","M","?","M","M","R","BOSS"],"build_version":"2018-05-21v2","seed_source_timestamp":1812504803610580,"purchased_purges":0,"victory":false,"master_deck":["Strike_R","Strike_R","Strike_R","Strike_R","Strike_R","Defend_R","Defend_R","Defend_R","Defend_R","Bash","Berserk+1","Twin Strike","Whirlwind+1","Rage+1","Blood for Blood+1","Uppercut+1","Sword Boomerang+1","True Grit+1","Body Slam+1"],"max_hp_per_floor":[80,80,80,80,80,80,80,80,80,80,80,80,80,80,80,80,80,80,80,80,80,80,80,80,80,80,80,80,80,80,80,80,80],"relics":["Burning Blood","Mummified Hand","Paper Frog","Pen Nib","Ectoplasm","Bronze Scales","Anchor","Bag of Marbles"],"card_choices":[{"not_picked":["Clothesline","Wild Strike"],"picked":"Twin Strike","floor":1},{"not_picked":["Shockwave","Wild Strike"],"picked":"Whirlwind","floor":3},{"not_picked":["Twin Strike","Reckless Charge"],"picked":"Rage","floor":4},{"not_picked":["Havoc","Infernal Blade","Heavy Blade"],"picked":"SKIP","floor":5},{"not_picked":["Whirlwind","Havoc"],"picked":"Blood for Blood","floor":7},{"not_picked":["Carnage","Cleave","Pommel Strike"],"picked":"SKIP","floor":12},{"not_picked":["Ghostly Armor","True Grit","Cleave"],"picked":"SKIP","floor":13},{"not_picked":["Sentinel","Feel No Pain"],"picked":"Sword Boomerang+1","floor":18},{"not_picked":["Shrug It Off","Headbutt"],"picked":"True Grit","floor":19},{"not_picked":["Body Slam+1","True Grit","Flex"],"picked":"SKIP","floor":20},{"not_picked":["Havoc","Cleave","Armaments+1"],"picked":"SKIP","floor":25},{"not_picked":["Sword Boomerang","Heavy Blade"],"picked":"Body Slam+1","floor":28},{"not_picked":["Rupture+1","Dark Embrace","Perfected Strike"],"picked":"SKIP","floor":30},{"not_picked":["Sword Boomerang","Armaments","Spot Weakness"],"picked":"SKIP","floor":31}],"player_experience":483664,"potions_floor_usage":[25,33,33],"damage_taken":[{"damage":10,"enemies":"Small Slimes","floor":1,"turns":4},{"damage":7,"enemies":"2 Louse","floor":3,"turns":3},{"damage":6,"enemies":"Jaw Worm","floor":4,"turns":4},{"damage":20,"enemies":"Exordium Thugs","floor":5,"turns":4},{"damage":22,"enemies":"3 Sentries","floor":7,"turns":6},{"damage":4,"enemies":"Red Slaver","floor":12,"turns":3},{"damage":0,"enemies":"Lots of Slimes","floor":13,"turns":1},{"damage":35,"enemies":"The Guardian","floor":16,"turns":10},{"damage":10,"enemies":"Spheric Guardian","floor":18,"turns":3},{"damage":30,"enemies":"2 Thieves","floor":19,"turns":3},{"damage":24,"enemies":"Sentry and Sphere","floor":20,"turns":4},{"damage":13,"enemies":"3 Cultists","floor":25,"turns":5},{"damage":0,"enemies":"Snecko","floor":28,"turns":3},{"damage":13,"enemies":"Centurion and Healer","floor":30,"turns":4},{"damage":10,"enemies":"Sentry and Sphere","floor":31,"turns":3},{"damage":79,"enemies":"Automaton","floor":33,"turns":8}],"relics_obtained":[{"floor":7,"key":"Mummified Hand"},{"floor":9,"key":"Paper Frog"},{"floor":24,"key":"Anchor"},{"floor":26,"key":"Bag of Marbles"}],"event_choices":[{"event_name":"Liars Game","player_choice":"agreed","floor":2,"damage_taken":0},{"event_name":"Vampires","player_choice":"Ignored","floor":22,"damage_taken":0},{"event_name":"Fountain of Cleansing","player_choice":"Removed Curse","floor":23,"damage_taken":0},{"event_name":"Accursed Blacksmith","player_choice":"Forge","floor":29,"damage_taken":0}],"boss_relics":[{"not_picked":["Sozu","Runic Pyramid"],"picked":"Ectoplasm"}],"items_purged_floors":[],"potions_floor_spawned":[12,13,16,25,30],"seed_played":"774579397476128683","killed_by":"Automaton","ascension_level":0,"potions_obtained":[{"floor":12,"key":"FairyPotion"},{"floor":13,"key":"Explosive Potion"},{"floor":16,"key":"AttackPotion"},{"floor":25,"key":"Dexterity Potion"}],"is_trial":false}