{"gold_per_floor":[216,234,147,147,147,167,167,179,249,249,249,282,6,23,23,95,95,110,385,399,399],"floor_reached":21,"playtime":2142,"items_purged":[],"score":340,"play_id":"8ce2c3b5-7ac3-4ddf-94f0-ddc46b863fd6","local_time":"20190408170148","is_ascension_mode":true,"campfire_choices":[{"data":"Inflame","floor":7,"key":"SMITH"},{"data":"Spot Weakness","floor":11,"key":"SMITH"},{"floor":15,"key":"REST"}],"neow_cost":"NONE","seed_source_timestamp":29675889335439,"circlet_count":0,"master_deck":["AscendersBane","Bash+1","Inflame+1","Spot Weakness+1","Whirlwind","Shrug It Off","Heavy Blade","Parasite","Battle Trance","Anger","Double Tap","Flame Barrier","Brutality","Pommel Strike","Corruption","Rampage","Iron Wave","Berserk","Bloodletting","Clothesline","Shrug It Off","Regret","Armaments"],"relics":["Burning Blood","Singing Bowl","Potion Belt","Toolbox","Pandora\u0027s Box"],"potions_floor_usage":[18,18,18,21],"damage_taken":[{"damage":12,"enemies":"Small Slimes","floor":1,"turns":4},{"damage":6,"enemies":"Cultist","floor":2,"turns":3},{"damage":9,"enemies":"Jaw Worm","floor":6,"turns":4},{"damage":10,"enemies":"Red Slaver","floor":8,"turns":3},{"damage":40,"enemies":"Lagavulin","floor":12,"turns":6},{"damage":10,"enemies":"2 Fungi Beasts","floor":14,"turns":3},{"damage":50,"enemies":"Slime Boss","floor":16,"turns":7},{"damage":26,"enemies":"Shell Parasite","floor":18,"turns":4},{"damage":27,"enemies":"Spheric Guardian","floor":20,"turns":4},{"damage":43,"enemies":"Shelled Parasite and Fungi","floor":21,"turns":3}],"seed_played":"-8751451918832978805","potions_obtained":[{"floor":2,"key":"Swift Potion"},{"floor":8,"key":"Regen Potion"},{"floor":12,"key":"Block Potion"},{"floor":18,"key":"PowerPotion"}],"is_trial":false,"path_per_floor":["M","M","$","?","?","M","R","M","T","?","R","E","$","M","R","B",null,"M","?","M","M"],"character_chosen":"IRONCLAD","items_purchased":["Whirlwind","Anger","Toolbox"],"campfire_rested":1,"item_purchase_floors":[3,13,13],"current_hp_per_floor":[62,62,62,67,67,64,64,60,60,80,80,46,46,44,68,24,68,60,60,39,0],"gold":399,"neow_bonus":"HUNDRED_GOLD","is_prod":false,"is_daily":false,"chose_seed":false,"campfire_upgraded":2,"win_rate":0,"timestamp":1554735708,"path_taken":["M","M","$","?","?","M","R","M","T","?","R","E","$","M","R","BOSS","M","?","M","M"],"build_version":"2019-01-23","purchased_purges":0,"victory":false,"max_hp_per_floor":[75,75,75,80,80,80,80,80,80,80,80,80,80,82,82,82,82,82,82,82,82],"card_choices":[{"not_picked":["Thunderclap","Iron Wave"],"picked":"Inflame","floor":1},{"not_picked":["Flex","Havoc"],"picked":"Spot Weakness","floor":2},{"not_picked":["Sentinel","Clash"],"picked":"Shrug It Off","floor":6},{"not_picked":["Clash","Pummel"],"picked":"Heavy Blade","floor":8},{"not_picked":["Armaments","Pommel Strike"],"picked":"Battle Trance","floor":12},{"not_picked":["Dropkick","Dual Wield","Bludgeon"],"picked":"Singing Bowl","floor":14},{"not_picked":["Exhume","Bludgeon"],"picked":"Double Tap","floor":16},{"not_picked":["Power Through","Headbutt"],"picked":"Shrug It Off","floor":18},{"not_picked":["Iron Wave","Pommel Strike"],"picked":"Armaments","floor":20}],"player_experience":572844,"relics_obtained":[{"floor":9,"key":"Singing Bowl"},{"floor":12,"key":"Potion Belt"}],"event_choices":[{"damage_healed":0,"gold_gain":0,"player_choice":"Donut","damage_taken":0,"max_hp_gain":5,"max_hp_loss":0,"event_name":"Big Fish","floor":4,"gold_loss":0},{"damage_healed":0,"gold_gain":0,"player_choice":"Grow","damage_taken":0,"max_hp_gain":0,"max_hp_loss":0,"event_name":"Living Wall","floor":5,"gold_loss":0,"cards_upgraded":["Bash"]},{"damage_healed":20,"gold_gain":0,"player_choice":"Healed and dodged fight","damage_taken":0,"max_hp_gain":0,"max_hp_loss":0,"event_name":"Mushrooms","floor":10,"gold_loss":0,"cards_obtained":["Parasite"]},{"damage_healed":0,"gold_gain":275,"player_choice":"Desecrate","damage_taken":0,"max_hp_gain":0,"max_hp_loss":0,"event_name":"Golden Shrine","floor":19,"gold_loss":0,"cards_obtained":["Regret"]}],"is_beta":false,"boss_relics":[{"not_picked":["Coffee Dripper","Runic Dome"],"picked":"Pandora\u0027s Box"}],"items_purged_floors":[],"is_endless":false,"potions_floor_spawned":[2,8,12,18],"killed_by":"Shelled Parasite and Fungi","ascension_level":18}