{"path_per_floor":["M","M","M","M","?","R","E","R","T","E","$","R","M","M","R","B",null,"M","$","M","M","?","E","R","E","T","$","E","M","R","M","R","B",null,"M","M","M","M","?","E","R","E","T","E","R","M","M","$","R","B"],"character_chosen":"IRONCLAD","items_purchased":["Lantern","Havoc","Pommel Strike","Flash of Steel","Torii"],"gold_per_floor":[113,123,139,151,151,151,179,179,179,213,34,34,45,64,64,160,160,178,31,47,67,67,92,92,121,121,46,72,87,87,98,98,197,197,213,229,245,259,259,285,285,316,316,341,341,351,363,51,51,51],"floor_reached":51,"campfire_rested":1,"playtime":6741,"current_hp_per_floor":[73,79,75,79,79,79,53,53,53,44,44,44,50,50,50,34,69,78,78,81,67,67,69,69,67,67,67,67,72,72,80,80,86,94,100,104,93,99,85,91,91,60,66,68,68,78,77,77,114,117],"items_purged":["Strike_R"],"gold":51,"score":1406,"play_id":"a91506d2-f559-437a-b019-67ff745f4491","local_time":"20180509123942","is_prod":false,"is_daily":false,"chose_seed":false,"is_ascension_mode":true,"campfire_upgraded":9,"timestamp":1525894782,"path_taken":["M","M","M","M","?","R","E","R","T","E","?","R","M","M","R","BOSS","M","?","?","M","?","E","R","E","T","$","E","M","R","M","R","BOSS","M","M","M","M","?","E","R","E","T","E","R","M","M","$","R","BOSS"],"build_version":"2018-05-08","seed_source_timestamp":346454288615641,"purchased_purges":2,"victory":true,"master_deck":["Strike_R+1","Strike_R+1","Strike_R+1","Strike_R+1","Defend_R+1","Defend_R+1","Defend_R+1","Bash+1","AscendersBane","Intimidate","True Grit+1","Clothesline+1","Havoc+1","Cleave+1","Havoc+1","Double Tap+1","Anger+1","Feed+1","Pummel+1","Pommel Strike+1","Flash of Steel+1","Metallicize+1","Disarm+1","Body Slam+1","True Grit+1","Barricade","Exhume","Battle Trance+1","Shrug It Off+1","Battle Trance+1","Sentinel+1","Madness","Madness","Entrench+1","Headbutt+1","Clumsy","Dropkick+1","Inflame"],"max_hp_per_floor":[80,80,80,80,80,80,80,80,80,80,80,80,80,80,80,80,80,84,84,84,84,84,88,88,92,92,92,92,92,92,96,96,96,96,100,104,108,108,108,108,108,108,114,118,118,122,126,126,126,130],"relics":["Burning Blood","Orichalcum","Bronze Scales","Molten Egg 2","Champion Belt","Lantern","Sozu","Question Card","Bottled Lightning","Toolbox","Thread and Needle","Cursed Key","Bag of Marbles","Darkstone Periapt","Kunai","Matryoshka","Torii"],"card_choices":[{"not_picked":["Wild Strike","Heavy Blade"],"picked":"Intimidate","floor":1.0},{"not_picked":["Thunderclap","Twin Strike"],"picked":"True Grit","floor":2.0},{"not_picked":["Shockwave","True Grit"],"picked":"Clothesline","floor":3.0},{"not_picked":["Ghostly Armor","Corruption"],"picked":"Havoc","floor":7.0},{"not_picked":["Perfected Strike","Ghostly Armor"],"picked":"Cleave","floor":10.0},{"not_picked":["Clash","Armaments"],"picked":"Double Tap","floor":13.0},{"not_picked":["Intimidate","Havoc"],"picked":"Anger","floor":14},{"not_picked":["Dark Embrace","Juggernaut"],"picked":"Feed","floor":16},{"not_picked":["Heavy Blade","Seeing Red"],"picked":"Pummel","floor":18},{"not_picked":["Sentinel","Blood for Blood"],"picked":"Metallicize","floor":20},{"not_picked":["Second Wind","Anger"],"picked":"Disarm","floor":21},{"not_picked":["Havoc","Heavy Blade"],"picked":"Body Slam","floor":23},{"not_picked":["Shrug It Off","Pommel Strike","Juggernaut"],"picked":"True Grit","floor":28},{"not_picked":["Twin Strike","Flex","True Grit"],"picked":"Barricade","floor":31},{"not_picked":["Brutality","Offering","Limit Break"],"picked":"Exhume","floor":33},{"not_picked":["Cleave","Infernal Blade","Combust"],"picked":"Battle Trance","floor":35},{"not_picked":["Dual Wield","Iron Wave","Havoc"],"picked":"Shrug It Off","floor":36},{"not_picked":["Iron Wave","Sentinel","Sword Boomerang"],"picked":"Battle Trance","floor":37},{"not_picked":["Warcry","Perfected Strike","Pummel"],"picked":"Sentinel","floor":38},{"not_picked":["Reckless Charge","Feel No Pain","Anger"],"picked":"Entrench","floor":40},{"not_picked":["Clothesline","Cleave","Evolve"],"picked":"Headbutt","floor":42},{"not_picked":["Seeing Red","Clothesline","Sentinel"],"picked":"Dropkick","floor":44},{"not_picked":["Anger","Double Tap","Cleave"],"picked":"Inflame","floor":47}],"player_experience":622459,"potions_floor_usage":[33,50],"damage_taken":[{"damage":5.0,"enemies":"2 Louse","floor":1.0,"turns":4.0},{"damage":0.0,"enemies":"Cultist","floor":2.0,"turns":4.0},{"damage":10.0,"enemies":"Jaw Worm","floor":3.0,"turns":4.0},{"damage":2.0,"enemies":"Red Slaver","floor":4.0,"turns":5.0},{"damage":32.0,"enemies":"Lagavulin","floor":7.0,"turns":8.0},{"damage":15.0,"enemies":"3 Sentries","floor":10.0,"turns":7.0},{"damage":0.0,"enemies":"Gremlin Gang","floor":13.0,"turns":3.0},{"damage":6,"enemies":"Exordium Thugs","floor":14,"turns":3},{"damage":22,"enemies":"Slime Boss","floor":16,"turns":8},{"damage":1,"enemies":"Spheric Guardian","floor":18,"turns":3},{"damage":3,"enemies":"Chosen","floor":20,"turns":6},{"damage":20,"enemies":"Sentry and Sphere","floor":21,"turns":5},{"damage":8,"enemies":"Book of Stabbing","floor":23,"turns":5},{"damage":12,"enemies":"Gremlin Leader","floor":25,"turns":7},{"damage":6,"enemies":"Book of Stabbing","floor":28,"turns":4},{"damage":1,"enemies":"Snake Plant","floor":29,"turns":3},{"damage":6,"enemies":"Centurion and Healer","floor":31,"turns":6},{"damage":0,"enemies":"Champ","floor":33,"turns":9},{"damage":0,"enemies":"3 Shapes","floor":35,"turns":4},{"damage":0,"enemies":"Orb Walker","floor":36,"turns":4},{"damage":21,"enemies":"Sphere and 2 Shapes","floor":37,"turns":5},{"damage":0,"enemies":"Flame Bruiser 2 Orb","floor":38,"turns":5},{"damage":0,"enemies":"Giant Head","floor":40,"turns":8},{"damage":37,"enemies":"2 Orb Walkers","floor":42,"turns":6},{"damage":8,"enemies":"Nemesis","floor":44,"turns":9},{"damage":0,"enemies":"3 Darklings","floor":46,"turns":7},{"damage":11,"enemies":"4 Shapes","floor":47,"turns":6},{"damage":7,"enemies":"Awakened One","floor":50,"turns":16}],"event_choices":[{"event_name":"Bonfire Elementals","player_choice":"BASIC","floor":5.0,"damage_taken":0.0},{"event_name":"Back to Basics","player_choice":"Simplicity","floor":22,"damage_taken":0},{"event_name":"Winding Halls","player_choice":"Embrace Madness","floor":39,"damage_taken":0}],"boss_relics":[{"not_picked":["Pandora\u0027s Box","Runic Cube"],"picked":"Sozu"},{"not_picked":["Runic Pyramid","White Beast Statue"],"picked":"Cursed Key"}],"potions_floor_spawned":[2,13,16,20,21,29,37,40,42,47],"seed_played":"1402886702126416669","ascension_level":11,"is_trial":false}