{"gold_per_floor":[118,133,152,222,13,46,46,66,92,104,179,179,189,189,189,189],"floor_reached":16,"playtime":1068,"items_purged":[],"score":102,"play_id":"2530f773-4e64-4bb0-a17f-8e8937ad4789","local_time":"20190911223153","is_ascension_mode":false,"campfire_choices":[{"floor":7,"key":"REST"},{"floor":12,"key":"REST"},{"data":"Tactician","floor":15,"key":"SMITH"}],"neow_cost":"NONE","seed_source_timestamp":67748666329200,"circlet_count":0,"master_deck":["Strike_G","Strike_G","Strike_G","Strike_G","Strike_G","Defend_G","Defend_G","Defend_G","Defend_G","Defend_G","Survivor","Neutralize","Backstab","Infinite Blades","Predator","Tactician+1","Choke","Distraction","PiercingWail","Doubt"],"relics":["Ring of the Snake","NeowsBlessing","Strange Spoon","Orichalcum","Pen Nib"],"potions_floor_usage":[],"damage_taken":[{"damage":0,"enemies":"Jaw Worm","floor":1,"turns":1},{"damage":0,"enemies":"2 Louse","floor":2,"turns":1},{"damage":0,"enemies":"Small Slimes","floor":3,"turns":1},{"damage":35,"enemies":"Lagavulin","floor":6,"turns":8},{"damage":4,"enemies":"Gremlin Gang","floor":8,"turns":6},{"damage":1,"enemies":"Exordium Wildlife","floor":10,"turns":2},{"damage":11,"enemies":"Lots of Slimes","floor":13,"turns":4},{"damage":52,"enemies":"Hexaghost","floor":16,"turns":15}],"seed_played":"7727375989599299492","potions_obtained":[{"floor":1,"key":"Explosive Potion"},{"floor":6,"key":"SkillPotion"},{"floor":8,"key":"SpeedPotion"},{"floor":13,"key":"Energy Potion"}],"is_trial":false,"path_per_floor":["M","M","M","?","$","E","R","M","T","M","?","R","M","?","R","B"],"character_chosen":"THE_SILENT","items_purchased":["Strange Spoon"],"campfire_rested":2,"item_purchase_floors":[5],"current_hp_per_floor":[70,70,70,70,70,35,56,52,52,51,40,61,50,50,50,0],"gold":189,"neow_bonus":"THREE_ENEMY_KILL","is_prod":false,"is_daily":false,"chose_seed":false,"campfire_upgraded":1,"win_rate":0.0,"timestamp":1568233913,"path_taken":["M","M","M","?","?","E","R","M","T","M","?","R","M","?","R","BOSS"],"build_version":"2019-07-17","purchased_purges":0,"victory":false,"max_hp_per_floor":[70,70,70,70,70,70,70,70,70,70,70,70,70,70,70,70],"card_choices":[{"not_picked":["Calculated Gamble","Dagger Spray"],"picked":"Backstab","floor":1},{"not_picked":["All Out Attack","PiercingWail"],"picked":"Infinite Blades","floor":2},{"not_picked":["Dagger Spray","Masterful Stab"],"picked":"Predator","floor":3},{"not_picked":["Slice","Escape Plan"],"picked":"Tactician","floor":6},{"not_picked":["Reflex","Acrobatics"],"picked":"Choke","floor":8},{"not_picked":["Backflip","Choke"],"picked":"Distraction","floor":10},{"not_picked":["Backflip","Masterful Stab"],"picked":"PiercingWail","floor":13}],"player_experience":21861,"relics_obtained":[{"floor":6,"key":"Orichalcum"},{"floor":9,"key":"Pen Nib"}],"event_choices":[{"damage_healed":0,"gold_gain":70,"player_choice":"Gained Gold","damage_taken":0,"max_hp_gain":0,"max_hp_loss":0,"event_name":"Golden Wing","floor":4,"gold_loss":0},{"damage_healed":0,"gold_gain":75,"player_choice":"Gather Gold","damage_taken":11,"max_hp_gain":0,"max_hp_loss":0,"event_name":"World of Goop","floor":11,"gold_loss":0},{"damage_healed":0,"gold_gain":0,"player_choice":"1 cards matched","damage_taken":0,"max_hp_gain":0,"max_hp_loss":0,"event_name":"Match and Keep!","floor":14,"gold_loss":0,"cards_obtained":["Doubt"]}],"is_beta":false,"boss_relics":[],"items_purged_floors":[],"is_endless":false,"potions_floor_spawned":[1,6,8,13],"killed_by":"Hexaghost","ascension_level":0}