{"gold_per_floor":[114,124,78,96,96,96,119,119,194,215,290,290,290,308,308,403,403,427,452,452,469,272,297,297,52,52,52,52,66,66,85,85,85],"floor_reached":33,"playtime":895,"items_purged":[],"score":450,"play_id":"3d0191ab-613f-4cc1-923f-afa48d734e78","local_time":"20190104093737","is_ascension_mode":true,"campfire_choices":[{"data":"Barrage","floor":6.0,"key":"SMITH"},{"data":"Zap","floor":8.0,"key":"SMITH"},{"floor":12.0,"key":"REST"},{"data":"Fission","floor":15.0,"key":"SMITH"},{"data":"Electrodynamics","floor":24.0,"key":"SMITH"},{"floor":27.0,"key":"REST"},{"data":"Barrage","floor":32,"key":"SMITH"}],"neow_cost":"TEN_PERCENT_HP_LOSS","seed_source_timestamp":1266114443700597,"circlet_count":0,"master_deck":["AscendersBane","Strike_B","Strike_B","Defend_B","Defend_B","Defend_B","Defend_B","Zap+1","Dualcast+1","Leap","Ball Lightning","Barrage+1","Leap","FTL","Cold Snap","Fission+1","Echo Form","Double Energy","Hologram+1","Fission+1","Electrodynamics+1","Ball Lightning","Barrage+1"],"special_seed":0,"relics":["Cracked Core","Bloody Idol","Kunai","Nuclear Battery","DollysMirror","Strawberry","Sling","Ginger"],"potions_floor_usage":[],"damage_taken":[{"damage":1.0,"enemies":"Cultist","floor":1.0,"turns":3.0},{"damage":3.0,"enemies":"Jaw Worm","floor":2.0,"turns":5.0},{"damage":0.0,"enemies":"2 Louse","floor":4.0,"turns":2.0},{"damage":17.0,"enemies":"Gremlin Gang","floor":7.0,"turns":4.0},{"damage":2.0,"enemies":"Exordium Thugs","floor":10.0,"turns":4.0},{"damage":2.0,"enemies":"2 Fungi Beasts","floor":14.0,"turns":3.0},{"damage":6.0,"enemies":"Slime Boss","floor":16.0,"turns":8.0},{"damage":0.0,"enemies":"Chosen","floor":18.0,"turns":4.0},{"damage":2.0,"enemies":"Shell Parasite","floor":19.0,"turns":5.0},{"damage":13.0,"enemies":"3 Cultists","floor":21.0,"turns":6.0},{"damage":23.0,"enemies":"Book of Stabbing","floor":23.0,"turns":5.0},{"damage":7.0,"enemies":"Cultist and Chosen","floor":29.0,"turns":4.0},{"damage":16.0,"enemies":"Snecko","floor":31.0,"turns":3.0},{"damage":38,"enemies":"Automaton","floor":33,"turns":6}],"seed_played":"-3254652616026037441","potions_obtained":[{"floor":2.0,"key":"FearPotion"},{"floor":16.0,"key":"Fire Potion"},{"floor":19.0,"key":"FearPotion"},{"floor":23.0,"key":"AttackPotion"},{"floor":29.0,"key":"FearPotion"}],"is_trial":false,"path_per_floor":["M","M","$","M","?","R","M","R","T","M","?","R","?","M","R","B",null,"M","M","?","M","$","E","R","$","T","R","?","M","?","M","R","B"],"character_chosen":"DEFECT","items_purchased":["Barrage","DollysMirror","Sling","Ball Lightning"],"campfire_rested":2,"item_purchase_floors":[3,22,25,25],"current_hp_per_floor":[63,60,60,60,58,58,41,41,41,39,28,45,45,43,43,37,53,53,51,51,43,43,32,32,32,32,51,51,49,49,38,38,0],"gold":85,"neow_bonus":"REMOVE_TWO","is_prod":false,"is_daily":false,"chose_seed":false,"campfire_upgraded":5,"win_rate":0,"timestamp":1546591057,"path_taken":["M","M","$","M","?","R","M","R","T","M","?","R","?","M","R","BOSS","M","?","?","M","$","E","R","$","T","R","?","M","?","?","R","BOSS"],"build_version":"2019-01-03v3","purchased_purges":0,"victory":false,"max_hp_per_floor":[64,64,64,64,58,58,58,58,58,58,58,58,58,58,58,58,58,58,58,58,58,58,65,65,65,65,65,65,65,65,65,65,65],"card_choices":[{"not_picked":["Cold Snap","Storm"],"picked":"Leap","floor":1.0},{"not_picked":["Rebound","Turbo"],"picked":"Ball Lightning","floor":2.0},{"not_picked":["Compile Driver","Turbo"],"picked":"Leap","floor":4.0},{"not_picked":["Rebound","Gash"],"picked":"FTL","floor":7.0},{"not_picked":["Reprogram","Streamline"],"picked":"Cold Snap","floor":10.0},{"not_picked":["FTL","Sweeping Beam"],"picked":"Fission","floor":14.0},{"not_picked":["Fission","Amplify"],"picked":"Echo Form","floor":16.0},{"not_picked":["Sunder","Ball Lightning"],"picked":"Double Energy","floor":18.0},{"not_picked":["Melter","Darkness+1"],"picked":"Hologram+1","floor":19.0},{"not_picked":["Lockon","Stack","Beam Cell"],"picked":"SKIP","floor":21.0},{"not_picked":["Aggregate","Streamline"],"picked":"Electrodynamics","floor":23.0},{"not_picked":["Conserve Battery","Blizzard","Redo"],"picked":"SKIP","floor":29.0},{"not_picked":["Cold Snap","Creative AI"],"picked":"Barrage","floor":31}],"player_experience":396928,"relics_obtained":[{"floor":9.0,"key":"Kunai"},{"floor":23.0,"key":"Strawberry"},{"floor":26.0,"key":"Ginger"}],"event_choices":[{"damage_healed":0.0,"max_hp_gain":0.0,"max_hp_loss":6.0,"gold_gain":0.0,"event_name":"Golden Idol","player_choice":"Lose Max HP","floor":5.0,"gold_loss":0.0,"damage_taken":0.0,"relics_obtained":["Golden Idol"]},{"damage_healed":0.0,"max_hp_gain":0.0,"max_hp_loss":0.0,"gold_gain":75.0,"event_name":"World of Goop","player_choice":"Gather Gold","floor":11.0,"gold_loss":0.0,"damage_taken":11.0},{"damage_healed":0.0,"max_hp_gain":0.0,"max_hp_loss":0.0,"gold_gain":0.0,"event_name":"Accursed Blacksmith","player_choice":"Forge","floor":13.0,"gold_loss":0.0,"damage_taken":0.0,"cards_upgraded":["Dualcast"]},{"damage_healed":0.0,"max_hp_gain":0.0,"max_hp_loss":0.0,"gold_gain":0.0,"event_name":"Forgotten Altar","player_choice":"Gave Idol","floor":20.0,"relics_lost":["Golden Idol"],"gold_loss":0.0,"damage_taken":0.0,"relics_obtained":["Bloody Idol"]},{"damage_healed":0.0,"max_hp_gain":0.0,"max_hp_loss":0.0,"gold_gain":0.0,"event_name":"Cursed Tome","player_choice":"Ignored","floor":28.0,"gold_loss":0.0,"damage_taken":0.0},{"damage_healed":0.0,"max_hp_gain":0.0,"max_hp_loss":0.0,"gold_gain":0.0,"event_name":"FaceTrader","player_choice":"Leave","floor":30.0,"gold_loss":0.0,"damage_taken":0.0}],"is_beta":false,"boss_relics":[{"not_picked":["FrozenCore","Fusion Hammer"],"picked":"Nuclear Battery"}],"items_purged_floors":[],"is_endless":false,"potions_floor_spawned":[2,16,19,23,29],"killed_by":"Automaton","ascension_level":15}