{"gold_per_floor":[114,133,64,139,139,168,168,183,183,198,198,498,498,512,512,512],"floor_reached":16,"playtime":528,"items_purged":[],"score":125,"play_id":"fac27193-fa97-482d-93ed-0078265b6eeb","local_time":"20190909143949","is_ascension_mode":false,"campfire_choices":[{"data":"ForeignInfluence","floor":7,"key":"SMITH"},{"data":"CarveReality","floor":11,"key":"SMITH"},{"data":"Brilliance","floor":15,"key":"SMITH"}],"neow_cost":"NONE","seed_source_timestamp":1193533464660400,"circlet_count":0,"master_deck":["Strike_P","Strike_P","Strike_P","Strike_P","Defend_P","Defend_P","Defend_P","Defend_P","Eruption","Vigilance","ForeignInfluence+1","EmptyFist","CarveReality+1","Brilliance+1","FlyingSleeves","Conclude+1"],"relics":["PureWater","NeowsBlessing","Mummified Hand","Matryoshka","Regal Pillow","Old Coin"],"potions_floor_usage":[],"damage_taken":[{"damage":0,"enemies":"Cultist","floor":1,"turns":1},{"damage":0,"enemies":"Jaw Worm","floor":2,"turns":1},{"damage":0,"enemies":"Lagavulin","floor":6,"turns":1},{"damage":0,"enemies":"2 Louse","floor":8,"turns":2},{"damage":0,"enemies":"Exordium Wildlife","floor":10,"turns":2},{"damage":22,"enemies":"Exordium Thugs","floor":14,"turns":4},{"damage":44,"enemies":"The Guardian","floor":16,"turns":6}],"seed_played":"-2043272578611614548","potions_obtained":[{"floor":6,"key":"Strength Potion"},{"floor":10,"key":"Strength Potion"}],"is_trial":false,"path_per_floor":["M","M","$","?","?","E","R","M","T","M","R","T","?","M","R","B"],"character_chosen":"WATCHER","items_purchased":["CarveReality"],"campfire_rested":0,"item_purchase_floors":[3],"current_hp_per_floor":[65,65,65,54,59,59,59,59,59,59,59,59,59,37,37,0],"gold":512,"neow_bonus":"THREE_ENEMY_KILL","is_prod":false,"is_daily":false,"chose_seed":false,"campfire_upgraded":3,"win_rate":0.0,"timestamp":1568054389,"path_taken":["M","M","?","?","?","E","R","M","T","?","R","?","?","M","R","BOSS"],"build_version":"2019-09-09","purchased_purges":0,"victory":false,"max_hp_per_floor":[65,65,65,65,70,70,70,70,70,70,70,70,70,70,70,70],"card_choices":[{"not_picked":["ThirdEye","Crescendo"],"picked":"ForeignInfluence","floor":1},{"not_picked":["Weave","ThirdEye"],"picked":"EmptyFist","floor":2},{"not_picked":["EmptyBody","Ragnarok"],"picked":"Brilliance","floor":6},{"not_picked":["CrushJoints","EmptyMind"],"picked":"FlyingSleeves","floor":8},{"not_picked":["EmptyMind","Crescendo"],"picked":"Conclude","floor":10},{"not_picked":["EmptyBody","EmptyMind","ThirdEye"],"picked":"SKIP","floor":14}],"player_experience":995290,"relics_obtained":[{"floor":6,"key":"Mummified Hand"},{"floor":9,"key":"Matryoshka"},{"floor":12,"key":"Regal Pillow"},{"floor":12,"key":"Old Coin"}],"event_choices":[{"damage_healed":0,"gold_gain":75,"player_choice":"Gather Gold","damage_taken":11,"max_hp_gain":0,"max_hp_loss":0,"event_name":"World of Goop","floor":4,"gold_loss":0},{"damage_healed":0,"gold_gain":0,"player_choice":"Donut","damage_taken":0,"max_hp_gain":5,"max_hp_loss":0,"event_name":"Big Fish","floor":5,"gold_loss":0},{"damage_healed":0,"gold_gain":0,"player_choice":"Forge","damage_taken":0,"max_hp_gain":0,"max_hp_loss":0,"event_name":"Accursed Blacksmith","floor":13,"gold_loss":0,"cards_upgraded":["Conclude"]}],"is_beta":true,"boss_relics":[],"items_purged_floors":[],"is_endless":false,"potions_floor_spawned":[6,10],"killed_by":"The Guardian","ascension_level":0}