{"gold_per_floor":[116,116,66,84,9,9,23,38,89,89,120,140,140,152,152,257,257,272,289,289,299,91,91,103,119,187,207,232,305,305,317,317,317],"floor_reached":33,"playtime":1255,"items_purged":["Strike_R"],"score":366,"play_id":"a1185f99-73bb-4a94-b403-9b09d114675b","local_time":"20180811185104","is_ascension_mode":true,"campfire_choices":[{"data":"Body Slam","floor":6,"key":"SMITH"},{"data":"True Grit","floor":10,"key":"SMITH"},{"floor":15,"key":"REST"},{"data":"Shrug It Off","floor":23,"key":"SMITH"},{"data":"Limit Break","floor":32,"key":"SMITH"}],"neow_cost":"NONE","seed_source_timestamp":530064314804345,"circlet_count":0,"master_deck":["Strike_R","Strike_R","Strike_R+1","Strike_R","Defend_R","Defend_R","Defend_R","Defend_R","Bash+1","Body Slam+1","True Grit+1","Shrug It Off+1","Shrug It Off","Barricade+1","Limit Break+1","Heavy Blade+1","Bash","Anger+1","Reaper","Spot Weakness"],"relics":["Burning Blood","Lantern","Red Skull","Mark of Pain","Lee\u0027s Waffle","Paper Frog","Boot","Mummified Hand"],"potions_floor_usage":[11,14,14,19,28,28],"damage_taken":[{"damage":4,"enemies":"2 Louse","floor":1,"turns":4},{"damage":1,"enemies":"Cultist","floor":4,"turns":3},{"damage":0,"enemies":"Jaw Worm","floor":7,"turns":6},{"damage":2,"enemies":"3 Louse","floor":8,"turns":6},{"damage":9,"enemies":"Lagavulin","floor":11,"turns":5},{"damage":4,"enemies":"Large Slime","floor":12,"turns":10},{"damage":60,"enemies":"Gremlin Gang","floor":14,"turns":6},{"damage":10,"enemies":"The Guardian","floor":16,"turns":10},{"damage":20,"enemies":"Shell Parasite","floor":18,"turns":8},{"damage":15,"enemies":"2 Thieves","floor":19,"turns":3},{"damage":14,"enemies":"Centurion and Healer","floor":21,"turns":8},{"damage":23,"enemies":"Snake Plant","floor":24,"turns":6},{"damage":31,"enemies":"Snecko","floor":25,"turns":5},{"damage":5,"enemies":"Centurion and Healer","floor":27,"turns":5},{"damage":33,"enemies":"Gremlin Leader","floor":28,"turns":6},{"damage":16,"enemies":"Sentry and Sphere","floor":31,"turns":4},{"damage":55,"enemies":"Champ","floor":33,"turns":9}],"seed_played":"668082520407338938","potions_obtained":[{"floor":1,"key":"SkillPotion"},{"floor":7,"key":"PowerPotion"},{"floor":8,"key":"LiquidBronze"},{"floor":14,"key":"SkillPotion"},{"floor":19,"key":"Weak Potion"},{"floor":25,"key":"Explosive Potion"},{"floor":28,"key":"Poison Potion"}],"is_trial":false,"path_per_floor":["M","?","$","M","$","R","M","M","T","R","E","M","?","M","R","B",null,"M","M","?","M","$","R","M","M","T","M","E","T","?","M","R"],"character_chosen":"IRONCLAD","items_purchased":["True Grit","Lee\u0027s Waffle"],"campfire_rested":1,"item_purchase_floors":[3,22],"current_hp_per_floor":[74,74,74,79,79,79,80,80,80,80,77,79,63,9,33,29,67,53,44,44,36,87,87,70,45,45,46,37,37,37,27,27,0],"gold":317,"neow_bonus":"UPGRADE_CARD","is_prod":false,"is_daily":false,"chose_seed":false,"campfire_upgraded":4,"win_rate":0,"timestamp":1534027864,"path_taken":["M","?","$","M","$","R","M","M","T","R","E","M","?","M","R","BOSS","M","M","?","M","$","R","M","M","T","M","E","?","?","M","R","BOSS"],"build_version":"2018-08-08","purchased_purges":1,"victory":false,"max_hp_per_floor":[80,80,80,80,80,80,80,80,80,80,80,80,80,80,80,80,80,80,80,80,80,87,87,87,87,87,87,87,87,87,87,87,87],"card_choices":[{"not_picked":["Thunderclap","Twin Strike"],"picked":"Body Slam","floor":1},{"not_picked":["Spot Weakness","Uppercut"],"picked":"Shrug It Off","floor":4},{"not_picked":["Warcry","Flex"],"picked":"Shrug It Off","floor":7},{"not_picked":["Carnage","Fire Breathing","Ghostly Armor"],"picked":"SKIP","floor":8},{"not_picked":["Entrench","Warcry"],"picked":"Barricade","floor":11},{"not_picked":["Perfected Strike","Clash","Sword Boomerang"],"picked":"SKIP","floor":12},{"not_picked":["Corruption","Heavy Blade","Warcry"],"picked":"SKIP","floor":14},{"not_picked":["Brutality","Immolate"],"picked":"Limit Break","floor":16},{"not_picked":["Pommel Strike","Warcry"],"picked":"Heavy Blade+1","floor":18},{"not_picked":["Battle Trance","Cleave","Flex"],"picked":"SKIP","floor":19},{"not_picked":["Perfected Strike+1","Dropkick+1"],"picked":"Anger+1","floor":21},{"not_picked":["Dual Wield","Fire Breathing","Dropkick"],"picked":"SKIP","floor":24},{"not_picked":["Clash+1","Blood for Blood"],"picked":"Reaper","floor":25},{"not_picked":["Twin Strike","Sword Boomerang","Iron Wave"],"picked":"SKIP","floor":27},{"not_picked":["Combust+1","Headbutt"],"picked":"Spot Weakness","floor":28},{"not_picked":["Pommel Strike","Body Slam","Havoc+1"],"picked":"SKIP","floor":31}],"player_experience":855329,"relics_obtained":[{"floor":9,"key":"Lantern"},{"floor":11,"key":"Red Skull"},{"floor":26,"key":"Paper Frog"},{"floor":28,"key":"Boot"},{"floor":29,"key":"Mummified Hand"}],"event_choices":[{"event_name":"The Woman in Blue","player_choice":"Bought 0 Potions","floor":2,"damage_taken":0},{"event_name":"Shining Light","player_choice":"Entered Light","floor":13,"damage_taken":0},{"event_name":"Match and Keep!","player_choice":"1 cards matched","floor":20,"damage_taken":0},{"event_name":"The Mausoleum","player_choice":"No","floor":30,"damage_taken":0}],"is_beta":true,"boss_relics":[{"not_picked":["Runic Dome","Runic Pyramid"],"picked":"Mark of Pain"}],"items_purged_floors":[5],"is_endless":false,"potions_floor_spawned":[1,7,8,14,19,25,28],"killed_by":"Champ","ascension_level":7}