{"path_per_floor":["M","M","$","M","M","R","M","M","T","R","$","R","?","$","R","B",null,"M","M","M","M","$","R","M","M","T","?"],"character_chosen":"THE_SILENT","items_purchased":[],"gold_per_floor":[111,123,48,62,74,74,90,100,124,124,24,24,24,24,24,124,124,64,64,64,64,64,64,64,64,64,64],"floor_reached":28,"campfire_rested":1,"playtime":1198,"current_hp_per_floor":[70,69,69,69,69,69,65,65,65,65,65,65,65,65,65,26,70,58,60,40,13,13,34,28,22,22,22],"items_purged":["Strike_G","Defend_G"],"gold":64,"score":240,"play_id":"af8f6c71-f41e-46d1-aa39-66650b8ebfbe","is_prod":false,"is_daily":false,"is_ascension_mode":false,"campfire_upgraded":4,"path_taken":["M","M","$","M","M","R","M","M","T","R","$","R","?","$","R","BOSS","M","M","M","M","$","R","M","M","T","?","?"],"build_version":"2018-02-15-PROD1","purchased_purges":3,"victory":false,"master_deck":["Defend_G","Defend_G","Defend_G","Defend_G","Survivor","Neutralize","Slice","All Out Attack+1","Flying Knee","Dodge and Roll+1","Unload","Caltrops+1","All Out Attack+1","Deflect","Neutralize","Phantasmal Killer","Expertise+1","Underhanded Strike+1","Dagger Throw+1","Predator","Slice","Bite","Bite","Bite","Bite","Bite"],"max_hp_per_floor":[70,70,70,70,70,70,70,70,70,70,70,70,70,70,70,70,70,70,70,70,70,70,70,70,70,70,70],"relics":["Ring of the Snake","Ectoplasm","Bird Faced Urn"],"card_choices":[{"not_picked":["Sucker Punch","Escape Plan"],"picked":"Slice"},{"not_picked":["Outmaneuver","Flying Knee"],"picked":"All Out Attack"},{"not_picked":["Poisoned Stab","Outmaneuver"],"picked":"Flying Knee"},{"not_picked":["Finisher","Acrobatics"],"picked":"Dodge and Roll"},{"not_picked":["Terror","Catalyst"],"picked":"Unload"},{"not_picked":["Sucker Punch","Choke"],"picked":"Caltrops"},{"not_picked":["Blur","Deflect"],"picked":"All Out Attack"},{"not_picked":["Burst","Night Terror"],"picked":"Phantasmal Killer"},{"not_picked":["Dodge and Roll","All Out Attack"],"picked":"Expertise"},{"not_picked":["Dagger Throw","Outmaneuver"],"picked":"Underhanded Strike"},{"not_picked":["Dodge and Roll","Bane"],"picked":"Dagger Throw"},{"not_picked":["Leg Sweep","Dagger Spray"],"picked":"Predator"},{"not_picked":["Riddle With Holes","Dagger Throw"],"picked":"Slice"}],"player_experience":100833,"potions_floor_usage":[],"damage_taken":[{"damage":0,"enemies":"2 Louse","floor":1,"turns":2},{"damage":1,"enemies":"Cultist","floor":2,"turns":3},{"damage":0,"enemies":"Jaw Worm","floor":4,"turns":2},{"damage":0,"enemies":"Lots of Slimes","floor":5,"turns":2},{"damage":4,"enemies":"2 Fungi Beasts","floor":7,"turns":2},{"damage":0,"enemies":"3 Louse","floor":8,"turns":1},{"damage":41,"enemies":"Hexaghost","floor":16,"turns":10},{"damage":12,"enemies":"2 Thieves","floor":18,"turns":4},{"damage":0,"enemies":"3 Byrds","floor":19,"turns":4},{"damage":22,"enemies":"Centurion and Healer","floor":20,"turns":5},{"damage":29,"enemies":"Snake Plant","floor":21,"turns":4},{"damage":8,"enemies":"Snecko","floor":24,"turns":4},{"damage":8,"enemies":"Sentry and Sphere","floor":25,"turns":4},{"damage":30,"enemies":"Centurion and Healer","floor":28,"turns":3}],"event_choices":[{"event_name":"Match and Keep!","player_choice":"2 cards matched","floor":13,"damage_taken":0},{"event_name":"Vampires","player_choice":"Became a vampire (Vial)","floor":27,"damage_taken":0}],"boss_relics":[{"not_picked":["The Specimen","Orrery"],"picked":"Ectoplasm"}],"potions_floor_spawned":[1,5,8,16,19,20,21],"seed_played":"7597074630194493016","killed_by":"Centurion and Healer","ascension_level":0,"is_trial":false}