{"gold_per_floor":[216,17,17,27,41,73,83,83,107,51,68,68,88,98,98,175,175,192,224,224,242,242,242],"floor_reached":23,"playtime":925,"items_purged":[],"score":401,"play_id":"3943c4da-8eba-4178-ac77-ed0303016e35","local_time":"20190917182208","is_ascension_mode":true,"campfire_choices":[{"data":"Neutralize","floor":8.0,"key":"SMITH"},{"data":"Footwork","floor":12.0,"key":"SMITH"},{"floor":15.0,"key":"REST"}],"neow_cost":"NONE","seed_source_timestamp":275207764814300,"circlet_count":0,"master_deck":["AscendersBane","Strike_G","Strike_G","Strike_G","Strike_G","Strike_G","Defend_G","Defend_G","Defend_G","Defend_G","Survivor","Neutralize+1","Footwork+1","Apotheosis+1","Backflip","Sucker Punch","Cloak And Dagger","Deadly Poison","Backflip","Deflect","Adrenaline","Backflip","Bandage Up","Backflip"],"special_seed":0,"relics":["Ring of the Snake","Strawberry","Centennial Puzzle","Sozu","Red Mask"],"potions_floor_usage":[23],"damage_taken":[{"damage":2.0,"enemies":"2 Louse","floor":1.0,"turns":3.0},{"damage":0.0,"enemies":"Cultist","floor":4.0,"turns":4.0},{"damage":1.0,"enemies":"Jaw Worm","floor":5.0,"turns":5.0},{"damage":17.0,"enemies":"3 Sentries","floor":6.0,"turns":9.0},{"damage":7.0,"enemies":"2 Fungi Beasts","floor":7.0,"turns":4.0},{"damage":3.0,"enemies":"Exordium Thugs","floor":11.0,"turns":6.0},{"damage":0.0,"enemies":"Looter","floor":13.0,"turns":4.0},{"damage":3.0,"enemies":"Red Slaver","floor":14.0,"turns":4.0},{"damage":23.0,"enemies":"The Guardian","floor":16.0,"turns":11.0},{"damage":8.0,"enemies":"Spheric Guardian","floor":18.0,"turns":7.0},{"damage":18.0,"enemies":"Masked Bandits","floor":19.0,"turns":7.0},{"damage":11.0,"enemies":"Chosen","floor":21.0,"turns":6.0},{"damage":39,"enemies":"Gremlin Leader","floor":23,"turns":11}],"seed_played":"-4661439202696806178","potions_obtained":[{"floor":4.0,"key":"LiquidBronze"},{"floor":5.0,"key":"Explosive Potion"},{"floor":6.0,"key":"Poison Potion"},{"floor":7.0,"key":"LiquidBronze"},{"floor":16.0,"key":"SpeedPotion"}],"is_trial":false,"path_per_floor":["M","$","?","M","M","E","M","R","T","$","M","R","M","M","R","B",null,"M","?","?","M","?","E"],"character_chosen":"THE_SILENT","items_purchased":["Apotheosis","Deadly Poison"],"campfire_rested":1,"item_purchase_floors":[2,10],"current_hp_per_floor":[57,57,57,57,56,46,39,39,39,39,36,36,36,33,54,31,63,55,37,23,16,16,0],"gold":242,"neow_bonus":"HUNDRED_GOLD","is_prod":false,"is_daily":false,"chose_seed":false,"campfire_upgraded":2,"win_rate":0,"timestamp":1568762528,"path_taken":["M","$","?","M","?","E","M","R","T","$","M","R","M","?","R","BOSS","M","?","?","?","?","E"],"build_version":"2019-09-17","purchased_purges":0,"victory":false,"max_hp_per_floor":[66,66,66,66,66,73,73,73,73,73,73,73,73,73,73,73,73,73,73,73,73,73,73],"card_choices":[{"not_picked":["Blade Dance","Cloak And Dagger"],"picked":"Footwork","floor":1.0},{"not_picked":["Slice","Accuracy"],"picked":"Backflip","floor":4.0},{"not_picked":["Outmaneuver","Slice"],"picked":"Sucker Punch","floor":5.0},{"not_picked":["Tactician","Backflip"],"picked":"Cloak And Dagger","floor":6.0},{"not_picked":["Endless Agony","Outmaneuver","Underhanded Strike"],"picked":"SKIP","floor":7.0},{"not_picked":["Outmaneuver","Flying Knee","Bane"],"picked":"SKIP","floor":11.0},{"not_picked":["Corpse Explosion","Prepared"],"picked":"Backflip","floor":13.0},{"not_picked":["Flying Knee","Well Laid Plans"],"picked":"Deflect","floor":14.0},{"not_picked":["Die Die Die","Malaise"],"picked":"Adrenaline","floor":16.0},{"not_picked":["PiercingWail","Underhanded Strike+1","All Out Attack"],"picked":"SKIP","floor":18.0},{"not_picked":["Calculated Gamble","Outmaneuver"],"picked":"Backflip","floor":19.0},{"not_picked":["Deflect","Poisoned Stab+1"],"picked":"Backflip","floor":21.0}],"player_experience":1367541,"relics_obtained":[{"floor":6.0,"key":"Strawberry"},{"floor":9.0,"key":"Centennial Puzzle"},{"floor":19.0,"key":"Red Mask"}],"event_choices":[{"damage_healed":0.0,"max_hp_gain":0.0,"max_hp_loss":0.0,"gold_gain":0.0,"event_name":"Upgrade Shrine","player_choice":"Upgraded","floor":3.0,"gold_loss":0.0,"damage_taken":0.0,"cards_upgraded":["Apotheosis"]},{"damage_healed":0.0,"max_hp_gain":0.0,"max_hp_loss":0.0,"gold_gain":0.0,"event_name":"Masked Bandits","player_choice":"Fought Bandits","floor":19.0,"gold_loss":0.0,"damage_taken":0.0},{"damage_healed":0.0,"max_hp_gain":0.0,"max_hp_loss":0.0,"gold_gain":0.0,"event_name":"Knowing Skull","player_choice":"CARD ","floor":20.0,"potions_obtained":[],"gold_loss":0.0,"damage_taken":14.0,"cards_obtained":["Bandage Up"]},{"cards_removed":["Defend_G"],"damage_healed":0.0,"max_hp_gain":0.0,"max_hp_loss":0.0,"gold_gain":0.0,"event_name":"Purifier","player_choice":"Purged","floor":22.0,"gold_loss":0.0,"damage_taken":0.0}],"is_beta":true,"boss_relics":[{"not_picked":["Ring of the Serpent","HoveringKite"],"picked":"Sozu"}],"items_purged_floors":[],"is_endless":false,"potions_floor_spawned":[4,5,6,7,16,18],"killed_by":"Gremlin Leader","ascension_level":19}