{"gold_per_floor":[99,117,137,137,137,181,181,181],"floor_reached":8,"playtime":411,"items_purged":[],"score":59,"play_id":"cb65d44f-5ce3-445e-9e5f-8be8f77a8e8d","local_time":"20190915181325","is_ascension_mode":true,"campfire_choices":[{"floor":7,"key":"REST"}],"neow_cost":"NONE","seed_source_timestamp":2555946118948700,"circlet_count":0,"master_deck":["Strike_G","Strike_G","Strike_G","Strike_G","Strike_G","Defend_G","Defend_G","Defend_G","Defend_G","Defend_G","Survivor","Neutralize","PiercingWail","Regret","Injury"],"relics":["Ring of the Snake","NeowsBlessing","Dodecahedron","Golden Idol","Frozen Egg 2"],"potions_floor_usage":[8],"damage_taken":[{"damage":0,"enemies":"Cultist","floor":1,"turns":1},{"damage":0,"enemies":"2 Louse","floor":2,"turns":1},{"damage":0,"enemies":"Jaw Worm","floor":3,"turns":1},{"damage":64,"enemies":"3 Sentries","floor":6,"turns":18},{"damage":47,"enemies":"Gremlin Nob","floor":8,"turns":4}],"seed_played":"543824109779538821","potions_obtained":[{"floor":2,"key":"FearPotion"}],"is_trial":false,"path_per_floor":["M","M","M","?","?","E","R","E"],"character_chosen":"THE_SILENT","items_purchased":[],"campfire_rested":1,"item_purchase_floors":[],"current_hp_per_floor":[70,70,70,70,70,6,27,0],"gold":181,"neow_bonus":"THREE_ENEMY_KILL","is_prod":false,"is_daily":false,"chose_seed":false,"campfire_upgraded":0,"win_rate":0,"timestamp":1568585605,"path_taken":["M","M","?","?","?","E","R","E"],"build_version":"2019-07-17","purchased_purges":0,"victory":false,"max_hp_per_floor":[70,70,70,70,70,70,70,70],"card_choices":[{"not_picked":["Cloak And Dagger","Sucker Punch","Slice"],"picked":"SKIP","floor":1},{"not_picked":["Underhanded Strike","Blur","Deadly Poison"],"picked":"SKIP","floor":2},{"not_picked":["Setup","Poisoned Stab"],"picked":"PiercingWail","floor":3},{"not_picked":["Expertise","Bane","Dodge and Roll"],"picked":"SKIP","floor":6}],"player_experience":489371,"relics_obtained":[{"floor":6,"key":"Frozen Egg 2"}],"event_choices":[{"damage_healed":0,"gold_gain":0,"player_choice":"Box","damage_taken":0,"relics_obtained":["Dodecahedron"],"max_hp_gain":0,"max_hp_loss":0,"event_name":"Big Fish","floor":4,"gold_loss":0,"cards_obtained":["Regret"]},{"damage_healed":0,"gold_gain":0,"player_choice":"Take Wound","damage_taken":0,"relics_obtained":["Golden Idol"],"max_hp_gain":0,"max_hp_loss":0,"event_name":"Golden Idol","floor":5,"gold_loss":0,"cards_obtained":["Injury"]}],"is_beta":false,"boss_relics":[],"items_purged_floors":[],"is_endless":false,"potions_floor_spawned":[2],"killed_by":"Gremlin Nob","ascension_level":1}