{"gold_per_floor":[118,118,139,89,89,127,3,38,114,114,137,155,178,199,199,323,323,342,342,357,357],"floor_reached":21,"playtime":837,"items_purged":["Defend_R"],"score":191,"play_id":"e8ebc828-f019-483b-854c-dd2a75d9af74","local_time":"20190913001638","is_ascension_mode":false,"campfire_choices":[{"floor":10,"key":"REST"},{"data":"Havoc","floor":15,"key":"SMITH"}],"neow_cost":"NONE","seed_source_timestamp":2318112546236100,"circlet_count":0,"master_deck":["Strike_R","Strike_R","Strike_R","Strike_R","Strike_R","Defend_R","Defend_R","Bash","Heavy Blade","Spot Weakness","Warcry","Havoc+1","Reaper","Feed"],"relics":["Burning Blood","Golden Idol","Gambling Chip","Dead Branch","Thread and Needle","Kunai","White Beast Statue"],"potions_floor_usage":[8,16,16,16,18,18,20,20,20,21],"damage_taken":[{"damage":11,"enemies":"Jaw Worm","floor":1,"turns":3},{"damage":8,"enemies":"Small Slimes","floor":3,"turns":3},{"damage":30,"enemies":"Gremlin Nob","floor":6,"turns":4},{"damage":36,"enemies":"Lagavulin","floor":8,"turns":4},{"damage":0,"enemies":"Cultist","floor":11,"turns":2},{"damage":8,"enemies":"Blue Slaver","floor":12,"turns":2},{"damage":5,"enemies":"Exordium Wildlife","floor":13,"turns":3},{"damage":6,"enemies":"Looter","floor":14,"turns":2},{"damage":28,"enemies":"Slime Boss","floor":16,"turns":8},{"damage":27,"enemies":"3 Byrds","floor":18,"turns":4},{"damage":41,"enemies":"Chosen","floor":20,"turns":7},{"damage":14,"enemies":"Centurion and Healer","floor":21,"turns":3}],"seed_played":"-2357192906877340753","potions_obtained":[{"floor":11,"key":"PowerPotion"},{"floor":13,"key":"Fire Potion"},{"floor":14,"key":"EssenceOfSteel"},{"floor":16,"key":"EntropicBrew"},{"floor":18,"key":"Regen Potion"}],"is_trial":false,"path_per_floor":["M","?","M","?","T","E","$","E","T","R","M","M","M","M","R","B",null,"M","?","M","M"],"character_chosen":"IRONCLAD","items_purchased":["SkillPotion"],"campfire_rested":1,"item_purchase_floors":[7],"current_hp_per_floor":[75,74,72,72,72,48,48,18,18,40,46,44,45,45,45,27,74,56,77,54,40],"gold":357,"neow_bonus":"THREE_CARDS","is_prod":false,"is_daily":false,"chose_seed":false,"campfire_upgraded":1,"win_rate":0,"timestamp":1568348198,"path_taken":["M","?","M","?","?","E","?","E","T","R","M","M","M","?","R","BOSS","M","?","M","M"],"build_version":"2019-07-17","purchased_purges":1,"victory":false,"max_hp_per_floor":[80,74,74,74,74,74,74,74,74,74,74,74,74,74,74,74,74,77,77,77,77],"card_choices":[{"not_picked":["Clothesline","Wild Strike"],"picked":"Heavy Blade","floor":0},{"not_picked":["Anger","Body Slam","Carnage"],"picked":"SKIP","floor":1},{"not_picked":["Wild Strike","Armaments"],"picked":"Spot Weakness","floor":3},{"not_picked":["Fire Breathing","Combust"],"picked":"Warcry","floor":6},{"not_picked":["Iron Wave","Pommel Strike","Wild Strike"],"picked":"SKIP","floor":8},{"not_picked":["Headbutt","Sword Boomerang"],"picked":"Havoc","floor":11},{"not_picked":["Heavy Blade","Blood for Blood","Iron Wave"],"picked":"SKIP","floor":12},{"not_picked":["True Grit","Anger","Clothesline"],"picked":"SKIP","floor":13},{"not_picked":["Anger","Havoc"],"picked":"Reaper","floor":14},{"not_picked":["Bludgeon","Barricade"],"picked":"Feed","floor":16},{"not_picked":["Dropkick+1","Clothesline","Entrench"],"picked":"SKIP","floor":18},{"not_picked":["Wild Strike+1","Sword Boomerang","Clash"],"picked":"SKIP","floor":20}],"player_experience":403017,"relics_obtained":[{"floor":5,"key":"Gambling Chip"},{"floor":6,"key":"Dead Branch"},{"floor":8,"key":"Thread and Needle"},{"floor":9,"key":"Kunai"}],"event_choices":[{"damage_healed":0,"gold_gain":0,"player_choice":"Lose Max HP","damage_taken":0,"relics_obtained":["Golden Idol"],"max_hp_gain":0,"max_hp_loss":6,"event_name":"Golden Idol","floor":2,"gold_loss":0},{"cards_removed":["Defend_R"],"damage_healed":0,"gold_gain":0,"player_choice":"Card Removal","damage_taken":0,"max_hp_gain":0,"max_hp_loss":0,"event_name":"The Cleric","floor":4,"gold_loss":50},{"damage_healed":25,"gold_gain":0,"player_choice":"Heal","damage_taken":0,"max_hp_gain":0,"max_hp_loss":0,"event_name":"The Library","floor":19,"gold_loss":0}],"is_beta":false,"boss_relics":[{"not_picked":["Runic Dome","Orrery"],"picked":"White Beast Statue"}],"items_purged_floors":[7],"is_endless":false,"potions_floor_spawned":[11,13,14,16,18,20],"killed_by":"Centurion and Healer","ascension_level":0}