{"gold_per_floor":[213,213,40,50,69,69,99,99,99,99,99,110,122,134,134,134],"floor_reached":16,"playtime":987,"items_purged":[],"score":204,"play_id":"3bf869df-f20b-4e0c-a8a5-6cb9cdd8113c","local_time":"20190831213924","is_ascension_mode":true,"campfire_choices":[{"data":"Zap","floor":6.0,"key":"SMITH"},{"data":"Steam Power","floor":8.0,"key":"SMITH"},{"data":"Chaos","floor":15.0,"key":"SMITH"}],"neow_cost":"NONE","seed_source_timestamp":719194344572170,"circlet_count":0,"master_deck":["AscendersBane","Strike_B","Strike_B","Strike_B","Defend_B","Defend_B","Defend_B","Defend_B","Zap+1","Dualcast+1","Turbo","Cold Snap","Core Surge","Steam Power+1","Chaos+1","Static Discharge","Compile Driver"],"special_seed":0,"relics":["Cracked Core","Anchor","Mango","Blue Candle","Kunai"],"potions_floor_usage":[16,16],"damage_taken":[{"damage":0.0,"enemies":"Jaw Worm","floor":1.0,"turns":3.0},{"damage":3.0,"enemies":"2 Louse","floor":4.0,"turns":3.0},{"damage":0.0,"enemies":"Small Slimes","floor":5.0,"turns":4.0},{"damage":33.0,"enemies":"Gremlin Nob","floor":7.0,"turns":5.0},{"damage":13.0,"enemies":"Exordium Thugs","floor":12.0,"turns":5.0},{"damage":0.0,"enemies":"Exordium Wildlife","floor":13.0,"turns":2.0},{"damage":2.0,"enemies":"Red Slaver","floor":14.0,"turns":3.0},{"damage":27,"enemies":"Hexaghost","floor":16,"turns":7}],"seed_played":"2537761921809357485","potions_obtained":[{"floor":4.0,"key":"SpeedPotion"},{"floor":7.0,"key":"Strength Potion"},{"floor":13.0,"key":"AttackPotion"}],"is_trial":false,"path_per_floor":["M","?","$","M","M","R","E","R","T","?","?","M","M","M","R","B"],"character_chosen":"DEFECT","items_purchased":["Anchor"],"campfire_rested":0,"item_purchase_floors":[3],"current_hp_per_floor":[64,64,64,61,61,61,42,42,42,37,37,24,24,22,22,0],"gold":134,"neow_bonus":"HUNDRED_GOLD","is_prod":false,"is_daily":false,"chose_seed":false,"campfire_upgraded":3,"win_rate":0,"timestamp":1567312764,"path_taken":["M","?","$","M","M","R","E","R","T","?","?","M","?","M","R","BOSS"],"build_version":"2019-07-17","purchased_purges":0,"victory":false,"max_hp_per_floor":[71,71,71,71,71,71,85,85,85,85,85,85,85,85,85,85],"card_choices":[{"not_picked":["Streamline","Fusion"],"picked":"Turbo","floor":1.0},{"not_picked":["Streamline","Heatsinks"],"picked":"Cold Snap","floor":4.0},{"not_picked":["Heatsinks","Self Repair"],"picked":"Core Surge","floor":5.0},{"not_picked":["Streamline","Rebound"],"picked":"Steam Power","floor":7.0},{"not_picked":["Compile Driver","Reprogram"],"picked":"Chaos","floor":12.0},{"not_picked":["FTL","Melter"],"picked":"Static Discharge","floor":13.0},{"not_picked":["Reinforced Body","Hologram"],"picked":"Compile Driver","floor":14.0}],"player_experience":849312,"relics_obtained":[{"floor":7.0,"key":"Mango"},{"floor":9.0,"key":"Blue Candle"}],"event_choices":[{"cards_removed":["Strike_B"],"damage_healed":0.0,"max_hp_gain":0.0,"max_hp_loss":0.0,"gold_gain":0.0,"event_name":"Living Wall","player_choice":"Forget","floor":2.0,"gold_loss":0.0,"damage_taken":0.0},{"damage_healed":0.0,"max_hp_gain":0.0,"max_hp_loss":0.0,"gold_gain":0.0,"event_name":"Scrap Ooze","player_choice":"Success","floor":10.0,"gold_loss":0.0,"damage_taken":5.0,"relics_obtained":["Kunai"]},{"damage_healed":0.0,"max_hp_gain":0.0,"max_hp_loss":0.0,"gold_gain":0.0,"event_name":"Upgrade Shrine","player_choice":"Upgraded","floor":11.0,"gold_loss":0.0,"damage_taken":0.0,"cards_upgraded":["Dualcast"]}],"is_beta":false,"boss_relics":[],"items_purged_floors":[],"is_endless":false,"potions_floor_spawned":[4,7,13,14],"killed_by":"Hexaghost","ascension_level":20}