{"path_per_floor":["M","$","M","?","M","R","M","M","T","R","?","M","R","M","R","B",null,"M","?","$","?","M","R","?","R","T","M","M","R","M","M","R","B",null,"M","M","M","$","?","R","M","$","T","M","M","M","R","E","R"],"character_chosen":"THE_SILENT","items_purchased":["Well Laid Plans","Blade Dance","Dramatic Entrance+1","Escape Plan","Slice+1","Malaise"],"gold_per_floor":[114,36,54,4,16,16,36,55,55,55,55,72,72,89,89,191,191,203,203,51,0,10,10,10,10,64,80,98,98,118,136,136,234,234,252,272,286,60,115,115,131,50,50,61,73,87,87,116,116,116],"floor_reached":50,"campfire_rested":2,"playtime":2417,"item_purchase_floors":[2,20,38,38,38,42],"current_hp_per_floor":[70,70,70,70,70,70,70,62,62,62,48,57,57,57,57,35,70,67,67,67,67,67,67,67,67,67,51,51,51,61,61,61,33,70,70,70,55,55,41,41,41,41,41,45,35,27,48,19,40,0],"items_purged":["Defend_G"],"gold":116,"score":620,"play_id":"1bc09293-5bc4-4c34-888f-574a78d87385","local_time":"20180529210025","is_prod":false,"is_daily":false,"chose_seed":false,"is_ascension_mode":false,"campfire_upgraded":9,"win_rate":0,"timestamp":1527642025,"campfire_choices":[{"data":"Neutralize","floor":6,"key":"SMITH"},{"data":"Venomology","floor":10,"key":"SMITH"},{"data":"Well Laid Plans","floor":13,"key":"SMITH"},{"data":"Outmaneuver","floor":15,"key":"SMITH"},{"data":"Blade Dance","floor":23,"key":"SMITH"},{"data":"Adrenaline","floor":25,"key":"SMITH"},{"data":"Footwork","floor":29,"key":"SMITH"},{"data":"Adrenaline","floor":32,"key":"SMITH"},{"data":"A Thousand Cuts","floor":40,"key":"SMITH"},{"floor":47,"key":"REST"},{"floor":49,"key":"REST"}],"path_taken":["M","$","M","?","M","R","M","M","T","R","?","M","R","?","R","BOSS","M","?","$","?","M","R","?","R","T","M","M","R","M","M","R","BOSS","M","M","M","$","?","R","M","$","T","M","M","M","R","E","R","BOSS"],"build_version":"2018-05-28","seed_source_timestamp":589168478517157,"purchased_purges":1,"victory":false,"master_deck":["Defend_G","Defend_G","Defend_G","Strike_G+1","Strike_G","Survivor","Neutralize+1","Cloak And Dagger+1","Expertise+1","Blur+1","Slice+1","Well Laid Plans+1","Acrobatics","Dagger Throw","Venomology+1","Outmaneuver+1","Die Die Die+1","Adrenaline+1","Underhanded Strike+1","Blade Dance+1","Prepared","Adrenaline+1","Doubt","Footwork+1","Backstab+1","Bullet Time","Glass Knife+1","A Thousand Cuts+1","Normality","Clumsy","Clumsy","Quick Slash+1","Footwork+1","Deflect+1","Dramatic Entrance+1","Escape Plan","Slice+1","Cloak And Dagger+1","Quick Slash+1","Malaise","Writhe","Die Die Die+1","Backflip+1","Slice+1","Blade Dance"],"max_hp_per_floor":[70,70,70,70,70,70,70,70,70,70,70,70,70,70,70,70,70,70,70,70,70,70,70,70,70,70,70,70,70,70,70,70,70,70,70,70,70,70,70,70,70,70,70,70,70,70,70,70,70,70],"relics":["Molten Egg 2","Cursed Key","Nloth\u0027s Gift","Lantern","Calling Bell","Anchor","Blue Candle","Du-Vu Doll","Ginger","Torii","Boot"],"card_choices":[{"not_picked":["Underhanded Strike","Acrobatics"],"picked":"Slice","floor":1},{"not_picked":["Prepared","Heel Hook"],"picked":"Acrobatics","floor":3},{"not_picked":["Deflect","Poisoned Stab"],"picked":"Dagger Throw","floor":5},{"not_picked":["Terror","Skewer"],"picked":"Venomology","floor":7},{"not_picked":["Catalyst","Poisoned Stab"],"picked":"Outmaneuver","floor":8},{"not_picked":["Bane+1","Prepared","Poisoned Stab+1"],"picked":"SKIP","floor":12},{"not_picked":["PiercingWail","Underhanded Strike+1"],"picked":"Die Die Die+1","floor":14},{"not_picked":["Unload+1","Tools of the Trade"],"picked":"Adrenaline","floor":16},{"not_picked":["Prepared+1","Escape Plan"],"picked":"Underhanded Strike+1","floor":18},{"not_picked":["Predator+1","Acrobatics"],"picked":"Prepared","floor":22},{"not_picked":["Cloak And Dagger","Bouncing Flask+1"],"picked":"Footwork","floor":27},{"not_picked":["Underhanded Strike+1","Deflect"],"picked":"Backstab+1","floor":28},{"not_picked":["Flying Knee+1","Deflect"],"picked":"Bullet Time","floor":30},{"not_picked":["Dagger Spray+1","Infinite Blades"],"picked":"Glass Knife+1","floor":31},{"not_picked":["Doppelganger","Phantasmal Killer"],"picked":"A Thousand Cuts","floor":33},{"not_picked":["All Out Attack+1","Dagger Throw+1"],"picked":"Quick Slash+1","floor":35},{"not_picked":["Poisoned Stab+1","Tactician"],"picked":"Footwork+1","floor":36},{"not_picked":["Bouncing Flask","Poisoned Stab+1"],"picked":"Deflect+1","floor":37},{"not_picked":["Flying Knee+1","Underhanded Strike+1"],"picked":"Cloak And Dagger+1","floor":39},{"not_picked":["Deflect+1","Underhanded Strike+1"],"picked":"Quick Slash+1","floor":41},{"not_picked":["Deadly Poison+1","Cloak And Dagger"],"picked":"Die Die Die+1","floor":44},{"not_picked":["Flying Knee+1","Poisoned Stab+1"],"picked":"Backflip+1","floor":45},{"not_picked":["Skewer+1","PiercingWail+1"],"picked":"Slice+1","floor":46},{"not_picked":["Grand Finale+1","Reflex"],"picked":"Blade Dance","floor":48}],"player_experience":518055,"potions_floor_usage":[12,14,16,16,18,22,27,27,27,30,31,33,36,37,39,41,44,48,50,50,50,50,50,50],"damage_taken":[{"damage":0,"enemies":"Jaw Worm","floor":1,"turns":5},{"damage":0,"enemies":"Small Slimes","floor":3,"turns":3},{"damage":0,"enemies":"Cultist","floor":5,"turns":5},{"damage":0,"enemies":"Gremlin Gang","floor":7,"turns":5},{"damage":8,"enemies":"Exordium Thugs","floor":8,"turns":7},{"damage":0,"enemies":"Exordium Wildlife","floor":12,"turns":3},{"damage":0,"enemies":"Large Slime","floor":14,"turns":3},{"damage":22,"enemies":"The Guardian","floor":16,"turns":13},{"damage":3,"enemies":"2 Thieves","floor":18,"turns":2},{"damage":0,"enemies":"3 Byrds","floor":22,"turns":3},{"damage":16,"enemies":"Cultist and Chosen","floor":27,"turns":8},{"damage":0,"enemies":"Centurion and Healer","floor":28,"turns":5},{"damage":2,"enemies":"Snecko","floor":30,"turns":5},{"damage":0,"enemies":"Chosen and Byrds","floor":31,"turns":6},{"damage":28,"enemies":"Collector","floor":33,"turns":11},{"damage":0,"enemies":"3 Darklings","floor":35,"turns":3},{"damage":0,"enemies":"3 Shapes","floor":36,"turns":3},{"damage":15,"enemies":"Flame Bruiser 2 Orb","floor":37,"turns":4},{"damage":14,"enemies":"Mysterious Sphere","floor":39,"turns":3},{"damage":0,"enemies":"Transient","floor":41,"turns":5},{"damage":1,"enemies":"Maw","floor":44,"turns":6},{"damage":10,"enemies":"Sphere and 2 Shapes","floor":45,"turns":3},{"damage":8,"enemies":"4 Shapes","floor":46,"turns":3},{"damage":29,"enemies":"2 Orb Walkers","floor":48,"turns":3},{"damage":40,"enemies":"Time Eater","floor":50,"turns":6}],"relics_obtained":[{"floor":9,"key":"Molten Egg 2"},{"floor":26,"key":"Lantern"},{"floor":34,"key":"Anchor"},{"floor":34,"key":"Blue Candle"},{"floor":34,"key":"Du-Vu Doll"},{"floor":39,"key":"Ginger"},{"floor":43,"key":"Torii"},{"floor":48,"key":"Boot"}],"event_choices":[{"event_name":"The Cleric","player_choice":"Card Removal","floor":4,"damage_taken":0},{"event_name":"Shining Light","player_choice":"Entered Light","floor":11,"damage_taken":0},{"event_name":"N\u0027loth","player_choice":"Traded a Astrolabe","floor":19,"damage_taken":0},{"event_name":"Masked Bandits","player_choice":"Paid Bandits 51 gold","floor":21,"damage_taken":0},{"event_name":"Duplicator","player_choice":"One dupe","floor":24,"damage_taken":0},{"event_name":"Mysterious Sphere","player_choice":"Fight","floor":39,"damage_taken":0}],"boss_relics":[{"not_picked":["Velvet Choker","Lizard Tail"],"picked":"Cursed Key"},{"not_picked":["Philosopher\u0027s Stone","Tiny House"],"picked":"Calling Bell"}],"items_purged_floors":[20],"potions_floor_spawned":[8,14,16,27,28,30,33,35,41,44,46],"seed_played":"1369066903608848850","killed_by":"Time Eater","ascension_level":0,"potions_obtained":[{"floor":8,"key":"GhostInAJar"},{"floor":14,"key":"Block Potion"},{"floor":16,"key":"Weak Potion"},{"floor":27,"key":"Poison Potion"},{"floor":35,"key":"AttackPotion"},{"floor":41,"key":"Regen Potion"},{"floor":46,"key":"EntropicBrew"}],"is_trial":false}