{"gold_per_floor":[114,114,14,34,157,157,185,197,222,222],"floor_reached":10,"playtime":242,"items_purged":[],"score":71,"play_id":"7d8e6441-cc4f-49b3-bf30-32be7e95726f","local_time":"20190426020214","is_ascension_mode":true,"campfire_choices":[{"data":"Tempest","floor":6,"key":"SMITH"}],"neow_cost":"NONE","seed_source_timestamp":290155851347610,"circlet_count":0,"master_deck":["Strike_B","Strike_B","Strike_B","Defend_B","Defend_B","Defend_B","Defend_B","Zap","Dualcast","FTL","Ghostly","strawberrySpire:DataDump","Tempest+1","White Noise"],"relics":["Cracked Core","Pen Nib","ReplayFunnel"],"potions_floor_usage":[10],"damage_taken":[{"damage":0,"enemies":"2 Louse","floor":1,"turns":2},{"damage":0,"enemies":"Small Slimes","floor":4,"turns":3},{"damage":6,"enemies":"Jaw Worm","floor":5,"turns":3},{"damage":31,"enemies":"Lagavulin","floor":7,"turns":5},{"damage":36,"enemies":"Exordium Thugs","floor":8,"turns":4},{"damage":9,"enemies":"2 Fungi Beasts","floor":10,"turns":1}],"seed_played":"-2957851438663494161","potions_obtained":[{"floor":1,"key":"SneckoOil"},{"floor":5,"key":"SkillPotion"}],"is_trial":false,"path_per_floor":["M","?","?","M","M","R","E","M","T","M"],"character_chosen":"DEFECT","items_purchased":[],"campfire_rested":0,"item_purchase_floors":[],"current_hp_per_floor":[82,75,75,75,69,69,38,2,2,0],"gold":222,"neow_bonus":"TEN_PERCENT_HP_BONUS","is_prod":false,"is_daily":false,"chose_seed":false,"campfire_upgraded":1,"win_rate":0,"timestamp":1556258534,"path_taken":["M","?","?","M","M","R","E","M","T","M"],"build_version":"2019-01-23","purchased_purges":0,"victory":false,"max_hp_per_floor":[82,82,82,82,82,82,82,82,82,82],"card_choices":[{"not_picked":["ReplayTheSpireMod:System Scan","Hologram"],"picked":"FTL","floor":1},{"not_picked":["Beam Cell","Cold Snap"],"picked":"strawberrySpire:DataDump","floor":4},{"not_picked":["conspire:SharedLibrary","Steam"],"picked":"Tempest","floor":5},{"not_picked":["White Noise","Static Discharge","Blizzard"],"picked":"SKIP","floor":7},{"not_picked":["Static Discharge","Blizzard"],"picked":"White Noise","floor":7},{"not_picked":["strawberrySpire:NeonFlight","Leap","Hologram"],"picked":"SKIP","floor":8}],"player_experience":752101,"relics_obtained":[{"floor":7,"key":"Pen Nib"},{"floor":9,"key":"ReplayFunnel"}],"event_choices":[{"cards_removed":["Strike_B"],"damage_healed":0,"gold_gain":0,"player_choice":"Card Removal","damage_taken":7,"max_hp_gain":0,"max_hp_loss":0,"event_name":"Golden Wing","floor":2,"gold_loss":0},{"damage_healed":0,"gold_gain":0,"player_choice":"Argue","damage_taken":0,"max_hp_gain":0,"max_hp_loss":0,"event_name":"conspire:LoneGhost","floor":3,"gold_loss":0}],"is_beta":false,"boss_relics":[],"items_purged_floors":[],"is_endless":false,"potions_floor_spawned":[1,5],"killed_by":"2 Fungi Beasts","ascension_level":1}