{"gold_per_floor":[117,136,136,136,61,61,61,61,133,110,138,138,138,152,152,256,256,275,200,7,7,7,7,35,0],"floor_reached":25,"playtime":539,"items_purged":["Strike_R"],"score":309,"play_id":"6040fc17-ab0d-4992-88ea-f1b5f1d27c55","local_time":"20181010195250","is_ascension_mode":true,"campfire_choices":[{"data":"Twin Strike","floor":6,"key":"SMITH"},{"data":"Bash","floor":8,"key":"SMITH"},{"data":"Sword Boomerang","floor":15,"key":"SMITH"},{"data":"Limit Break","floor":23,"key":"SMITH"}],"neow_cost":"NONE","seed_source_timestamp":275619242481700,"circlet_count":0,"master_deck":["Strike_R","Defend_R","Defend_R","Defend_R","Defend_R","Bash+1","Limit Break+1","Twin Strike+1","Shrug It Off+1","Sword Boomerang+1","Iron Wave","Offering","Shame","Injury","Decay","Anger+1","Inflame"],"relics":["Burning Blood","Dodecahedron","Centennial Puzzle","Pocketwatch","Calling Bell","Art of War","Molten Egg 2","Unceasing Top","Sling","Ice Cream"],"potions_floor_usage":[16,16],"damage_taken":[{"damage":9,"enemies":"Jaw Worm","floor":1,"turns":4},{"damage":3,"enemies":"2 Louse","floor":2,"turns":4},{"damage":18,"enemies":"Lagavulin","floor":11,"turns":5},{"damage":8,"enemies":"Small Slimes","floor":14,"turns":3},{"damage":26,"enemies":"Slime Boss","floor":16,"turns":6},{"damage":16,"enemies":"Shell Parasite","floor":18,"turns":5},{"damage":58,"enemies":"Slavers","floor":24,"turns":4},{"damage":20,"enemies":"2 Thieves","floor":25,"turns":2}],"seed_played":"-8853516399079284775","potions_obtained":[{"floor":1,"key":"Fire Potion"},{"floor":11,"key":"Block Potion"}],"is_trial":false,"path_per_floor":["M","M","?","?","$","R","?","R","T","$","E","T","?","M","R","B",null,"M","?","$","?","?","R","E"],"character_chosen":"IRONCLAD","items_purchased":["Sword Boomerang","Sling"],"campfire_rested":0,"item_purchase_floors":[10,20],"current_hp_per_floor":[69,72,72,65,65,65,65,65,65,65,53,53,58,56,56,36,73,63,63,63,63,63,63,11,0],"gold":0,"neow_bonus":"ONE_RANDOM_RARE_CARD","is_prod":false,"is_daily":false,"chose_seed":false,"campfire_upgraded":4,"win_rate":0,"timestamp":1539215570,"path_taken":["M","M","?","?","$","R","?","R","T","$","E","?","?","M","R","BOSS","M","?","$","?","?","R","E","M"],"build_version":"2018-10-09","purchased_purges":1,"victory":false,"max_hp_per_floor":[80,80,80,80,80,80,80,80,80,80,80,80,85,85,85,85,85,85,85,85,85,85,85,85,85],"card_choices":[{"not_picked":["Fire Breathing","Thunderclap"],"picked":"Twin Strike","floor":1},{"not_picked":["Thunderclap","Cleave"],"picked":"Shrug It Off","floor":2},{"not_picked":["Bludgeon","Clash"],"picked":"Iron Wave","floor":11},{"not_picked":["Headbutt","Battle Trance","Body Slam"],"picked":"SKIP","floor":14},{"not_picked":["Brutality","Barricade"],"picked":"Offering","floor":16},{"not_picked":["Havoc","Power Through"],"picked":"Anger+1","floor":18},{"not_picked":["Bloodletting","Blood for Blood+1"],"picked":"Inflame","floor":24}],"player_experience":920908,"relics_obtained":[{"floor":9,"key":"Dodecahedron"},{"floor":11,"key":"Centennial Puzzle"},{"floor":12,"key":"Pocketwatch"},{"floor":17,"key":"Art of War"},{"floor":17,"key":"Molten Egg 2"},{"floor":17,"key":"Unceasing Top"},{"floor":24,"key":"Ice Cream"}],"event_choices":[{"event_name":"Living Wall","player_choice":"Grow","floor":3,"damage_taken":0},{"event_name":"Golden Wing","player_choice":"Card Removal","floor":4,"damage_taken":0},{"event_name":"The Woman in Blue","player_choice":"Bought 0 Potions","floor":7,"damage_taken":0},{"event_name":"Big Fish","player_choice":"Donut","floor":13,"damage_taken":0},{"event_name":"Beggar","player_choice":"Gave Gold","floor":19,"damage_taken":0},{"event_name":"Purifier","player_choice":"One Purge","floor":21,"damage_taken":0}],"is_beta":true,"boss_relics":[{"not_picked":["Runic Cube","Busted Crown"],"picked":"Calling Bell"}],"items_purged_floors":[5],"is_endless":false,"potions_floor_spawned":[1,11],"killed_by":"2 Thieves","ascension_level":9}