{"path_per_floor":["M","?","M","$","M","R","E","?","T","R","?","M","R","M","R","B",null,"M","$","M","?","?","R","E","M","T","M"],"character_chosen":"DEFECT","items_purchased":["Gash","All For One"],"gold_per_floor":[114,114,131,58,73,73,103,61,87,87,117,131,131,141,141,244,244,264,121,136,161,161,161,195,209,261,281,281],"floor_reached":28,"campfire_rested":0,"playtime":1213,"item_purchase_floors":[4,19],"current_hp_per_floor":[75,75,75,75,75,75,48,48,48,48,33,39,39,39,39,10,75,53,53,50,27,27,27,15,18,18,19,0],"items_purged":["Strike_B"],"gold":281,"score":263,"play_id":"82485032-90bc-4f17-8abb-44b1b17a4e72","local_time":"20180520134708","is_prod":false,"is_daily":false,"chose_seed":false,"is_ascension_mode":false,"campfire_upgraded":5,"timestamp":1526838428,"campfire_choices":[{"data":"Hologram","floor":6,"key":"SMITH"},{"data":"Gash","floor":10,"key":"SMITH"},{"data":"Zap","floor":13,"key":"SMITH"},{"data":"Hologram","floor":15,"key":"SMITH"},{"data":"Defend_B","floor":23,"key":"SMITH"}],"path_taken":["M","?","M","$","M","R","E","?","T","R","?","M","R","M","R","BOSS","M","$","M","?","?","R","E","M","T","M","?"],"build_version":"2018-05-18","seed_source_timestamp":1613732720276566,"purchased_purges":1,"victory":false,"master_deck":["Defend_B","Defend_B","Defend_B","Defend_B+1","Zap+1","Dualcast","Go for the Eyes","Steam","Gash+1","Hologram+1","Self Repair","Hologram+1","Hologram","Buffer","All For One","Rebound","Leap+1","Bite","Bite","Bite","Bite","Bite","Beam Cell","Beam Cell","Clumsy"],"max_hp_per_floor":[75,75,75,75,75,75,75,75,75,75,75,75,75,75,75,75,75,75,75,75,75,75,75,75,75,75,75,75],"relics":["Cracked Core","NeowsBlessing","DataDisk","Odd Mushroom","Cursed Key","Red Mask","Blue Candle","Bronze Scales"],"card_choices":[{"not_picked":["Lockon","Reprogram"],"picked":"Go for the Eyes","floor":1},{"not_picked":["Go for the Eyes","Steam Power"],"picked":"Steam","floor":3},{"not_picked":["Sweeping Beam","Streamline"],"picked":"Hologram","floor":5},{"not_picked":["Steam","Go for the Eyes"],"picked":"Self Repair","floor":7},{"not_picked":["Leap","Sweeping Beam"],"picked":"Hologram","floor":11},{"not_picked":["Static Discharge","Recycle"],"picked":"Hologram","floor":12},{"not_picked":["Ball Lightning","Genetic Algorithm","Aggregate"],"picked":"SKIP","floor":14},{"not_picked":["Biased Cognition","Thunder Strike"],"picked":"Buffer","floor":16},{"not_picked":["Steam","Sweeping Beam","Turbo"],"picked":"SKIP","floor":18},{"not_picked":["Ball Lightning","Conserve Battery"],"picked":"Rebound","floor":20},{"not_picked":["Skim+1","Loop"],"picked":"Leap+1","floor":21},{"not_picked":["Axe Kick","Force Field"],"picked":"Beam Cell","floor":24},{"not_picked":["Conserve Battery","Streamline+1"],"picked":"Beam Cell","floor":25},{"not_picked":["Doom and Gloom","Chill","Nova"],"picked":"SKIP","floor":27}],"player_experience":478266,"potions_floor_usage":[16,24,24],"damage_taken":[{"damage":0,"enemies":"Jaw Worm","floor":1,"turns":1},{"damage":0,"enemies":"2 Louse","floor":3,"turns":1},{"damage":0,"enemies":"Cultist","floor":5,"turns":1},{"damage":27,"enemies":"3 Sentries","floor":7,"turns":7},{"damage":24,"enemies":"The Mushroom Lair","floor":11,"turns":5},{"damage":3,"enemies":"Red Slaver","floor":12,"turns":3},{"damage":9,"enemies":"3 Louse","floor":14,"turns":3},{"damage":38,"enemies":"Hexaghost","floor":16,"turns":10},{"damage":29,"enemies":"Spheric Guardian","floor":18,"turns":7},{"damage":5,"enemies":"Shell Parasite","floor":20,"turns":3},{"damage":32,"enemies":"Masked Bandits","floor":21,"turns":5},{"damage":56,"enemies":"Slavers","floor":24,"turns":7},{"damage":18,"enemies":"Centurion and Healer","floor":25,"turns":7},{"damage":16,"enemies":"Snake Plant","floor":27,"turns":5},{"damage":22,"enemies":"Slaver and Parasite","floor":28,"turns":3}],"relics_obtained":[{"floor":7,"key":"DataDisk"},{"floor":9,"key":"Blood Vial"},{"floor":11,"key":"Odd Mushroom"},{"floor":21,"key":"Red Mask"},{"floor":24,"key":"Blue Candle"},{"floor":26,"key":"Bronze Scales"}],"event_choices":[{"event_name":"Golden Idol","player_choice":"Ignored","floor":2,"damage_taken":0},{"event_name":"World of Goop","player_choice":"Left","floor":8,"damage_taken":0},{"event_name":"Mushrooms","player_choice":"Fought Mushrooms","floor":11,"damage_taken":0},{"event_name":"Masked Bandits","player_choice":"Fought over 136 gold","floor":21,"damage_taken":0},{"event_name":"Vampires","player_choice":"Became a vampire (Vial)","floor":22,"damage_taken":0}],"boss_relics":[{"not_picked":["White Beast Statue","Runic Dome"],"picked":"Cursed Key"}],"items_purged_floors":[19],"potions_floor_spawned":[1,3,11,14,16,20,21,25],"seed_played":"1276646355112510420","killed_by":"Slaver and Parasite","ascension_level":0,"potions_obtained":[{"floor":1,"key":"FairyPotion"},{"floor":3,"key":"Swift Potion"},{"floor":11,"key":"FocusPotion"},{"floor":16,"key":"Regen Potion"},{"floor":20,"key":"PowerPotion"},{"floor":25,"key":"Weak Potion"}],"is_trial":false}