{"gold_per_floor":[367,385,110,122,122,122,156,156,156,175,194,214,214],"floor_reached":13,"playtime":498,"items_purged":["Strike_R"],"score":87,"play_id":"84add66f-6e65-4bde-913a-0c85130f3960","local_time":"20190912031322","is_ascension_mode":false,"campfire_choices":[{"data":"Bash","floor":6,"key":"SMITH"},{"data":"Strike_R","floor":8,"key":"SMITH"}],"neow_cost":"TEN_PERCENT_HP_LOSS","seed_source_timestamp":2242655460660600,"circlet_count":0,"master_deck":["Strike_R","Strike_R","Strike_R","Strike_R+1","Defend_R","Defend_R","Defend_R","Defend_R","Bash+1","Burning Pact"],"relics":["Burning Blood","Brimstone","FaceOfCleric","Letter Opener","Lantern"],"potions_floor_usage":[7,13],"damage_taken":[{"damage":0,"enemies":"2 Louse","floor":1,"turns":4},{"damage":6,"enemies":"Cultist","floor":2,"turns":3},{"damage":9,"enemies":"Small Slimes","floor":4,"turns":2},{"damage":15,"enemies":"Lagavulin","floor":7,"turns":3},{"damage":13,"enemies":"3 Louse","floor":10,"turns":2},{"damage":31,"enemies":"Exordium Thugs","floor":11,"turns":3},{"damage":12,"enemies":"2 Fungi Beasts","floor":12,"turns":7},{"damage":51,"enemies":"Red Slaver","floor":13,"turns":8}],"seed_played":"3342951368525367544","potions_obtained":[{"floor":1,"key":"BloodPotion"},{"floor":2,"key":"AttackPotion"}],"is_trial":false,"path_per_floor":["M","M","$","M","?","R","E","R","T","M","M","M","M"],"character_chosen":"IRONCLAD","items_purchased":["Brimstone"],"campfire_rested":0,"item_purchase_floors":[3],"current_hp_per_floor":[72,72,72,69,69,69,61,61,61,55,31,26,0],"gold":214,"neow_bonus":"TWO_FIFTY_GOLD","is_prod":false,"is_daily":false,"chose_seed":false,"campfire_upgraded":2,"win_rate":0,"timestamp":1568272402,"path_taken":["M","M","$","M","?","R","E","R","T","M","M","?","M"],"build_version":"2019-07-17","purchased_purges":1,"victory":false,"max_hp_per_floor":[72,72,72,72,72,72,73,73,73,74,75,76,76],"card_choices":[{"not_picked":["Intimidate","Whirlwind","Warcry"],"picked":"SKIP","floor":1},{"not_picked":["Armaments","Sword Boomerang","Clash"],"picked":"SKIP","floor":2},{"not_picked":["Blood for Blood","Searing Blow","Warcry"],"picked":"SKIP","floor":4},{"not_picked":["Reckless Charge","Sentinel","Offering"],"picked":"SKIP","floor":7},{"not_picked":["Metallicize","Combust","Rupture"],"picked":"SKIP","floor":10},{"not_picked":["Carnage","Warcry"],"picked":"Burning Pact","floor":11},{"not_picked":["Carnage","Cleave","Blood for Blood"],"picked":"SKIP","floor":12}],"player_experience":380480,"relics_obtained":[{"floor":7,"key":"Letter Opener"},{"floor":9,"key":"Lantern"}],"event_choices":[{"damage_healed":0,"gold_gain":0,"player_choice":"Trade","damage_taken":0,"relics_obtained":["FaceOfCleric"],"max_hp_gain":0,"max_hp_loss":0,"event_name":"FaceTrader","floor":5,"gold_loss":0}],"is_beta":false,"boss_relics":[],"items_purged_floors":[3],"is_endless":false,"potions_floor_spawned":[1,2,7],"killed_by":"Red Slaver","ascension_level":0}