{"path_per_floor":["M","M","M","M","$","R","M","R","T","M","?","E","?","M","R","B",null,"M","$","M"],"character_chosen":"IRONCLAD","items_purchased":["Bag of Preparation"],"gold_per_floor":[109,121,133,153,10,10,30,30,56,67,67,96,63,74,74,174,174,193,118,129,129],"floor_reached":21,"campfire_rested":1,"playtime":618,"current_hp_per_floor":[80,80,75,73,73,73,70,70,70,71,55,41,41,34,73,57,80,26,26,30,0],"items_purged":["Strike_R"],"gold":129,"score":183,"play_id":"3224f97a-c30a-41c1-bde2-94f72c7064c0","local_time":"20180408122639","is_prod":false,"is_daily":false,"is_ascension_mode":false,"campfire_upgraded":2,"timestamp":1523204799,"path_taken":["M","M","M","M","$","R","M","R","T","M","?","E","?","M","R","BOSS","M","$","M","M"],"build_version":"2018-04-05v2","purchased_purges":1,"victory":false,"master_deck":["Strike_R","Strike_R","Strike_R","Defend_R+1","Defend_R","Defend_R","Defend_R","Bash","Searing Blow+2","Shrug It Off","Dual Wield","Offering+1","Shrug It Off"],"max_hp_per_floor":[80,80,80,80,80,80,80,80,80,80,80,80,80,80,80,80,80,80,80,80,80],"relics":["Black Blood","Bag of Preparation","Regal Pillow","Ancient Tea Set"],"card_choices":[{"not_picked":["Havoc","Perfected Strike"],"picked":"Searing Blow","floor":1},{"not_picked":["Havoc","Sword Boomerang"],"picked":"Shrug It Off","floor":2},{"not_picked":["Body Slam","Carnage"],"picked":"Dual Wield","floor":3},{"not_picked":["Cleave","Rampage"],"picked":"Offering","floor":7},{"not_picked":["Spot Weakness","Headbutt"],"picked":"Shrug It Off","floor":12}],"player_experience":329844,"potions_floor_usage":[20],"damage_taken":[{"damage":0,"enemies":"2 Louse","floor":1,"turns":4},{"damage":5,"enemies":"Small Slimes","floor":2,"turns":3},{"damage":11,"enemies":"Jaw Worm","floor":3,"turns":2},{"damage":8,"enemies":"Blue Slaver","floor":4,"turns":5},{"damage":9,"enemies":"3 Louse","floor":7,"turns":3},{"damage":5,"enemies":"Exordium Wildlife","floor":10,"turns":2},{"damage":20,"enemies":"3 Sentries","floor":12,"turns":6},{"damage":13,"enemies":"Gremlin Gang","floor":14,"turns":4},{"damage":22,"enemies":"Slime Boss","floor":16,"turns":11},{"damage":64,"enemies":"Shell Parasite","floor":18,"turns":9},{"damage":6,"enemies":"Chosen","floor":20,"turns":3},{"damage":30,"enemies":"Snake Plant","floor":21,"turns":2}],"event_choices":[{"event_name":"Shining Light","player_choice":"Entered Light","floor":11,"damage_taken":0},{"event_name":"World of Goop","player_choice":"Left","floor":13,"damage_taken":0}],"boss_relics":[{"not_picked":["Tiny House","Calling Bell"],"picked":"Black Blood"}],"potions_floor_spawned":[1,3,4,16,18],"seed_played":"-2006171987022252683","killed_by":"Snake Plant","ascension_level":0,"is_trial":false}