{"gold_per_floor":[111,111,171,221,271,271,281,293,318,295,345,345,422,491,491,596,596,607,623,687,737,40,75,75,125,125,125],"floor_reached":27,"playtime":583,"items_purged":["Strike_B"],"score":221,"play_id":"7687b40c-3da5-43f8-a9f4-7f3d1100e835","local_time":"20190720234145","is_ascension_mode":false,"campfire_choices":[{"data":"Zap","floor":6,"key":"SMITH"},{"data":"Self Repair","floor":12,"key":"SMITH"},{"data":"Ball Lightning","floor":15,"key":"SMITH"}],"neow_cost":"NONE","seed_source_timestamp":1241010259211764,"circlet_count":0,"master_deck":["Strike_B+1","Strike_B+1","Defend_B","Defend_B","Defend_B","Defend_B","Zap+1","Dualcast","Ball Lightning","Ball Lightning+1","FTL","Self Repair+1","Thunder Strike","Capacitor","Barrage+1","RitualDagger","Defragment"],"relics":["Cracked Core","Whetstone","SsserpentHead","Blood Vial","Vajra","Anchor","Black Star","StoneCalendar","Pear","Unceasing Top","Bag of Preparation","Toxic Egg 2"],"potions_floor_usage":[16,19,23,27],"damage_taken":[{"damage":5,"enemies":"Small Slimes","floor":1,"turns":2},{"damage":0,"enemies":"Cultist","floor":3,"turns":2},{"damage":6,"enemies":"Jaw Worm","floor":7,"turns":2},{"damage":13,"enemies":"Large Slime","floor":8,"turns":4},{"damage":0,"enemies":"Looter","floor":14,"turns":2},{"damage":29,"enemies":"Hexaghost","floor":16,"turns":8},{"damage":19,"enemies":"Shell Parasite","floor":18,"turns":5},{"damage":10,"enemies":"3 Byrds","floor":19,"turns":4},{"damage":32,"enemies":"Snake Plant","floor":20,"turns":3},{"damage":52,"enemies":"Book of Stabbing","floor":23,"turns":5},{"damage":27,"enemies":"Shelled Parasite and Fungi","floor":27,"turns":2}],"seed_played":"7670613712744500856","potions_obtained":[{"floor":7,"key":"Weak Potion"},{"floor":8,"key":"LiquidBronze"},{"floor":14,"key":"Poison Potion"},{"floor":18,"key":"Regen Potion"}],"is_trial":false,"path_per_floor":["M","?","M","?","?","R","M","M","T","$","?","R","T","M","R","B",null,"M","M","M","?","$","E","$","?","T","M"],"character_chosen":"DEFECT","items_purchased":["Self Repair","StoneCalendar","Pear","Defragment"],"campfire_rested":0,"item_purchase_floors":[10,22,22,22],"current_hp_per_floor":[70,70,70,70,63,63,57,44,44,44,32,32,32,44,44,27,75,66,75,53,47,57,17,17,17,17,0],"gold":125,"neow_bonus":"RANDOM_COMMON_RELIC","is_prod":false,"is_daily":false,"chose_seed":false,"campfire_upgraded":3,"win_rate":0,"timestamp":1563680505,"path_taken":["M","?","?","?","?","R","M","M","T","?","?","R","?","?","R","BOSS","M","M","?","?","$","E","$","?","T","M"],"build_version":"2019-07-17","purchased_purges":1,"victory":false,"max_hp_per_floor":[75,75,75,75,75,75,75,75,75,75,75,75,75,75,75,75,75,75,75,75,75,85,85,85,85,85,85],"card_choices":[{"not_picked":["Compile Driver","Streamline"],"picked":"Ball Lightning","floor":1},{"not_picked":["Streamline","Coolheaded","Stack"],"picked":"SKIP","floor":3},{"not_picked":["Heatsinks","Reprogram"],"picked":"Ball Lightning","floor":7},{"not_picked":["Cold Snap","Beam Cell"],"picked":"FTL","floor":8},{"not_picked":["Turbo","Cold Snap","Conserve Battery"],"picked":"SKIP","floor":14},{"not_picked":["Machine Learning","Electrodynamics"],"picked":"Thunder Strike","floor":16},{"not_picked":["FTL","Beam Cell+1","Genetic Algorithm"],"picked":"SKIP","floor":18},{"not_picked":["Leap","Cold Snap"],"picked":"Capacitor","floor":19},{"not_picked":["Fusion","Gash"],"picked":"Barrage+1","floor":20},{"not_picked":["Steam Power","Gash","Compile Driver"],"picked":"SKIP","floor":23}],"player_experience":749884,"relics_obtained":[{"floor":9,"key":"Blood Vial"},{"floor":13,"key":"Anchor"},{"floor":23,"key":"Unceasing Top"},{"floor":23,"key":"Bag of Preparation"},{"floor":26,"key":"Toxic Egg 2"}],"event_choices":[{"damage_healed":0,"gold_gain":0,"player_choice":"Trade","damage_taken":0,"relics_obtained":["SsserpentHead"],"max_hp_gain":0,"max_hp_loss":0,"event_name":"FaceTrader","floor":2,"gold_loss":0},{"damage_healed":0,"gold_gain":0,"player_choice":"Ignored","damage_taken":0,"max_hp_gain":0,"max_hp_loss":0,"event_name":"Liars Game","floor":4,"gold_loss":0},{"cards_removed":["Strike_B"],"damage_healed":0,"gold_gain":0,"player_choice":"Card Removal","damage_taken":7,"max_hp_gain":0,"max_hp_loss":0,"event_name":"Golden Wing","floor":5,"gold_loss":0},{"damage_healed":0,"gold_gain":0,"player_choice":"Success","damage_taken":12,"relics_obtained":["Vajra"],"max_hp_gain":0,"max_hp_loss":0,"event_name":"Scrap Ooze","floor":11,"gold_loss":0},{"damage_healed":0,"gold_gain":0,"player_choice":"Joined the Cult","damage_taken":6,"max_hp_gain":0,"max_hp_loss":0,"event_name":"Nest","floor":21,"gold_loss":0,"cards_obtained":["RitualDagger"]},{"damage_healed":0,"gold_gain":0,"player_choice":"Ignored","damage_taken":0,"max_hp_gain":0,"max_hp_loss":0,"event_name":"Ghosts","floor":25,"gold_loss":0}],"is_beta":false,"boss_relics":[{"not_picked":["FrozenCore","Orrery"],"picked":"Black Star"}],"items_purged_floors":[22],"is_endless":false,"potions_floor_spawned":[7,8,14,18],"killed_by":"Shelled Parasite and Fungi","ascension_level":0}