{"gold_per_floor":[112,124,124,144,144,160,160,187,213,224,258,318,318,368,368,466,466,484,550,800,850,518,518,534,534,534,563,563,623,641,658,658,658],"floor_reached":33,"playtime":1428,"items_purged":["Strike_G"],"score":279,"play_id":"a61f5df9-a038-498b-b77d-7c522c9d4f19","local_time":"20180827203904","is_ascension_mode":false,"campfire_choices":[{"data":"Noxious Fumes","floor":7,"key":"SMITH"},{"data":"Malaise","floor":13,"key":"SMITH"},{"floor":15,"key":"REST"},{"data":"Reflex","floor":23,"key":"SMITH"},{"data":"Backstab","floor":25,"key":"SMITH"},{"data":"Sucker Punch","floor":28,"key":"SMITH"},{"floor":32,"key":"REST"}],"neow_cost":"","seed_source_timestamp":1918767777810255,"circlet_count":0,"master_deck":["Defend_G","Defend_G","Defend_G+1","Defend_G","Defend_G","Strike_G+1","Strike_G","Strike_G","Strike_G","Survivor+1","Neutralize","Backstab+1","Sucker Punch+1","Sucker Punch+1","Noxious Fumes+1","Malaise+1","Unload","Reflex+1","Acrobatics","Bane","Well Laid Plans+1"],"relics":["Ring of the Snake","SsserpentHead","War Paint","Bag of Preparation","Singing Bowl","Cursed Key","Nloth\u0027s Gift","Bottled Tornado","Matryoshka"],"potions_floor_usage":[11,27,27,27,33,33],"damage_taken":[{"damage":0,"enemies":"2 Louse","floor":1,"turns":3},{"damage":1,"enemies":"Jaw Worm","floor":2,"turns":4},{"damage":0,"enemies":"Cultist","floor":4,"turns":2},{"damage":2,"enemies":"Looter","floor":6,"turns":2},{"damage":15,"enemies":"Lagavulin","floor":8,"turns":8},{"damage":13,"enemies":"Exordium Thugs","floor":10,"turns":5},{"damage":20,"enemies":"Gremlin Nob","floor":11,"turns":4},{"damage":0,"enemies":"Large Slime","floor":12,"turns":5},{"damage":24,"enemies":"The Guardian","floor":16,"turns":12},{"damage":0,"enemies":"3 Byrds","floor":18,"turns":4},{"damage":14,"enemies":"Spheric Guardian","floor":19,"turns":4},{"damage":3,"enemies":"Snake Plant","floor":24,"turns":5},{"damage":13,"enemies":"Gremlin Leader","floor":27,"turns":7},{"damage":2,"enemies":"3 Cultists","floor":29,"turns":5},{"damage":18,"enemies":"Cultist and Chosen","floor":30,"turns":6},{"damage":8,"enemies":"Centurion and Healer","floor":31,"turns":7},{"damage":46,"enemies":"Collector","floor":33,"turns":6}],"seed_played":"6653181534950909948","potions_obtained":[{"floor":1,"key":"Regen Potion"},{"floor":4,"key":"Explosive Potion"},{"floor":11,"key":"Block Potion"},{"floor":12,"key":"Block Potion"},{"floor":27,"key":"SteroidPotion"},{"floor":30,"key":"SpeedPotion"},{"floor":31,"key":"AttackPotion"}],"is_trial":false,"path_per_floor":["M","M","?","M","?","M","R","E","T","M","E","M","R","?","R","B",null,"M","M","?","?","$","R","M","R","T","E","R","M","M","M","R"],"character_chosen":"THE_SILENT","items_purchased":["Bottled Tornado"],"campfire_rested":2,"item_purchase_floors":[22],"current_hp_per_floor":[70,69,55,55,55,53,53,38,38,25,17,17,17,17,38,14,70,70,58,58,58,58,58,55,55,55,44,44,42,26,18,40,0],"gold":658,"neow_bonus":"","is_prod":false,"is_daily":false,"chose_seed":false,"campfire_upgraded":5,"win_rate":0,"timestamp":1535416744,"path_taken":["M","M","?","M","?","M","R","E","T","M","E","?","R","?","R","BOSS","M","?","?","?","$","R","M","R","T","E","R","?","M","M","R","BOSS"],"build_version":"2018-08-23v2","purchased_purges":1,"victory":false,"max_hp_per_floor":[70,70,70,70,70,70,70,70,70,70,70,70,70,70,70,70,70,70,72,72,72,72,72,72,72,72,74,74,74,76,76,76,76],"card_choices":[{"not_picked":["Catalyst","Outmaneuver"],"picked":"Backstab","floor":1},{"not_picked":["Poisoned Stab","Slice"],"picked":"Sucker Punch","floor":2},{"not_picked":["Flying Knee","Deflect"],"picked":"Sucker Punch","floor":4},{"not_picked":["Flying Knee","Deflect"],"picked":"Noxious Fumes","floor":6},{"not_picked":["Concentrate","Flying Knee","Deflect"],"picked":"SKIP","floor":8},{"not_picked":["Terror","Riddle With Holes","Noxious Fumes"],"picked":"SKIP","floor":10},{"not_picked":["Riddle With Holes","Noxious Fumes"],"picked":"Malaise","floor":11},{"not_picked":["Predator","Flying Knee","PiercingWail"],"picked":"SKIP","floor":12},{"not_picked":["Wraith Form v2","Doppelganger"],"picked":"Unload","floor":16},{"not_picked":["Flechettes+1","Terror"],"picked":"Reflex","floor":18},{"not_picked":["Poisoned Stab","Reflex+1","Sucker Punch+1"],"picked":"Singing Bowl","floor":19},{"not_picked":["Outmaneuver","Bullet Time"],"picked":"Acrobatics","floor":24},{"not_picked":["Poisoned Stab","Flying Knee","Malaise"],"picked":"Singing Bowl","floor":27},{"not_picked":["Dagger Throw","Poisoned Stab"],"picked":"Bane","floor":29},{"not_picked":["Dodge and Roll","Crippling Poison","PiercingWail"],"picked":"Singing Bowl","floor":30},{"not_picked":["Flying Knee","Concentrate+1"],"picked":"Well Laid Plans+1","floor":31}],"player_experience":879128,"relics_obtained":[{"floor":8,"key":"War Paint"},{"floor":9,"key":"Boot"},{"floor":11,"key":"Bag of Preparation"},{"floor":27,"key":"Matryoshka"}],"event_choices":[{"event_name":"Shining Light","player_choice":"Entered Light","floor":3,"damage_taken":0},{"event_name":"FaceTrader","player_choice":"Trade","floor":5,"damage_taken":0},{"event_name":"Dead Adventurer","player_choice":"Searched \u00272\u0027 times","floor":14,"damage_taken":0},{"event_name":"The Joust","player_choice":"Bet on Owner","floor":20,"damage_taken":0},{"event_name":"N\u0027loth","player_choice":"Traded a Boot","floor":21,"damage_taken":0}],"is_beta":true,"boss_relics":[{"not_picked":["Fusion Hammer","Runic Pyramid"],"picked":"Cursed Key"}],"items_purged_floors":[22],"is_endless":false,"potions_floor_spawned":[1,4,11,12,24,27,30,31],"killed_by":"Collector","ascension_level":0}