{"gold_per_floor":[113,113,128,144,164,189,189,217,217,217,217,234,262,262,262,363,363,375,375,375,388,388,388],"floor_reached":23,"playtime":2016,"items_purged":[],"score":265,"play_id":"96d8ce5a-03c7-4f46-bbb7-f1c93a01422a","local_time":"20190911160915","is_ascension_mode":true,"campfire_choices":[{"data":"Infernal Blade","floor":7,"key":"SMITH"},{"data":"Rage","floor":10,"key":"SMITH"},{"data":"Iron Wave","floor":15,"key":"SMITH"}],"neow_cost":"NONE","seed_source_timestamp":2201289926586900,"circlet_count":0,"master_deck":["Strike_R+1","Strike_R","Strike_R+1","Strike_R","Strike_R","Defend_R","Defend_R","Defend_R","Defend_R","Rage+1","Thunderclap","Iron Wave+1","Infernal Blade+1","Iron Wave","Shrug It Off","Armaments","Shrug It Off","Pain","Fiend Fire","Flex+1","Writhe","Ghostly","Ghostly","Ghostly","Ghostly","Ghostly","Anger"],"relics":["Burning Blood","Potion Belt","Lantern","Vajra","Strawberry","Bottled Lightning","WarpedTongs","Velvet Choker","Question Card"],"potions_floor_usage":[5,16,21],"damage_taken":[{"damage":6,"enemies":"Cultist","floor":1,"turns":4},{"damage":0,"enemies":"Small Slimes","floor":3,"turns":4},{"damage":8,"enemies":"2 Louse","floor":4,"turns":3},{"damage":0,"enemies":"Red Slaver","floor":5,"turns":3},{"damage":15,"enemies":"3 Sentries","floor":6,"turns":8},{"damage":26,"enemies":"Gremlin Nob","floor":8,"turns":4},{"damage":0,"enemies":"2 Fungi Beasts","floor":12,"turns":2},{"damage":2,"enemies":"3 Sentries","floor":13,"turns":7},{"damage":19,"enemies":"The Guardian","floor":16,"turns":13},{"damage":20,"enemies":"2 Thieves","floor":18,"turns":4},{"damage":10,"enemies":"3 Byrds","floor":21,"turns":7},{"damage":41,"enemies":"Slavers","floor":23,"turns":11}],"seed_played":"-5775930214751259130","potions_obtained":[{"floor":1,"key":"Block Potion"},{"floor":8,"key":"Weak Potion"},{"floor":12,"key":"SpeedPotion"}],"is_trial":false,"path_per_floor":["M","$","M","M","M","E","R","E","T","R","?","M","E","?","R","B",null,"M","?","?","M","?","E"],"character_chosen":"IRONCLAD","items_purchased":[],"campfire_rested":0,"item_purchase_floors":[],"current_hp_per_floor":[80,80,80,78,80,71,71,51,58,58,41,47,51,51,51,38,87,73,73,43,39,39,0],"gold":388,"neow_bonus":"RANDOM_COMMON_RELIC","is_prod":false,"is_daily":false,"chose_seed":false,"campfire_upgraded":3,"win_rate":0,"timestamp":1568232555,"path_taken":["M","$","?","M","M","E","R","E","T","R","?","M","E","?","R","BOSS","M","?","?","?","?","E"],"build_version":"2019-07-17","purchased_purges":0,"victory":false,"max_hp_per_floor":[80,80,80,80,80,80,80,80,87,87,87,87,87,87,87,87,87,87,87,43,43,43,43],"card_choices":[{"not_picked":["Evolve","Pummel"],"picked":"Rage","floor":1},{"not_picked":["Armaments","Perfected Strike"],"picked":"Thunderclap","floor":3},{"not_picked":["Bloodletting","Twin Strike"],"picked":"Iron Wave","floor":4},{"not_picked":["Battle Trance","Entrench"],"picked":"Infernal Blade","floor":5},{"not_picked":["Shrug It Off","Reckless Charge"],"picked":"Iron Wave","floor":6},{"not_picked":["Corruption","Havoc"],"picked":"Shrug It Off","floor":8},{"not_picked":["Perfected Strike","Dark Embrace"],"picked":"Armaments","floor":12},{"not_picked":["Havoc","Reckless Charge"],"picked":"Shrug It Off","floor":13},{"not_picked":["Dark Embrace","Limit Break"],"picked":"Fiend Fire","floor":16},{"not_picked":["Combust","Pommel Strike"],"picked":"Flex+1","floor":18},{"not_picked":["Hemokinesis","Twin Strike","Pummel"],"picked":"Anger","floor":21}],"player_experience":356705,"relics_obtained":[{"floor":6,"key":"Lantern"},{"floor":8,"key":"Vajra"},{"floor":9,"key":"Strawberry"},{"floor":13,"key":"Bottled Lightning"}],"event_choices":[{"damage_healed":0,"gold_gain":0,"player_choice":"Entered Light","damage_taken":17,"max_hp_gain":0,"max_hp_loss":0,"event_name":"Shining Light","floor":11,"gold_loss":0,"cards_upgraded":["Strike_R","Strike_R"]},{"damage_healed":0,"gold_gain":0,"player_choice":"Rummage","damage_taken":0,"relics_obtained":["WarpedTongs"],"max_hp_gain":0,"max_hp_loss":0,"event_name":"Accursed Blacksmith","floor":14,"gold_loss":0,"cards_obtained":["Pain"]},{"damage_healed":0,"gold_gain":0,"player_choice":"Opened","damage_taken":0,"relics_obtained":["Question Card"],"max_hp_gain":0,"max_hp_loss":0,"event_name":"The Mausoleum","floor":19,"gold_loss":0,"cards_obtained":["Writhe"]},{"damage_healed":0,"gold_gain":0,"player_choice":"Became a Ghost","damage_taken":0,"max_hp_gain":0,"max_hp_loss":44,"event_name":"Ghosts","floor":20,"gold_loss":0,"cards_obtained":["Ghostly","Ghostly","Ghostly","Ghostly","Ghostly"]},{"cards_removed":["Bash"],"damage_healed":0,"gold_gain":0,"player_choice":"Elegance","damage_taken":0,"max_hp_gain":0,"max_hp_loss":0,"event_name":"Back to Basics","floor":22,"gold_loss":0}],"is_beta":false,"boss_relics":[{"not_picked":["Coffee Dripper","Snecko Eye"],"picked":"Velvet Choker"}],"items_purged_floors":[],"is_endless":false,"potions_floor_spawned":[1,8,12],"killed_by":"Slavers","ascension_level":3}