{"path_per_floor":["M","$","M","M","$","R","M","?","T","E","M","M","$","?","R","B",null,"M","M","$","?","M","R","M"],"character_chosen":"IRONCLAD","items_purchased":["Body Slam","Whirlwind","Bandage Up"],"gold_per_floor":[119,96,108,126,51,51,68,68,147,176,192,204,49,49,49,145,145,161,180,80,80,90,90,100],"floor_reached":25,"campfire_rested":2,"playtime":861,"current_hp_per_floor":[72,72,55,51,51,51,45,45,45,20,24,24,24,24,45,23,72,72,72,72,59,7,30,19],"items_purged":["Defend_R","Strike_R"],"gold":100,"score":226,"play_id":"e1898e3d-8fe4-44d6-bf1a-90bfd4e8a8c0","local_time":"20180316150118","is_prod":false,"is_daily":false,"is_ascension_mode":true,"campfire_upgraded":1,"timestamp":1521226878,"path_taken":["M","$","M","?","?","R","M","?","T","E","M","M","$","?","R","BOSS","M","M","$","?","M","R","M","E"],"build_version":"2018-03-15","purchased_purges":2,"victory":false,"master_deck":["Strike_R","Defend_R","Defend_R","Defend_R","Bash","Body Slam+1","Demon Form","Cleave","Entrench","Twin Strike","Uppercut","Whirlwind","Bandage Up","Fiend Fire","Shrug It Off","Limit Break"],"max_hp_per_floor":[72,72,72,72,72,72,72,72,72,72,72,72,72,72,72,72,72,72,72,72,77,77,77,77],"relics":["Burning Blood","Shuriken","Orichalcum","Velvet Choker"],"card_choices":[{"not_picked":["Shrug It Off","Uppercut"],"picked":"Demon Form"},{"not_picked":["Warcry","Wild Strike"],"picked":"Cleave"},{"not_picked":["Rage","Warcry"],"picked":"Entrench"},{"not_picked":["Wild Strike","True Grit"],"picked":"Uppercut"},{"not_picked":["Dark Embrace","Berserk"],"picked":"Fiend Fire"},{"not_picked":["Bloodletting","Clash"],"picked":"Shrug It Off"},{"not_picked":["Seeing Red","Fire Breathing"],"picked":"Limit Break"}],"player_experience":196464,"potions_floor_usage":[22,24,25,25],"damage_taken":[{"damage":6,"enemies":"Cultist","floor":1,"turns":3},{"damage":23,"enemies":"Jaw Worm","floor":3,"turns":4},{"damage":10,"enemies":"2 Louse","floor":4,"turns":4},{"damage":12,"enemies":"Looter","floor":7,"turns":3},{"damage":31,"enemies":"Lagavulin","floor":10,"turns":5},{"damage":2,"enemies":"3 Louse","floor":11,"turns":4},{"damage":6,"enemies":"2 Fungi Beasts","floor":12,"turns":3},{"damage":32,"enemies":"Slime Boss","floor":16,"turns":7},{"damage":6,"enemies":"Chosen","floor":18,"turns":4},{"damage":0,"enemies":"3 Byrds","floor":19,"turns":4},{"damage":62,"enemies":"Slaver and Parasite","floor":22,"turns":5},{"damage":21,"enemies":"Snecko","floor":24,"turns":4},{"damage":37,"enemies":"Book of Stabbing","floor":25,"turns":4}],"event_choices":[{"event_name":"Transmorgrifier","player_choice":"Transform","floor":8,"damage_taken":0},{"event_name":"Scrap Ooze","player_choice":"unsuccessful","floor":14,"damage_taken":0},{"event_name":"Forgotten Altar","player_choice":"Shed Blood","floor":21,"damage_taken":0}],"boss_relics":[{"not_picked":["Black Blood","Runic Pyramid"],"picked":"Velvet Choker"}],"potions_floor_spawned":[3,4,16,22],"seed_played":"1406332741432215220","killed_by":"Book of Stabbing","ascension_level":2,"is_trial":false}