{"path_per_floor":["M","$","?","M","?","R","M","M","T","M","M","?","R","E","R"],"character_chosen":"IRONCLAD","items_purchased":["Feel No Pain","Havoc"],"gold_per_floor":[213,53,53,65,65,65,85,99,99,112,80,30,30,55,55,55],"floor_reached":16,"campfire_rested":0,"playtime":1868,"current_hp_per_floor":[70,70,75,74,74,74,76,71,71,54,54,54,54,47,47,0],"items_purged":["Strike_R"],"gold":55,"score":153,"play_id":"b300bb88-b61d-4a57-8819-641054a7b6c6","local_time":"20180421122614","is_prod":false,"is_daily":false,"chose_seed":false,"is_ascension_mode":true,"campfire_upgraded":3,"timestamp":1524338774,"path_taken":["M","$","?","M","?","R","M","?","T","M","M","?","R","E","R","BOSS"],"build_version":"2018-04-19","seed_source_timestamp":266241291858783,"purchased_purges":1,"victory":false,"master_deck":["Strike_R","Strike_R","Strike_R","Defend_R","Defend_R","Defend_R","Bash","AscendersBane","Havoc+1","Feel No Pain+1","Havoc","Warcry","Reckless Charge","Armaments+1","Havoc","Reckless Charge","Dual Wield"],"max_hp_per_floor":[80,80,85,85,85,85,85,85,85,85,85,85,85,85,85,85],"relics":["Burning Blood","Self Forming Clay","Magic Flower"],"card_choices":[{"not_picked":["Clothesline","Combust"],"picked":"Havoc","floor":1},{"not_picked":["Shockwave","Heavy Blade"],"picked":"Warcry","floor":4},{"not_picked":["Combust","Carnage"],"picked":"Reckless Charge","floor":7},{"not_picked":["Thunderclap","Body Slam"],"picked":"Armaments","floor":8},{"not_picked":["Clash","Cleave"],"picked":"Havoc","floor":10},{"not_picked":["Metallicize","Shrug It Off"],"picked":"Reckless Charge","floor":11},{"not_picked":["Second Wind","Headbutt"],"picked":"Dual Wield","floor":14}],"player_experience":412894,"potions_floor_usage":[16,16],"damage_taken":[{"damage":8,"enemies":"Jaw Worm","floor":1,"turns":4},{"damage":7,"enemies":"Small Slimes","floor":4,"turns":4},{"damage":4,"enemies":"Cultist","floor":7,"turns":5},{"damage":11,"enemies":"Large Slime","floor":8,"turns":9},{"damage":23,"enemies":"Lots of Slimes","floor":10,"turns":8},{"damage":6,"enemies":"Exordium Thugs","floor":11,"turns":5},{"damage":13,"enemies":"3 Sentries","floor":14,"turns":13},{"damage":55,"enemies":"Slime Boss","floor":16,"turns":12}],"event_choices":[{"event_name":"Big Fish","player_choice":"Donut","floor":3,"damage_taken":0},{"event_name":"Bonfire Elementals","player_choice":"BASIC","floor":5,"damage_taken":0},{"event_name":"The Cleric","player_choice":"Card Removal","floor":12,"damage_taken":0}],"boss_relics":[],"potions_floor_spawned":[4,14],"seed_played":"-2081893001105676859","killed_by":"Slime Boss","ascension_level":10,"is_trial":false}