{"gold_per_floor":[118,118,193,46,46,46,77,95,147,175,175,195,52,52,52,155,155,167,167,167,267,267,267,281,313,313,330,347,365,365,399,399,502,552,565,665,665,213,213,213,213,213,236,236,255,274,274,274,274,274,274,274,51,77,77],"floor_reached":56,"playtime":3675,"items_purged":[],"score":1137,"play_id":"89c5d11e-8e31-41fd-aa05-9af9a67dca2d","local_time":"20190913225059","is_ascension_mode":false,"campfire_choices":[{"data":"Zap","floor":6.0,"key":"SMITH"},{"floor":11.0,"key":"REST"},{"floor":15.0,"key":"RECALL"},{"floor":23.0,"key":"REST"},{"floor":30.0,"key":"REST"},{"floor":32.0,"key":"REST"},{"data":"Capacitor","floor":40.0,"key":"SMITH"},{"data":"J.A.X.","floor":42.0,"key":"SMITH"},{"data":"Beam Cell","floor":44.0,"key":"SMITH"},{"data":"Tempest","floor":49.0,"key":"SMITH"},{"data":"Consume","floor":52.0,"key":"SMITH"}],"neow_cost":"NONE","seed_source_timestamp":111218867496700,"circlet_count":0,"master_deck":["Strike_B","Defend_B","Defend_B","Zap+1","Dualcast","Gash","Rip and Tear","All For One","Strike_G","Glacier+1","Coolheaded","Gash","Electrodynamics","Beam Cell","J.A.X.+1","Static Discharge+1","Coolheaded+1","Glacier+1","Biased Cognition+1","Beam Cell+1","Go for the Eyes+1","Gash","Capacitor+1","Tempest+1","Consume+1","Panacea","BootSequence","Chill+1"],"special_seed":0,"relics":["Cracked Core","HornCleat","Gambling Chip","Juzu Bracelet","Empty Cage","Enchiridion","Bag of Preparation","Letter Opener","Incense Burner","Tiny House","Torii","Ice Cream","Bottled Lightning","Vajra","Symbiotic Virus"],"potions_floor_usage":[55,55,55],"damage_taken":[{"damage":0.0,"enemies":"2 Louse","floor":1.0,"turns":1.0},{"damage":39.0,"enemies":"3 Sentries","floor":7.0,"turns":7.0},{"damage":1.0,"enemies":"Jaw Worm","floor":8.0,"turns":2.0},{"damage":6.0,"enemies":"Gremlin Nob","floor":10.0,"turns":4.0},{"damage":0.0,"enemies":"Small Slimes","floor":12.0,"turns":2.0},{"damage":6.0,"enemies":"Hexaghost","floor":16.0,"turns":8.0},{"damage":0.0,"enemies":"3 Byrds","floor":18.0,"turns":2.0},{"damage":13.0,"enemies":"2 Thieves","floor":24.0,"turns":3.0},{"damage":20.0,"enemies":"Slavers","floor":25.0,"turns":2.0},{"damage":7.0,"enemies":"Centurion and Healer","floor":27.0,"turns":3.0},{"damage":3.0,"enemies":"Snake Plant","floor":28.0,"turns":4.0},{"damage":0.0,"enemies":"Snecko","floor":29.0,"turns":3.0},{"damage":16.0,"enemies":"Book of Stabbing","floor":31.0,"turns":3.0},{"damage":24.0,"enemies":"Collector","floor":33.0,"turns":7.0},{"damage":3.0,"enemies":"Orb Walker","floor":35.0,"turns":3.0},{"damage":1.0,"enemies":"Mind Bloom Boss Battle","floor":36.0,"turns":6.0},{"damage":3.0,"enemies":"3 Darklings","floor":45.0,"turns":3.0},{"damage":0.0,"enemies":"Transient","floor":46.0,"turns":5.0},{"damage":68.0,"enemies":"Awakened One","floor":50.0,"turns":8.0},{"damage":34.0,"enemies":"Shield and Spear","floor":54.0,"turns":4.0},{"damage":38,"enemies":"The Heart","floor":55,"turns":15}],"seed_played":"-1939128061020843492","potions_obtained":[{"floor":8.0,"key":"SkillPotion"},{"floor":12.0,"key":"Fire Potion"},{"floor":16.0,"key":"Poison Potion"},{"floor":29.0,"key":"AttackPotion"},{"floor":31.0,"key":"FearPotion"},{"floor":34.0,"key":"PowerPotion"},{"floor":46.0,"key":"SmokeBomb"},{"floor":54.0,"key":"Dexterity Potion"}],"is_trial":false,"path_per_floor":["M","?","?","$","?","R","E","M","T","E","R","M","$","?","R","B",null,"M","?","?","?","?","R","M","E","T","M","M","M","R","E","R","B",null,"M","?","?","$","?","R","T","R","T","R","M","M","?","?","R","B",null,"R","$","E","B",null],"character_chosen":"DEFECT","items_purchased":["All For One","Juzu Bracelet","Ice Cream","Capacitor","Tempest","BootSequence","DuplicationPotion","EssenceOfSteel"],"campfire_rested":4,"item_purchase_floors":[4,13,38,38,38,53,53,53],"current_hp_per_floor":[75,75,64,64,64,64,25,24,24,18,40,40,40,40,40,34,75,75,75,61,61,45,69,56,36,36,29,26,26,50,34,58,34,85,82,81,81,81,81,81,81,81,81,81,78,78,78,78,78,10,81,81,81,47,9],"gold":77,"neow_bonus":"TRANSFORM_CARD","is_prod":false,"is_daily":false,"chose_seed":false,"campfire_upgraded":6,"win_rate":0,"timestamp":1568433059,"path_taken":["M","?","?","?","?","R","E","?","T","E","R","M","$","?","R","BOSS","M","?","?","?","?","R","M","E","T","M","M","M","R","E","R","BOSS","M","?","?","$","?","R","?","R","T","R","M","M","?","?","R","BOSS","R","$","E","BOSS"],"build_version":"2019-09-12","purchased_purges":0,"victory":true,"max_hp_per_floor":[75,75,75,75,75,75,75,75,75,75,75,75,75,75,75,75,75,75,75,80,80,80,80,80,80,80,80,80,80,80,80,80,80,85,85,85,85,85,81,81,81,81,81,81,81,81,81,81,81,81,81,81,81,81,81],"card_choices":[{"not_picked":["Turbo","Rebound"],"picked":"Rip and Tear","floor":1.0},{"not_picked":["Auto Shields","Turbo"],"picked":"Glacier","floor":7.0},{"not_picked":["Cold Snap","Rip and Tear"],"picked":"Coolheaded","floor":8.0},{"not_picked":["Skim","Coolheaded"],"picked":"Gash","floor":10.0},{"not_picked":["Rebound","Recycle","Force Field"],"picked":"SKIP","floor":12.0},{"not_picked":["Fission","Hyperbeam"],"picked":"Electrodynamics","floor":16.0},{"not_picked":["Redo+1","Leap+1"],"picked":"Beam Cell","floor":18.0},{"not_picked":["Storm","Hologram+1"],"picked":"Static Discharge+1","floor":24.0},{"not_picked":["Recycle+1","Rebound","Sunder"],"picked":"SKIP","floor":25.0},{"not_picked":["Fission","Redo","Barrage"],"picked":"SKIP","floor":27.0},{"not_picked":["Leap","Streamline"],"picked":"Coolheaded+1","floor":28.0},{"not_picked":["Stack","Doom and Gloom"],"picked":"Glacier+1","floor":29.0},{"not_picked":["Ball Lightning","Coolheaded","Steam"],"picked":"SKIP","floor":31.0},{"not_picked":["Hyperbeam","Reboot"],"picked":"Biased Cognition","floor":33.0},{"not_picked":["Recycle+1","Barrage+1"],"picked":"Beam Cell","floor":34.0},{"not_picked":["Static Discharge","Auto Shields"],"picked":"Go for the Eyes+1","floor":35.0},{"not_picked":["Skim+1","Go for the Eyes"],"picked":"Gash","floor":36.0},{"not_picked":["Beam Cell","Creative AI"],"picked":"Consume","floor":45.0},{"not_picked":["Redo","Compile Driver+1","Stack+1"],"picked":"SKIP","floor":46.0},{"not_picked":["Metamorphosis","Jack Of All Trades"],"picked":"Panacea","floor":47.0},{"not_picked":["Rebound","Darkness+1"],"picked":"Chill+1","floor":54.0}],"player_experience":1301193,"relics_obtained":[{"floor":7.0,"key":"HornCleat"},{"floor":10.0,"key":"Gambling Chip"},{"floor":22.0,"key":"Enchiridion"},{"floor":25.0,"key":"Bag of Preparation"},{"floor":26.0,"key":"Letter Opener"},{"floor":31.0,"key":"Incense Burner"},{"floor":36.0,"key":"Torii"},{"floor":41.0,"key":"Bottled Lightning"},{"floor":43.0,"key":"Vajra"},{"floor":54.0,"key":"Symbiotic Virus"}],"event_choices":[{"damage_healed":0.0,"max_hp_gain":0.0,"max_hp_loss":0.0,"gold_gain":0.0,"event_name":"Golden Wing","player_choice":"Ignored","floor":2.0,"gold_loss":0.0,"damage_taken":0.0},{"damage_healed":0.0,"max_hp_gain":0.0,"max_hp_loss":0.0,"gold_gain":75.0,"event_name":"World of Goop","player_choice":"Gather Gold","floor":3.0,"gold_loss":0.0,"damage_taken":11.0},{"cards_removed":["Strike_B"],"damage_healed":0.0,"max_hp_gain":0.0,"max_hp_loss":0.0,"gold_gain":0.0,"event_name":"NoteForYourself","player_choice":"Took Card","floor":5.0,"gold_loss":0.0,"damage_taken":0.0,"cards_obtained":["Strike_G"]},{"damage_healed":0.0,"max_hp_gain":0.0,"max_hp_loss":0.0,"gold_gain":0.0,"event_name":"Liars Game","player_choice":"Ignored","floor":14.0,"gold_loss":0.0,"damage_taken":0.0},{"damage_healed":0.0,"max_hp_gain":0.0,"max_hp_loss":0.0,"gold_gain":0.0,"event_name":"Drug Dealer","player_choice":"Obtain J.A.X.","floor":19.0,"gold_loss":0.0,"damage_taken":0.0,"cards_obtained":["J.A.X."]},{"damage_healed":0.0,"max_hp_gain":5.0,"max_hp_loss":0.0,"gold_gain":0.0,"event_name":"Forgotten Altar","player_choice":"Shed Blood","floor":20.0,"gold_loss":0.0,"damage_taken":19.0},{"damage_healed":0.0,"max_hp_gain":0.0,"max_hp_loss":0.0,"gold_gain":100.0,"event_name":"Golden Shrine","player_choice":"Pray","floor":21.0,"gold_loss":0.0,"damage_taken":0.0},{"damage_healed":0.0,"max_hp_gain":0.0,"max_hp_loss":0.0,"gold_gain":0.0,"event_name":"Cursed Tome","player_choice":"Obtained Book","floor":22.0,"gold_loss":0.0,"damage_taken":16.0},{"damage_healed":0.0,"max_hp_gain":0.0,"max_hp_loss":0.0,"gold_gain":0.0,"event_name":"MindBloom","player_choice":"Fight","floor":36.0,"gold_loss":0.0,"damage_taken":0.0},{"damage_healed":0.0,"max_hp_gain":0.0,"max_hp_loss":0.0,"gold_gain":0.0,"event_name":"Upgrade Shrine","player_choice":"Upgraded","floor":37.0,"gold_loss":0.0,"damage_taken":0.0,"cards_upgraded":["Biased Cognition"]},{"damage_healed":0.0,"max_hp_gain":0.0,"max_hp_loss":4.0,"gold_gain":0.0,"event_name":"Winding Halls","player_choice":"Max HP","floor":39.0,"gold_loss":0.0,"damage_taken":0.0},{"damage_healed":0.0,"max_hp_gain":0.0,"max_hp_loss":0.0,"gold_gain":0.0,"event_name":"SensoryStone","player_choice":"Memory 1","floor":47.0,"gold_loss":0.0,"damage_taken":0.0},{"cards_removed":["Defend_B"],"damage_healed":0.0,"max_hp_gain":0.0,"max_hp_loss":0.0,"gold_gain":0.0,"event_name":"Purifier","player_choice":"Purged","floor":48.0,"gold_loss":0.0,"damage_taken":0.0}],"is_beta":true,"boss_relics":[{"not_picked":["Ectoplasm","Fusion Hammer"],"picked":"Empty Cage"},{"not_picked":["Pandora\u0027s Box","Runic Pyramid"],"picked":"Tiny House"}],"items_purged_floors":[],"is_endless":false,"potions_floor_spawned":[8,12,16,25,27,29,31,46,54],"ascension_level":0}