{"gold_per_floor":[112,122,45,63,81,81,101,101,101,121,121,140,140,65,65,163,163,176,101,101,56],"floor_reached":21,"playtime":721,"items_purged":["Defend_R"],"score":171,"play_id":"0e83d74f-df16-43a2-b886-d383a1925e95","local_time":"20190913182236","is_ascension_mode":false,"campfire_choices":[{"data":"Wild Strike","floor":6,"key":"SMITH"},{"data":"Fire Breathing","floor":8,"key":"SMITH"},{"data":"Bash","floor":15,"key":"SMITH"}],"neow_cost":"NONE","seed_source_timestamp":2383385637334300,"circlet_count":0,"master_deck":["Strike_R","Strike_R","Strike_R","Strike_R","Defend_R","Defend_R","Defend_R","Bash+1","Iron Wave","Wild Strike+1","Dropkick","Fire Breathing+1","Inflame","Spot Weakness+1","Demon Form","Decay"],"relics":["Runic Pyramid"],"potions_floor_usage":[5,12],"damage_taken":[{"damage":7,"enemies":"2 Louse","floor":1,"turns":4},{"damage":6,"enemies":"Cultist","floor":2,"turns":3},{"damage":0,"enemies":"Small Slimes","floor":4,"turns":2},{"damage":6,"enemies":"Exordium Thugs","floor":5,"turns":3},{"damage":0,"enemies":"Looter","floor":7,"turns":4},{"damage":4,"enemies":"3 Louse","floor":10,"turns":3},{"damage":10,"enemies":"Exordium Thugs","floor":12,"turns":4},{"damage":36,"enemies":"Hexaghost","floor":16,"turns":10},{"damage":56,"enemies":"3 Byrds","floor":18,"turns":6},{"damage":25,"enemies":"2 Thieves","floor":21,"turns":2}],"seed_played":"4742980433054327767","potions_obtained":[{"floor":4,"key":"AttackPotion"},{"floor":10,"key":"SteroidPotion"},{"floor":16,"key":"FearPotion"}],"is_trial":false,"path_per_floor":["M","M","$","M","M","R","M","R","T","M","?","M","?","$","R","B",null,"M","?","?","M"],"character_chosen":"IRONCLAD","items_purchased":["Dropkick"],"campfire_rested":0,"item_purchase_floors":[3],"current_hp_per_floor":[73,67,67,67,61,61,61,61,61,57,57,47,47,47,47,11,80,24,24,24,0],"gold":56,"neow_bonus":"BOSS_RELIC","is_prod":false,"is_daily":false,"chose_seed":false,"campfire_upgraded":3,"win_rate":0,"timestamp":1568413356,"path_taken":["M","M","$","M","M","R","M","R","T","M","?","?","?","?","R","BOSS","M","?","?","?"],"build_version":"2019-07-17","purchased_purges":1,"victory":false,"max_hp_per_floor":[80,80,80,80,80,80,80,80,80,80,80,80,80,80,80,80,80,80,80,80,80],"card_choices":[{"not_picked":["Wild Strike","Clash"],"picked":"Iron Wave","floor":1},{"not_picked":["Shrug It Off","Sword Boomerang"],"picked":"Wild Strike","floor":2},{"not_picked":["Dark Embrace","Clothesline","Iron Wave"],"picked":"SKIP","floor":4},{"not_picked":["Searing Blow","Heavy Blade"],"picked":"Fire Breathing","floor":5},{"not_picked":["Cleave","Flex"],"picked":"Inflame","floor":7},{"not_picked":["Bloodletting","Clothesline","Sentinel"],"picked":"SKIP","floor":10},{"not_picked":["Iron Wave","Sword Boomerang"],"picked":"Spot Weakness","floor":12},{"not_picked":["Barricade","Juggernaut"],"picked":"Demon Form","floor":16},{"not_picked":["True Grit","Combust","Hemokinesis"],"picked":"SKIP","floor":18}],"player_experience":406585,"relics_obtained":[],"event_choices":[{"damage_healed":0,"gold_gain":0,"player_choice":"Relic","damage_taken":0,"max_hp_gain":0,"max_hp_loss":0,"event_name":"Wheel of Change","floor":11,"gold_loss":0},{"damage_healed":0,"gold_gain":0,"player_choice":"Upgraded","damage_taken":0,"max_hp_gain":0,"max_hp_loss":0,"event_name":"Upgrade Shrine","floor":13,"gold_loss":0,"cards_upgraded":["Spot Weakness"]},{"cards_removed":["Strike_R"],"damage_healed":0,"gold_gain":0,"player_choice":"Gave Gold","damage_taken":0,"max_hp_gain":0,"max_hp_loss":0,"event_name":"Beggar","floor":19,"gold_loss":75},{"damage_healed":0,"gold_gain":0,"player_choice":"Cursed","damage_taken":0,"max_hp_gain":0,"max_hp_loss":0,"event_name":"Wheel of Change","floor":20,"gold_loss":0,"cards_obtained":["Decay"]}],"is_beta":false,"boss_relics":[{"not_picked":["Busted Crown","Calling Bell","Tiny House"]}],"items_purged_floors":[14],"is_endless":false,"potions_floor_spawned":[4,10,16],"killed_by":"2 Thieves","ascension_level":0}