{"gold_per_floor":[116,266,266,280,260,260,290,290,290,320,332,359,371,397,409,497,509,532,27,44,44,44,44],"floor_reached":23,"playtime":1298,"items_purged":["Strike_B"],"score":400,"play_id":"45ed8678-adbb-4b20-828b-a2e16113f586","local_time":"20190813191102","is_ascension_mode":true,"campfire_choices":[{"data":"Zap","floor":6.0,"key":"SMITH"},{"data":"Sweeping Beam","floor":8.0,"key":"SMITH"},{"data":"Dualcast","floor":11.0,"key":"SMITH"},{"data":"Loop","floor":13.0,"key":"SMITH"},{"data":"Biased Cognition","floor":15.0,"key":"SMITH"}],"neow_cost":"NONE","seed_source_timestamp":550039098393671,"circlet_count":0,"master_deck":["AscendersBane","Strike_B+1","Strike_B+1","Defend_B+1","Defend_B+1","Defend_B+1","Defend_B+1","Zap+1","Dualcast+1","Sweeping Beam+1","Ball Lightning","Biased Cognition+1","Stack","Loop+1","Recycle","Fission","BootSequence","Magnetism","Beam Cell+1"],"special_seed":0,"relics":["Cracked Core","Dead Branch","Pantograph","MawBank","Runic Dome","MealTicket"],"potions_floor_usage":[],"damage_taken":[{"damage":5.0,"enemies":"Small Slimes","floor":1.0,"turns":4.0},{"damage":2.0,"enemies":"Jaw Worm","floor":4.0,"turns":3.0},{"damage":17.0,"enemies":"Lagavulin","floor":7.0,"turns":6.0},{"damage":0.0,"enemies":"Gremlin Nob","floor":10.0,"turns":3.0},{"damage":0.0,"enemies":"Cultist","floor":12.0,"turns":2.0},{"damage":10.0,"enemies":"Lots of Slimes","floor":14.0,"turns":2.0},{"damage":32.0,"enemies":"The Guardian","floor":16.0,"turns":7.0},{"damage":17,"enemies":"2 Thieves","floor":18,"turns":3},{"damage":14,"enemies":"3 Byrds","floor":20,"turns":4},{"damage":37,"enemies":"Slavers","floor":23,"turns":3}],"seed_played":"3187575756834453668","potions_obtained":[{"floor":1.0,"key":"SkillPotion"},{"floor":5.0,"key":"GamblersBrew"},{"floor":7.0,"key":"PowerPotion"},{"floor":12.0,"key":"Fire Potion"}],"is_trial":false,"path_per_floor":["M","?","?","M","?","R","E","R","T","E","R","M","R","M","R","B",null,"M","$","M","?","?","E"],"character_chosen":"DEFECT","items_purchased":["MealTicket","Magnetism"],"campfire_rested":0,"item_purchase_floors":[19,19],"current_hp_per_floor":[59,59,59,57,57,57,40,40,40,40,40,40,40,30,30,23,59,42,42,28,28,28,0],"gold":44,"neow_bonus":"REMOVE_CARD","is_prod":false,"is_daily":false,"chose_seed":false,"campfire_upgraded":5,"win_rate":0,"timestamp":1565748662,"path_taken":["M","?","?","?","?","R","E","R","T","E","R","?","R","M","R","BOSS","M","?","M","?","?","E"],"build_version":"2019-07-17","purchased_purges":1,"victory":false,"max_hp_per_floor":[71,71,71,71,71,71,71,71,71,71,71,71,71,71,71,71,71,71,71,71,71,71,71],"card_choices":[{"not_picked":["Hologram","Stack"],"picked":"Sweeping Beam","floor":1.0},{"not_picked":["Rebound","Gash"],"picked":"Ball Lightning","floor":4.0},{"not_picked":["Darkness","Rebound"],"picked":"Biased Cognition","floor":7.0},{"not_picked":["Hologram","Hello World"],"picked":"Stack","floor":10.0},{"not_picked":["Steam","Conserve Battery"],"picked":"Loop","floor":12.0},{"not_picked":["Static Discharge","Ball Lightning"],"picked":"Recycle","floor":14.0},{"not_picked":["Meteor Strike","Amplify"],"picked":"Fission","floor":16.0},{"not_picked":["Rebound+1","Heatsinks"],"picked":"BootSequence","floor":18},{"not_picked":["Go for the Eyes","Redo"],"picked":"Beam Cell+1","floor":20}],"player_experience":661584,"relics_obtained":[{"floor":7.0,"key":"Dead Branch"},{"floor":9.0,"key":"Pantograph"},{"floor":10.0,"key":"MawBank"}],"event_choices":[{"damage_healed":0.0,"max_hp_gain":0.0,"max_hp_loss":0.0,"gold_gain":150.0,"event_name":"Liars Game","player_choice":"AGREE","floor":2.0,"gold_loss":0.0,"damage_taken":0.0,"cards_obtained":["Doubt"]},{"cards_removed":["Doubt"],"damage_healed":0.0,"max_hp_gain":0.0,"max_hp_loss":0.0,"gold_gain":0.0,"event_name":"Living Wall","player_choice":"Forget","floor":3.0,"gold_loss":0.0,"damage_taken":0.0},{"damage_healed":0.0,"max_hp_gain":0.0,"max_hp_loss":0.0,"gold_gain":0.0,"event_name":"The Woman in Blue","player_choice":"Bought 1 Potion","floor":5.0,"gold_loss":0.0,"damage_taken":0.0},{"damage_healed":0,"gold_gain":0,"player_choice":"Simplicity","damage_taken":0,"max_hp_gain":0,"max_hp_loss":0,"event_name":"Back to Basics","floor":21,"gold_loss":0,"cards_upgraded":["Strike_B","Strike_B","Defend_B","Defend_B","Defend_B","Defend_B"]},{"damage_healed":0,"gold_gain":0,"player_choice":"Ignored","damage_taken":0,"max_hp_gain":0,"max_hp_loss":0,"event_name":"Cursed Tome","floor":22,"gold_loss":0}],"is_beta":false,"boss_relics":[{"not_picked":["Fusion Hammer","Pandora\u0027s Box"],"picked":"Runic Dome"}],"items_purged_floors":[19],"is_endless":false,"potions_floor_spawned":[1,7,12],"killed_by":"Slavers","ascension_level":16}