{"path_per_floor":["M","M","M","?","$","R","?","R","T","E","M","E","M","E","R","B",null,"M","?","$","M","M","E","R","E","T","R","M","R","M","T","R"],"character_chosen":"THE_SILENT","items_purchased":["Flying Knee","Sucker Punch","Purity","Dodge and Roll"],"gold_per_floor":[115,130,146,146,2,2,2,2,29,55,66,99,117,150,150,246,246,262,262,34,45,55,117,117,145,171,171,183,183,193,217,217,217],"floor_reached":33,"campfire_rested":1,"playtime":3958,"current_hp_per_floor":[62,55,55,60,60,60,60,60,60,57,56,55,53,49,49,48,63,58,58,58,58,51,33,33,21,28,28,28,28,22,22,44,0],"items_purged":["Strike_G","Defend_G"],"gold":217,"score":397,"play_id":"52237d23-0d9c-45dc-b5ae-8ffc416b458a","local_time":"20180415175020","is_prod":false,"is_daily":false,"chose_seed":false,"is_ascension_mode":true,"campfire_upgraded":6,"timestamp":1523839820,"path_taken":["M","?","M","?","?","R","?","R","T","E","M","E","M","E","R","BOSS","M","?","$","M","M","E","R","E","T","R","M","R","M","?","R","BOSS"],"build_version":"2018-04-12","seed_source_timestamp":69862548657867,"purchased_purges":2,"victory":false,"master_deck":["Defend_G","Defend_G+1","Defend_G","Defend_G+1","Survivor","Neutralize+1","Deflect","Heel Hook","Cloak And Dagger","Flying Knee","Cloak And Dagger","Flying Knee","Sucker Punch+1","Noxious Fumes","Well Laid Plans","Noxious Fumes+1","Dodge and Roll+1","Burst+1","Venomology","Predator+1","Purity","Dodge and Roll","Bane+1","Expertise+1","Infinite Blades","Infinite Blades","Dagger Spray+1","Concentrate+1","Deflect","Acrobatics"],"max_hp_per_floor":[63,63,63,68,68,68,68,68,68,68,68,68,68,68,68,68,68,68,68,68,68,68,68,68,68,75,75,75,75,75,75,75,75],"relics":["Ring of the Snake","Pen Nib","Prayer Wheel","Lantern","Bottled Tornado","Runic Dome","Tiny Chest","Bag of Marbles","Strawberry","War Paint"],"card_choices":[{"not_picked":["Terror","Poisoned Stab"],"picked":"Cloak And Dagger","floor":1},{"not_picked":["Distraction","Heel Hook"],"picked":"Flying Knee","floor":2},{"not_picked":["Bane","Caltrops"],"picked":"Cloak And Dagger","floor":3},{"not_picked":["Acrobatics","Dodge and Roll"],"picked":"Noxious Fumes","floor":10},{"not_picked":["Deflect","Underhanded Strike"],"picked":"Well Laid Plans","floor":11},{"not_picked":["Flechettes","Endless Agony"],"picked":"Noxious Fumes","floor":12},{"not_picked":["Leg Sweep","Malaise"],"picked":"Dodge and Roll","floor":13},{"not_picked":["Accuracy","Slice"],"picked":"Burst","floor":14},{"not_picked":["Storm of Steel","Corpse Explosion"],"picked":"Venomology","floor":16},{"not_picked":["Quick Slash","Terror"],"picked":"Predator","floor":18},{"not_picked":["Acrobatics","Dagger Spray"],"picked":"Bane","floor":21},{"not_picked":["Calculated Gamble","Cloak And Dagger"],"picked":"Expertise","floor":22},{"not_picked":["Underhanded Strike","Dagger Throw"],"picked":"Infinite Blades","floor":23},{"not_picked":["Envenom","Heel Hook"],"picked":"Infinite Blades","floor":25},{"not_picked":["Prepared","Crippling Poison"],"picked":"Dagger Spray","floor":26},{"not_picked":["Underhanded Strike","Bane"],"picked":"Concentrate","floor":28},{"not_picked":["Dagger Throw","Deadly Poison"],"picked":"Deflect","floor":30},{"not_picked":["Bane","Backstab"],"picked":"Acrobatics","floor":31}],"player_experience":310639,"potions_floor_usage":[10,14,16,22,23,23,23,25,30,33,33],"damage_taken":[{"damage":1,"enemies":"Cultist","floor":1,"turns":5},{"damage":7,"enemies":"Jaw Worm","floor":2,"turns":4},{"damage":0,"enemies":"Small Slimes","floor":3,"turns":4},{"damage":3,"enemies":"Gremlin Nob","floor":10,"turns":4},{"damage":1,"enemies":"3 Louse","floor":11,"turns":4},{"damage":1,"enemies":"Lagavulin","floor":12,"turns":6},{"damage":2,"enemies":"Exordium Thugs","floor":13,"turns":5},{"damage":4,"enemies":"Gremlin Nob","floor":14,"turns":5},{"damage":1,"enemies":"Slime Boss","floor":16,"turns":8},{"damage":5,"enemies":"Shell Parasite","floor":18,"turns":6},{"damage":0,"enemies":"Spheric Guardian","floor":21,"turns":1},{"damage":7,"enemies":"Centurion and Healer","floor":22,"turns":4},{"damage":18,"enemies":"Slavers","floor":23,"turns":3},{"damage":12,"enemies":"Book of Stabbing","floor":25,"turns":5},{"damage":0,"enemies":"3 Cultists","floor":28,"turns":2},{"damage":6,"enemies":"Snecko","floor":30,"turns":5},{"damage":67,"enemies":"Champ","floor":33,"turns":8}],"event_choices":[{"event_name":"Big Fish","player_choice":"Donut","floor":4,"damage_taken":0},{"event_name":"Living Wall","player_choice":"Forget","floor":7,"damage_taken":0},{"event_name":"Bonfire Elementals","player_choice":"BASIC","floor":19,"damage_taken":0}],"boss_relics":[{"not_picked":["Philosopher\u0027s Stone","Lizard Tail"],"picked":"Runic Dome"}],"potions_floor_spawned":[1,11,13,16,22,23],"seed_played":"4378112763863412173","killed_by":"Champ","ascension_level":6,"is_trial":false}