{"path_per_floor":["M","M","$","?","?","?","M","R","T","M","E","M","E","M","R","B",null,"M","?","M","$","?","R"],"character_chosen":"IRONCLAD","items_purchased":["Champion Belt","Body Slam","Flex"],"gold_per_floor":[369,384,15,15,15,15,35,35,35,50,82,101,129,141,141,241,241,209,209,226,151,151,151,151],"floor_reached":24,"campfire_rested":1,"playtime":641,"current_hp_per_floor":[46,52,52,78,78,53,55,55,55,61,59,63,48,54,78,31,80,68,53,51,51,51,51,0],"items_purged":["Strike_R"],"gold":151,"score":206,"play_id":"91aad42a-e667-4bdf-8fd5-773222f36264","local_time":"20180403130741","is_prod":false,"is_daily":false,"is_ascension_mode":false,"campfire_upgraded":2,"timestamp":1522775261,"path_taken":["M","M","$","?","?","?","M","R","T","M","E","M","E","?","R","BOSS","M","?","M","$","?","R","E"],"build_version":"2018-03-29v2","purchased_purges":1,"victory":false,"master_deck":["Strike_R","Strike_R","Strike_R","Strike_R","Defend_R","Defend_R","Defend_R","Bash","Clash","Ghostly Armor","Body Slam+1","Flex+1","Evolve","Clash","Ghostly Armor","Flame Barrier","Dark Embrace","Whirlwind"],"max_hp_per_floor":[80,80,80,80,80,80,80,80,80,80,80,80,80,80,80,80,80,80,85,85,85,85,85,85],"relics":["Burning Blood","Champion Belt","Sundial","Question Card","Bottled Lightning","Mark of Pain","Nloth\u0027s Gift"],"card_choices":[{"not_picked":["Wild Strike","Armaments"],"picked":"Clash","floor":1},{"not_picked":["Fire Breathing","Clothesline"],"picked":"Ghostly Armor","floor":2},{"not_picked":["Cleave","Second Wind"],"picked":"Clash","floor":7},{"not_picked":["Dropkick","Armaments","Wild Strike"],"picked":"Ghostly Armor","floor":10},{"not_picked":["Rupture","Twin Strike","Brutality"],"picked":"Flame Barrier","floor":11},{"not_picked":["Brutality","Exhume","Immolate"],"picked":"Dark Embrace","floor":16},{"not_picked":["Warcry","Body Slam","Clash"],"picked":"Whirlwind","floor":20}],"player_experience":293459,"potions_floor_usage":[16,24,24],"damage_taken":[{"damage":0,"enemies":"2 Louse","floor":1,"turns":3},{"damage":0,"enemies":"Small Slimes","floor":2,"turns":3},{"damage":4,"enemies":"Cultist","floor":7,"turns":4},{"damage":0,"enemies":"2 Fungi Beasts","floor":10,"turns":2},{"damage":8,"enemies":"Lagavulin","floor":11,"turns":5},{"damage":2,"enemies":"Looter","floor":12,"turns":2},{"damage":21,"enemies":"Gremlin Nob","floor":13,"turns":4},{"damage":0,"enemies":"Blue Slaver","floor":14,"turns":2},{"damage":53,"enemies":"Hexaghost","floor":16,"turns":12},{"damage":18,"enemies":"2 Thieves","floor":18,"turns":5},{"damage":8,"enemies":"Shell Parasite","floor":20,"turns":6},{"damage":52,"enemies":"Slavers","floor":24,"turns":4}],"event_choices":[{"event_name":"Big Fish","player_choice":"Banana","floor":4,"damage_taken":0},{"event_name":"Living Wall","player_choice":"Change","floor":5,"damage_taken":0},{"event_name":"Scrap Ooze","player_choice":"success","floor":6,"damage_taken":25},{"event_name":"Forgotten Altar","player_choice":"Shed Blood","floor":19,"damage_taken":0},{"event_name":"N\u0027loth","player_choice":"Traded a Pen Nib","floor":22,"damage_taken":0}],"boss_relics":[{"not_picked":["Runic Pyramid","Cursed Key"],"picked":"Mark of Pain"}],"potions_floor_spawned":[10,11,12,14,16],"seed_played":"-6364803818745394417","killed_by":"Slavers","ascension_level":0,"is_trial":false}