{"gold_per_floor":[116,131,146,221,221,221,251,251,275,289,306,306,319,352,352,448,448,461,461,478,495,495],"floor_reached":22,"playtime":2148,"items_purged":[],"score":198,"play_id":"50ab9907-fce4-4a12-bc2a-c4bbea75330d","local_time":"20190503232111","is_ascension_mode":false,"campfire_choices":[{"data":"Loop","floor":6,"key":"SMITH"},{"data":"Amplify","floor":8,"key":"SMITH"},{"data":"Zap","floor":12,"key":"SMITH"},{"data":"Loop","floor":15,"key":"SMITH"}],"neow_cost":"TEN_PERCENT_HP_LOSS","seed_source_timestamp":47796271326073,"circlet_count":0,"master_deck":["Strike_B","Defend_B","Defend_B","Defend_B","Defend_B","Zap+1","Dualcast","Self Repair","Multi-Cast","Loop+1","Self Repair","Hologram","Amplify+1","Redo","FTL","Loop+1","Buffer","Hologram"],"relics":["Cracked Core","Pen Nib","Lantern","Anchor"],"potions_floor_usage":[16],"damage_taken":[{"damage":2,"enemies":"2 Louse","floor":1,"turns":4},{"damage":0,"enemies":"Cultist","floor":2,"turns":3},{"damage":8,"enemies":"Jaw Worm","floor":3,"turns":4},{"damage":12,"enemies":"Lagavulin","floor":7,"turns":8},{"damage":17,"enemies":"Looter","floor":10,"turns":4},{"damage":14,"enemies":"Blue Slaver","floor":11,"turns":4},{"damage":13,"enemies":"Lots of Slimes","floor":13,"turns":4},{"damage":35,"enemies":"3 Sentries","floor":14,"turns":6},{"damage":20,"enemies":"Hexaghost","floor":16,"turns":9},{"damage":8,"enemies":"Chosen","floor":18,"turns":5},{"damage":22,"enemies":"3 Byrds","floor":20,"turns":5},{"damage":36,"enemies":"Snecko","floor":21,"turns":6},{"damage":42,"enemies":"Centurion and Healer","floor":22,"turns":7}],"seed_played":"-7006230071783307781","potions_obtained":[{"floor":7,"key":"Strength Potion"},{"floor":10,"key":"Strength Potion"},{"floor":11,"key":"SteroidPotion"},{"floor":16,"key":"PowerPotion"},{"floor":20,"key":"FocusPotion"},{"floor":21,"key":"Ancient Potion"}],"is_trial":false,"path_per_floor":["M","M","M","?","?","R","E","R","T","M","M","R","M","E","R","B",null,"M","?","M","M","M"],"character_chosen":"DEFECT","items_purchased":[],"campfire_rested":0,"item_purchase_floors":[],"current_hp_per_floor":[68,68,68,57,57,57,59,59,59,63,68,68,68,47,47,41,68,68,68,60,38,0],"gold":495,"neow_bonus":"TRANSFORM_TWO_CARDS","is_prod":false,"is_daily":false,"chose_seed":false,"campfire_upgraded":4,"win_rate":0.0,"timestamp":1556918471,"path_taken":["M","M","M","?","?","R","E","R","T","M","M","R","?","E","R","BOSS","M","?","M","M","M"],"build_version":"2019-01-23","purchased_purges":0,"victory":false,"max_hp_per_floor":[68,68,68,68,68,68,68,68,68,68,68,68,68,68,68,68,68,68,68,68,68,68],"card_choices":[{"not_picked":["Ball Lightning","Barrage"],"picked":"Loop","floor":1},{"not_picked":["Stack","Conserve Battery"],"picked":"Self Repair","floor":2},{"not_picked":["Sweeping Beam","Ball Lightning"],"picked":"Hologram","floor":3},{"not_picked":["Steam Power","Turbo"],"picked":"Amplify","floor":7},{"not_picked":["Streamline","Blizzard","Coolheaded"],"picked":"SKIP","floor":10},{"not_picked":["Rebound","Aggregate"],"picked":"Redo","floor":11},{"not_picked":["Gash","Storm"],"picked":"FTL","floor":13},{"not_picked":["Barrage","Amplify"],"picked":"Loop","floor":14},{"not_picked":["Thunder Strike","Creative AI"],"picked":"Buffer","floor":16},{"not_picked":["Turbo","Steam","Beam Cell"],"picked":"SKIP","floor":18},{"not_picked":["Fusion+1","Turbo+1","Glacier"],"picked":"SKIP","floor":20},{"not_picked":["Go for the Eyes+1","Gash"],"picked":"Hologram","floor":21}],"player_experience":152011,"relics_obtained":[{"floor":7,"key":"Pen Nib"},{"floor":9,"key":"Lantern"},{"floor":14,"key":"Anchor"}],"event_choices":[{"damage_healed":0,"gold_gain":75,"player_choice":"Gather Gold","damage_taken":11,"max_hp_gain":0,"max_hp_loss":0,"event_name":"World of Goop","floor":4,"gold_loss":0},{"cards_removed":["Strike_B"],"damage_healed":0,"gold_gain":0,"player_choice":"Card Removal","damage_taken":0,"max_hp_gain":0,"max_hp_loss":0,"event_name":"Wheel of Change","floor":5,"gold_loss":0},{"damage_healed":0,"gold_gain":0,"player_choice":"Ignored","damage_taken":0,"max_hp_gain":0,"max_hp_loss":0,"event_name":"Ghosts","floor":19,"gold_loss":0}],"is_beta":false,"boss_relics":[{"not_picked":["Runic Pyramid","Snecko Eye","Velvet Choker"]}],"items_purged_floors":[],"is_endless":false,"potions_floor_spawned":[7,10,11,16,20,21],"killed_by":"Centurion and Healer","ascension_level":0}