{"gold_per_floor":[114,129,129,3,0,0,30,45,70,1,1,16,16,31,31,131,131,146,161,7,7,7,7,37,37],"floor_reached":25,"playtime":1167,"items_purged":["Steam"],"score":219,"play_id":"3e864dd3-2ffe-46f3-bf5c-837da9784122","local_time":"20181030224609","daily_mods":["Chimera","Red Cards","Careless"],"is_ascension_mode":false,"campfire_choices":[{"data":"Double Energy","floor":6,"key":"SMITH"},{"data":"Capacitor","floor":11,"key":"SMITH"},{"floor":13,"key":"REST"},{"data":"Rampage","floor":15,"key":"SMITH"},{"floor":23,"key":"REST"}],"neow_cost":"","seed_source_timestamp":0,"circlet_count":0,"master_deck":["Bash","Survivor","Zap","Strike_G","Defend_R","Defend_G","Rampage+1","Double Energy+1","Swift Strike","Consume","Conserve Battery","Rampage","Capacitor+1","Redo","Intimidate","Exhume+1","Streamline+1","Steam+1","Ball Lightning","Doom and Gloom"],"special_seed":17835,"relics":["Cracked Core","Ginger","Blood Vial","Astrolabe","Pen Nib"],"potions_floor_usage":[7,12,16,25],"damage_taken":[{"damage":6,"enemies":"Cultist","floor":1,"turns":3},{"damage":3,"enemies":"Jaw Worm","floor":2,"turns":3},{"damage":16,"enemies":"3 Sentries","floor":7,"turns":6},{"damage":0,"enemies":"2 Louse","floor":8,"turns":3},{"damage":12,"enemies":"2 Fungi Beasts","floor":12,"turns":4},{"damage":12,"enemies":"Blue Slaver","floor":14,"turns":3},{"damage":56,"enemies":"Hexaghost","floor":16,"turns":12},{"damage":37,"enemies":"2 Thieves","floor":18,"turns":5},{"damage":27,"enemies":"Shell Parasite","floor":19,"turns":4},{"damage":42,"enemies":"Gremlin Leader","floor":24,"turns":5},{"damage":31,"enemies":"Sentry and Sphere","floor":25,"turns":3}],"seed_played":"6220949458261519383","potions_obtained":[{"floor":1,"key":"Block Potion"},{"floor":8,"key":"Ancient Potion"},{"floor":14,"key":"AttackPotion"},{"floor":24,"key":"FearPotion"}],"is_trial":false,"path_per_floor":["M","M","?","$","?","R","E","M","T","$","R","M","R","M","R","B",null,"M","M","$","?","?","R","E"],"character_chosen":"DEFECT","items_purchased":["Swift Strike","Consume","Capacitor","Doom and Gloom"],"campfire_rested":2,"item_purchase_floors":[4,4,10,20],"current_hp_per_floor":[69,66,75,75,75,75,59,59,59,59,59,49,71,61,61,7,75,38,13,13,38,38,60,20,0],"gold":37,"neow_bonus":"","is_prod":false,"is_daily":true,"chose_seed":false,"campfire_upgraded":3,"win_rate":0,"timestamp":1540964769,"path_taken":["M","M","?","$","?","R","E","M","T","?","R","M","R","M","R","BOSS","M","M","$","?","?","R","E","M"],"build_version":"2018-10-25v2","purchased_purges":1,"victory":false,"max_hp_per_floor":[75,75,75,75,75,75,75,75,75,75,75,75,75,75,75,75,75,75,75,75,75,75,75,75,75],"card_choices":[{"not_picked":["Metallicize","Hello World"],"picked":"Rampage","floor":1},{"not_picked":["Rampage","Rebound"],"picked":"Double Energy","floor":2},{"not_picked":["Perfected Strike","Leap"],"picked":"Conserve Battery","floor":7},{"not_picked":["Wild Strike","Combust"],"picked":"Rampage","floor":8},{"not_picked":["Thunderclap","Scrape"],"picked":"Redo","floor":12},{"not_picked":["Pummel","Carnage"],"picked":"Intimidate","floor":14},{"not_picked":["True Grit","Power Through"],"picked":"Steam","floor":18},{"not_picked":["Heavy Blade","Redo+1"],"picked":"Ball Lightning","floor":19},{"not_picked":["Gash","Buffer","Pommel Strike"],"picked":"SKIP","floor":24}],"player_experience":76217,"relics_obtained":[{"floor":7,"key":"Ginger"},{"floor":9,"key":"Blood Vial"},{"floor":24,"key":"Pen Nib"}],"event_choices":[{"damage_healed":25,"gold_gain":0,"player_choice":"Banana","damage_taken":0,"max_hp_gain":0,"max_hp_loss":0,"event_name":"Big Fish","floor":3,"gold_loss":0},{"damage_healed":0,"gold_gain":0,"player_choice":"Left Gold","damage_taken":0,"max_hp_gain":0,"max_hp_loss":0,"event_name":"World of Goop","floor":5,"gold_loss":3},{"damage_healed":25,"gold_gain":0,"player_choice":"Heal","damage_taken":0,"max_hp_gain":0,"max_hp_loss":0,"event_name":"The Library","floor":21,"gold_loss":0},{"damage_healed":0,"gold_gain":0,"player_choice":"Ignored","damage_taken":0,"max_hp_gain":0,"max_hp_loss":0,"event_name":"Beggar","floor":22,"gold_loss":0}],"is_beta":false,"boss_relics":[{"not_picked":["Runic Dome","Tiny House"],"picked":"Astrolabe"}],"items_purged_floors":[20],"is_endless":false,"potions_floor_spawned":[1,8,14,24],"killed_by":"Sentry and Sphere","ascension_level":0}