{"gold_per_floor":[112,7,82,82,98,98,98,98,98,115,115,133,133,165,165,165],"floor_reached":16,"playtime":300,"items_purged":[],"score":196,"play_id":"17d8228f-6563-471b-8903-3001a7ab8ee0","local_time":"20190501201313","is_ascension_mode":true,"campfire_choices":[{"data":"Dagger Spray","floor":6,"key":"SMITH"},{"floor":15,"key":"REST"}],"neow_cost":"NONE","seed_source_timestamp":3828447966213558,"circlet_count":0,"master_deck":["AscendersBane","Defend_G","Defend_G","Defend_G","Defend_G","Defend_G","Strike_G","Strike_G","Strike_G","Strike_G","Strike_G","Survivor","Neutralize","Dagger Spray+1","Predator","Dagger Spray+1","A Thousand Cuts"],"relics":["Ring of the Snake","Anchor","Turnip","Question Card","Bird Faced Urn","Potion Belt"],"potions_floor_usage":[2,14,16],"damage_taken":[{"damage":3,"enemies":"Small Slimes","floor":1,"turns":4},{"damage":2,"enemies":"Jaw Worm","floor":5,"turns":4},{"damage":0,"enemies":"2 Louse","floor":10,"turns":2},{"damage":0,"enemies":"Looter","floor":12,"turns":4},{"damage":42,"enemies":"Gremlin Nob","floor":14,"turns":5},{"damage":55,"enemies":"Slime Boss","floor":16,"turns":5}],"seed_played":"1796460368160333782","potions_obtained":[{"floor":5,"key":"Regen Potion"},{"floor":12,"key":"SkillPotion"}],"is_trial":false,"path_per_floor":["M","$","?","?","M","R","?","T","T","M","?","M","?","E","R","B"],"character_chosen":"THE_SILENT","items_purchased":["Fruit Juice"],"campfire_rested":1,"item_purchase_floors":[2],"current_hp_per_floor":[56,61,50,39,37,37,60,60,60,60,60,60,60,18,39,0],"gold":165,"neow_bonus":"RANDOM_COMMON_RELIC","is_prod":false,"is_daily":false,"chose_seed":false,"campfire_upgraded":1,"win_rate":0,"timestamp":1556737993,"path_taken":["M","$","?","?","M","R","?","?","T","M","?","M","?","E","R","BOSS"],"build_version":"2019-01-23","purchased_purges":0,"victory":false,"max_hp_per_floor":[66,71,71,71,71,71,71,71,71,71,71,71,71,71,71,71],"card_choices":[{"not_picked":["Deflect","Underhanded Strike"],"picked":"Dagger Spray","floor":1},{"not_picked":["Calculated Gamble","Backflip"],"picked":"Predator","floor":5},{"not_picked":["Sucker Punch","Deflect","Quick Slash"],"picked":"Dagger Spray","floor":10},{"not_picked":["Deadly Poison","Leg Sweep","Choke"],"picked":"A Thousand Cuts","floor":12},{"not_picked":["Outmaneuver","Deadly Poison","Poisoned Stab","Infinite Blades"],"picked":"SKIP","floor":14}],"player_experience":790207,"relics_obtained":[{"floor":8,"key":"Question Card"},{"floor":9,"key":"Bird Faced Urn"},{"floor":14,"key":"Potion Belt"}],"event_choices":[{"damage_healed":0,"gold_gain":75,"player_choice":"Gather Gold","damage_taken":11,"max_hp_gain":0,"max_hp_loss":0,"event_name":"World of Goop","floor":3,"gold_loss":0},{"damage_healed":0,"gold_gain":0,"player_choice":"Success","damage_taken":11,"relics_obtained":["Turnip"],"max_hp_gain":0,"max_hp_loss":0,"event_name":"Scrap Ooze","floor":4,"gold_loss":0},{"damage_healed":23,"gold_gain":0,"player_choice":"Banana","damage_taken":0,"max_hp_gain":0,"max_hp_loss":0,"event_name":"Big Fish","floor":7,"gold_loss":0},{"damage_healed":0,"gold_gain":0,"player_choice":"Ignored","damage_taken":0,"max_hp_gain":0,"max_hp_loss":0,"event_name":"Liars Game","floor":11,"gold_loss":0},{"damage_healed":0,"gold_gain":0,"player_choice":"Grow","damage_taken":0,"max_hp_gain":0,"max_hp_loss":0,"event_name":"Living Wall","floor":13,"gold_loss":0,"cards_upgraded":["Dagger Spray"]}],"is_beta":false,"boss_relics":[],"items_purged_floors":[],"is_endless":false,"potions_floor_spawned":[5,12],"killed_by":"Slime Boss","ascension_level":20}