{"gold_per_floor":[110,110,122,139,156,156,168,198,198,217,217,247,247,264,264,369,419,434,110,0,0,0,0,20,20,66,66,77,88,108,118,118,118],"floor_reached":33,"playtime":2531,"items_purged":["Strike_R"],"score":251,"play_id":"6ceb73a0-c527-497e-a3e3-2a655e3db040","local_time":"20190412002436","is_ascension_mode":false,"campfire_choices":[{"data":"Searing Blow","floor":6,"key":"SMITH"},{"data":"Entrench","floor":11,"key":"SMITH"},{"data":"Searing Blow+1","floor":13,"key":"SMITH"},{"data":"Searing Blow+2","floor":15,"key":"SMITH"},{"data":"Thinking Ahead","floor":23,"key":"SMITH"},{"data":"Searing Blow+3","floor":25,"key":"SMITH"},{"data":"Searing Blow+4","floor":27,"key":"SMITH"},{"floor":32,"key":"REST"}],"neow_cost":"NONE","seed_source_timestamp":53446743957615,"circlet_count":0,"master_deck":["Strike_R","Strike_R","Strike_R","Strike_R","Defend_R","Defend_R","Defend_R+1","Defend_R","Bash","Searing Blow+5","Entrench+1","Exhume","Thinking Ahead+1","Flame Barrier"],"relics":["Burning Blood","NeowsBlessing","Gremlin Horn","Paper Frog","Tiny House","Enchiridion","Oddly Smooth Stone"],"potions_floor_usage":[2,8,8,16,16,16,24,29,30],"damage_taken":[{"damage":0,"enemies":"Jaw Worm","floor":1,"turns":1},{"damage":0,"enemies":"Cultist","floor":3,"turns":1},{"damage":0,"enemies":"Small Slimes","floor":4,"turns":1},{"damage":10,"enemies":"Blue Slaver","floor":5,"turns":6},{"damage":2,"enemies":"3 Louse","floor":7,"turns":4},{"damage":14,"enemies":"Gremlin Nob","floor":8,"turns":3},{"damage":10,"enemies":"Exordium Wildlife","floor":10,"turns":3},{"damage":19,"enemies":"Gremlin Gang","floor":14,"turns":8},{"damage":32,"enemies":"Hexaghost","floor":16,"turns":7},{"damage":28,"enemies":"Shell Parasite","floor":18,"turns":12},{"damage":33,"enemies":"2 Thieves","floor":24,"turns":5},{"damage":0,"enemies":"Snake Plant","floor":28,"turns":2},{"damage":14,"enemies":"3 Cultists","floor":29,"turns":6},{"damage":9,"enemies":"Cultist and Chosen","floor":30,"turns":6},{"damage":18,"enemies":"Shelled Parasite and Fungi","floor":31,"turns":5},{"damage":88,"enemies":"Automaton","floor":33,"turns":6}],"seed_played":"-2079855135276293305","potions_obtained":[{"floor":1,"key":"Strength Potion"},{"floor":2,"key":"Fruit Juice"},{"floor":2,"key":"Poison Potion"},{"floor":2,"key":"FearPotion"},{"floor":8,"key":"Poison Potion"},{"floor":10,"key":"Weak Potion"},{"floor":17,"key":"BloodPotion"},{"floor":24,"key":"Energy Potion"},{"floor":29,"key":"GamblersBrew"}],"is_trial":false,"path_per_floor":["M","?","M","M","M","R","M","E","T","M","R","?","R","M","R","B",null,"M","$","?","?","?","R","M","R","T","R","M","M","M","M","R","B"],"character_chosen":"IRONCLAD","items_purchased":["Thinking Ahead","Flame Barrier"],"campfire_rested":1,"item_purchase_floors":[19,19],"current_hp_per_floor":[80,85,85,85,81,81,85,77,77,73,73,73,73,60,60,34,90,68,68,68,68,52,52,34,34,34,34,40,32,29,17,44,0],"gold":118,"neow_bonus":"THREE_ENEMY_KILL","is_prod":false,"is_daily":false,"chose_seed":false,"campfire_upgraded":7,"win_rate":0.0,"timestamp":1555021476,"path_taken":["M","?","M","M","?","R","M","E","T","M","R","?","R","M","R","BOSS","M","$","?","?","?","R","?","R","T","R","M","M","M","M","R","BOSS"],"build_version":"2019-01-23","purchased_purges":1,"victory":false,"max_hp_per_floor":[80,85,85,85,85,85,85,85,85,85,85,85,85,85,85,85,90,90,90,90,90,90,90,90,90,90,90,90,90,90,90,90,90],"card_choices":[{"not_picked":["Warcry","Shrug It Off","Anger"],"picked":"SKIP","floor":1},{"not_picked":["Havoc","Anger"],"picked":"Searing Blow","floor":3},{"not_picked":["Rage","Reaper","Clash"],"picked":"SKIP","floor":4},{"not_picked":["Shrug It Off","Evolve"],"picked":"Entrench","floor":5},{"not_picked":["True Grit","Perfected Strike","Rampage"],"picked":"SKIP","floor":7},{"not_picked":["Sentinel","Pommel Strike","Headbutt"],"picked":"SKIP","floor":8},{"not_picked":["Wild Strike","Twin Strike","Clash"],"picked":"SKIP","floor":10},{"not_picked":["Shrug It Off","Sentinel","Twin Strike"],"picked":"SKIP","floor":14},{"not_picked":["Brutality","Immolate"],"picked":"Exhume","floor":16},{"not_picked":["Feel No Pain+1","Pommel Strike","Body Slam"],"picked":"SKIP","floor":18},{"not_picked":["Blood for Blood","Rampage","Headbutt"],"picked":"SKIP","floor":24},{"not_picked":["Power Through","Heavy Blade","Anger"],"picked":"SKIP","floor":28},{"not_picked":["Reaper","Disarm","Heavy Blade"],"picked":"SKIP","floor":29},{"not_picked":["Twin Strike+1","Headbutt","Carnage+1"],"picked":"SKIP","floor":30},{"not_picked":["Havoc","Rampage","Entrench"],"picked":"SKIP","floor":31}],"player_experience":63298,"relics_obtained":[{"floor":8,"key":"Gremlin Horn"},{"floor":9,"key":"Paper Frog"},{"floor":22,"key":"Enchiridion"},{"floor":26,"key":"Oddly Smooth Stone"}],"event_choices":[{"damage_healed":0,"gold_gain":0,"player_choice":"Got Potions","damage_taken":0,"max_hp_gain":0,"max_hp_loss":0,"event_name":"Lab","floor":2,"gold_loss":0},{"damage_healed":0,"gold_gain":30,"player_choice":"Searched \u00271\u0027 times","damage_taken":0,"max_hp_gain":0,"max_hp_loss":0,"event_name":"Dead Adventurer","floor":12,"gold_loss":0},{"damage_healed":0,"gold_gain":0,"player_choice":"Paid Fearfully","damage_taken":0,"max_hp_gain":0,"max_hp_loss":0,"event_name":"Masked Bandits","floor":20,"gold_loss":110},{"damage_healed":0,"gold_gain":0,"player_choice":"Obtained Book","damage_taken":16,"max_hp_gain":0,"max_hp_loss":0,"event_name":"Cursed Tome","floor":22,"gold_loss":0}],"is_beta":false,"boss_relics":[{"not_picked":["Runic Dome","Cursed Key"],"picked":"Tiny House"}],"items_purged_floors":[19],"is_endless":false,"potions_floor_spawned":[1,8,10,14,24,29],"killed_by":"Automaton","ascension_level":0}