{"gold_per_floor":[114,289,304,6,21,21,75,5,55,55,55,130,130,130,130,255,255,274,274,199,324,3,3,3,3,3,3,3,3,22,41,41,166,166,185,61,0,0,0,0,0,0,0,31,43,55,86,48,48,48],"floor_reached":51,"playtime":1303,"items_purged":[],"score":848,"play_id":"194b5b2d-9b3a-476e-bd73-116479509982","local_time":"20181230213242","daily_mods":["Cursed Run","Flight","Binary"],"is_ascension_mode":false,"campfire_choices":[{"floor":6,"key":"REST"},{"data":"Doom and Gloom","floor":10,"key":"SMITH"},{"data":"Loop","floor":13,"key":"SMITH"},{"data":"Zap","floor":15,"key":"SMITH"},{"floor":23,"key":"REST"},{"floor":24,"key":"REST"},{"floor":25,"key":"REST"},{"data":"Static Discharge","floor":27,"key":"SMITH"},{"floor":29,"key":"DIG"},{"floor":32,"key":"DIG"},{"floor":40,"key":"REST"},{"data":"RitualDagger","floor":41,"key":"SMITH"},{"floor":42,"key":"DIG"},{"data":"Madness","floor":45,"key":"SMITH"},{"floor":49,"key":"REST"}],"neow_cost":"","seed_source_timestamp":168531377739600,"circlet_count":0,"master_deck":["Strike_B+1","Strike_B+1","Strike_B+1","Strike_B+1","Defend_B+1","Defend_B+1","Defend_B+1","Defend_B+1","Zap+1","Dualcast","Doubt","Sweeping Beam","Doom and Gloom+1","Undo","Cold Snap","Loop+1","Decay","Injury","Parasite","Shame","Buffer","Auto Shields","Static Discharge+1","Ball Lightning","Streamline","Chaos","Lockon","Redo","Madness+1","Leap","Injury","RitualDagger+1","Streamline+1","Injury","Fission","Static Discharge","Sweeping Beam+1","Dark Shackles","Parasite","Hologram+1","Stack+1","Injury"],"special_seed":17896,"relics":["Cursed Key","Darkstone Periapt","Du-Vu Doll","Art of War","Smiling Mask","Golden Idol","Ornamental Fan","Orrery","Shovel","Symbiotic Virus","Medical Kit","Cables","Molten Egg 2","Matryoshka","Lizard Tail","Red Mask","Kunai","Toxic Egg 2","MawBank"],"potions_floor_usage":[5,16,33,33,35,44,50,50,50],"damage_taken":[{"damage":0,"enemies":"Small Slimes","floor":1,"turns":3},{"damage":25,"enemies":"Jaw Worm","floor":3,"turns":4},{"damage":0,"enemies":"2 Louse","floor":5,"turns":2},{"damage":51,"enemies":"The Guardian","floor":16,"turns":12},{"damage":19,"enemies":"3 Byrds","floor":18,"turns":4},{"damage":32,"enemies":"Colosseum Slavers","floor":21,"turns":3},{"damage":45,"enemies":"Colosseum Nobs","floor":21,"turns":5},{"damage":6,"enemies":"2 Thieves","floor":30,"turns":3},{"damage":2,"enemies":"Centurion and Healer","floor":31,"turns":4},{"damage":54,"enemies":"Automaton","floor":33,"turns":9},{"damage":21,"enemies":"3 Darklings","floor":35,"turns":5},{"damage":0,"enemies":"Orb Walker","floor":44,"turns":3},{"damage":36,"enemies":"Writhing Mass","floor":47,"turns":5},{"damage":130,"enemies":"Time Eater","floor":50,"turns":9}],"seed_played":"-1256899049179470920","potions_obtained":[{"floor":3,"key":"FocusPotion"},{"floor":5,"key":"GamblersBrew"},{"floor":21,"key":"GamblersBrew"},{"floor":31,"key":"Poison Potion"},{"floor":33,"key":"AttackPotion"},{"floor":35,"key":"PowerPotion"},{"floor":44,"key":"SteroidPotion"},{"floor":47,"key":"SpeedPotion"}],"is_trial":false,"path_per_floor":["M","?","M","$","M","R","?","$","T","R","?","T","R","?","R","B",null,"M","?","?","?","$","R","R","R","T","R","?","R","M","M","R","B",null,"M","$","?","?","$","R","R","R","T","M","R","$","M","$","R","B",null],"character_chosen":"DEFECT","items_purchased":["Art of War","Doom and Gloom","Undo","Loop","Medical Kit","Madness","Leap","Static Discharge","Sweeping Beam+1","Poison Potion"],"campfire_rested":6,"item_purchase_floors":[4,4,4,8,22,22,22,36,36,48],"current_hp_per_floor":[75,81,56,56,56,80,80,80,86,86,92,98,98,105,105,60,111,92,92,92,15,15,47,79,108,114,114,108,108,102,100,100,52,120,99,99,99,99,99,120,120,120,126,126,126,126,90,90,126,69],"gold":48,"neow_bonus":"","is_prod":false,"is_daily":true,"chose_seed":false,"campfire_upgraded":6,"win_rate":0,"timestamp":1546234362,"path_taken":["M","?","M","$","M","R","?","?","T","R","?","?","R","?","R","BOSS","M","?","?","?","$","R","R","R","T","R","?","R","?","M","R","BOSS","M","$","?","?","?","R","R","R","T","?","R","?","M","?","R","BOSS"],"build_version":"2018-12-20","purchased_purges":0,"victory":true,"max_hp_per_floor":[75,81,81,81,81,81,81,81,87,87,93,99,99,105,105,111,111,111,111,108,108,108,108,108,108,114,114,114,114,114,114,114,120,120,120,120,120,120,120,120,120,120,126,126,126,126,126,126,126,132],"card_choices":[{"not_picked":["Go for the Eyes","Compile Driver"],"picked":"SKIP","floor":1},{"not_picked":["Hologram"],"picked":"Sweeping Beam","floor":3},{"not_picked":["Coolheaded"],"picked":"Cold Snap","floor":5},{"not_picked":["Seek"],"picked":"Buffer","floor":16},{"not_picked":["Undo"],"picked":"Auto Shields","floor":17},{"not_picked":["Auto Shields"],"picked":"Static Discharge","floor":17},{"not_picked":["Force Field"],"picked":"Ball Lightning","floor":17},{"not_picked":["Coolheaded"],"picked":"Streamline","floor":17},{"not_picked":["Hologram"],"picked":"Chaos","floor":17},{"not_picked":["Consume"],"picked":"Lockon","floor":18},{"not_picked":["Coolheaded"],"picked":"Redo","floor":21},{"not_picked":["Heatsinks+1"],"picked":"Streamline+1","floor":30},{"not_picked":["Steam","Hello World"],"picked":"SKIP","floor":31},{"not_picked":["Reboot"],"picked":"Fission","floor":33},{"not_picked":["Compile Driver+1","Turbo"],"picked":"SKIP","floor":35},{"not_picked":["PanicButton"],"picked":"Dark Shackles","floor":38},{"not_picked":["Steam+1"],"picked":"Hologram+1","floor":44},{"not_picked":["Self Repair"],"picked":"Stack+1","floor":47}],"player_experience":323776,"relics_obtained":[{"floor":9,"key":"Smiling Mask"},{"floor":12,"key":"Ornamental Fan"},{"floor":21,"key":"Shovel"},{"floor":21,"key":"Symbiotic Virus"},{"floor":26,"key":"Cables"},{"floor":29,"key":"Molten Egg 2"},{"floor":32,"key":"Matryoshka"},{"floor":42,"key":"Kunai"},{"floor":43,"key":"Toxic Egg 2"},{"floor":43,"key":"MawBank"}],"event_choices":[{"damage_healed":0,"gold_gain":175,"player_choice":"AGREE","damage_taken":0,"max_hp_gain":0,"max_hp_loss":0,"event_name":"Liars Game","floor":2,"gold_loss":0,"cards_obtained":["Doubt"]},{"damage_healed":0,"gold_gain":54,"player_choice":"Gained Gold","damage_taken":0,"max_hp_gain":0,"max_hp_loss":0,"event_name":"Golden Wing","floor":7,"gold_loss":0},{"damage_healed":0,"gold_gain":0,"player_choice":"Take Wound","damage_taken":0,"relics_obtained":["Golden Idol"],"max_hp_gain":0,"max_hp_loss":0,"event_name":"Golden Idol","floor":11,"gold_loss":0,"cards_obtained":["Injury"]},{"damage_healed":24,"gold_gain":0,"player_choice":"Healed and dodged fight","damage_taken":0,"max_hp_gain":0,"max_hp_loss":0,"event_name":"Mushrooms","floor":14,"gold_loss":0,"cards_obtained":["Parasite"]},{"damage_healed":0,"gold_gain":0,"player_choice":"Simplicity","damage_taken":0,"max_hp_gain":0,"max_hp_loss":0,"event_name":"Back to Basics","floor":19,"gold_loss":0,"cards_upgraded":["Strike_B","Strike_B","Strike_B","Strike_B","Defend_B","Defend_B","Defend_B","Defend_B"]},{"cards_removed":["Parasite"],"damage_healed":0,"gold_gain":0,"player_choice":"Gave Gold","damage_taken":0,"max_hp_gain":0,"max_hp_loss":0,"event_name":"Beggar","floor":20,"gold_loss":75},{"damage_healed":0,"gold_gain":0,"player_choice":"Fight","damage_taken":0,"max_hp_gain":0,"max_hp_loss":0,"event_name":"Colosseum","floor":21,"gold_loss":0},{"damage_healed":0,"gold_gain":0,"player_choice":"Fought Nobs","damage_taken":0,"max_hp_gain":0,"max_hp_loss":0,"event_name":"Colosseum","floor":21,"gold_loss":0},{"damage_healed":0,"gold_gain":0,"player_choice":"Joined the Cult","damage_taken":6,"max_hp_gain":0,"max_hp_loss":0,"event_name":"Nest","floor":28,"gold_loss":0,"cards_obtained":["RitualDagger"]},{"damage_healed":0,"gold_gain":0,"player_choice":"Paid","damage_taken":0,"relics_obtained":["Red Mask"],"max_hp_gain":0,"max_hp_loss":0,"event_name":"Tomb of Lord Red Mask","floor":37,"gold_loss":61},{"damage_healed":0,"gold_gain":0,"player_choice":"Memory 1","damage_taken":0,"max_hp_gain":0,"max_hp_loss":0,"event_name":"SensoryStone","floor":38,"gold_loss":0}],"is_beta":false,"boss_relics":[{"not_picked":["Velvet Choker","Coffee Dripper"],"picked":"Orrery"},{"not_picked":["Tiny House","Inserter"],"picked":"Lizard Tail"}],"items_purged_floors":[],"is_endless":false,"potions_floor_spawned":[3,5,21,31,33,35,44,47],"ascension_level":0}