{"gold_per_floor":[110,123,123,423,439,439,452,469,546,546,574,587,21,21,21,124,124,144,44,55,30,30,30,40,40,40,90,140,140,140],"floor_reached":30,"playtime":1188,"items_purged":["Defend_G","Strike_G"],"score":228,"play_id":"3b3ea59b-d3d4-4c87-b2ad-cdca494cb6e9","local_time":"20181028183811","is_ascension_mode":false,"campfire_choices":[{"data":"Envenom","floor":6,"key":"SMITH"},{"floor":10,"key":"REST"},{"data":"Bane","floor":15,"key":"SMITH"},{"data":"Underhanded Strike","floor":23,"key":"SMITH"},{"floor":25,"key":"REST"},{"floor":29,"key":"REST"}],"neow_cost":"NONE","seed_source_timestamp":25883753665321,"circlet_count":0,"master_deck":["Defend_G","Defend_G","Defend_G","Defend_G","Strike_G","Strike_G","Strike_G","Strike_G","Survivor","Neutralize","PiercingWail","Envenom+1","Flying Knee","Deadly Poison","Bane+1","Adrenaline","Bandage Up","Phantasmal Killer","Terror+1","Underhanded Strike+1"],"relics":["Ring of the Snake","PreservedInsect","Old Coin","Ornamental Fan","Juzu Bracelet","Pantograph","Busted Crown","SsserpentHead","Question Card"],"potions_floor_usage":[8,11,12,16],"damage_taken":[{"damage":0,"enemies":"Cultist","floor":1,"turns":4},{"damage":6,"enemies":"Jaw Worm","floor":2,"turns":5},{"damage":3,"enemies":"2 Louse","floor":5,"turns":3},{"damage":12,"enemies":"Blue Slaver","floor":7,"turns":4},{"damage":5,"enemies":"Looter","floor":8,"turns":3},{"damage":7,"enemies":"Lagavulin","floor":11,"turns":5},{"damage":5,"enemies":"Exordium Thugs","floor":12,"turns":4},{"damage":29,"enemies":"Slime Boss","floor":16,"turns":13},{"damage":18,"enemies":"3 Byrds","floor":18,"turns":6},{"damage":0,"enemies":"Chosen","floor":20,"turns":4},{"damage":54,"enemies":"3 Cultists","floor":24,"turns":7},{"damage":25,"enemies":"Colosseum Slavers","floor":28,"turns":5},{"damage":41,"enemies":"Sentry and Sphere","floor":30,"turns":5}],"seed_played":"8934775994099111946","potions_obtained":[{"floor":5,"key":"Explosive Potion"},{"floor":7,"key":"AttackPotion"},{"floor":11,"key":"AttackPotion"},{"floor":12,"key":"Block Potion"}],"is_trial":false,"path_per_floor":["M","M","?","?","M","R","M","M","T","R","E","M","$","?","R","B",null,"M","$","M","$","?","R","M","R","T","?","?","R"],"character_chosen":"THE_SILENT","items_purchased":["Pantograph","Adrenaline","Bandage Up","Underhanded Strike"],"campfire_rested":3,"item_purchase_floors":[13,13,13,21],"current_hp_per_floor":[70,64,64,64,61,61,49,44,44,65,58,53,53,70,70,41,70,56,56,60,60,60,60,10,31,31,36,15,36,0],"gold":140,"neow_bonus":"RANDOM_COMMON_RELIC","is_prod":false,"is_daily":false,"chose_seed":false,"campfire_upgraded":3,"win_rate":0.0,"timestamp":1540777091,"path_taken":["M","?","?","?","M","R","M","M","T","R","E","M","$","?","R","BOSS","M","$","M","?","?","R","M","R","T","?","?","R","M"],"build_version":"2018-10-25v2","purchased_purges":2,"victory":false,"max_hp_per_floor":[70,70,70,70,70,70,70,70,70,70,70,70,70,70,70,70,70,70,70,70,70,70,70,70,70,70,70,70,70,70],"card_choices":[{"not_picked":["Bane","Backflip"],"picked":"PiercingWail","floor":1},{"not_picked":["Acrobatics","Blade Dance"],"picked":"Deflect","floor":2},{"not_picked":["Flechettes","Dagger Throw"],"picked":"Envenom","floor":5},{"not_picked":["PiercingWail","Reflex"],"picked":"Flying Knee","floor":7},{"not_picked":["Prepared","Footwork","Burst"],"picked":"SKIP","floor":8},{"not_picked":["Dodge and Roll","PiercingWail"],"picked":"Deadly Poison","floor":11},{"not_picked":["PiercingWail","Quick Slash"],"picked":"Bane","floor":12},{"not_picked":["Tools of the Trade","Glass Knife"],"picked":"Phantasmal Killer","floor":16},{"not_picked":["Acrobatics+1"],"picked":"SKIP","floor":18},{"not_picked":[],"picked":"Terror+1","floor":20},{"not_picked":[],"picked":"Prepared+1","floor":24}],"player_experience":69860,"relics_obtained":[{"floor":9,"key":"Ornamental Fan"},{"floor":11,"key":"Juzu Bracelet"},{"floor":26,"key":"Question Card"}],"event_choices":[{"damage_healed":0,"gold_gain":0,"player_choice":"Ignored","damage_taken":0,"max_hp_gain":0,"max_hp_loss":0,"event_name":"Liars Game","floor":3,"gold_loss":0},{"cards_removed":["Deflect"],"damage_healed":0,"gold_gain":0,"player_choice":"Gave Card","damage_taken":0,"relics_obtained":["Old Coin"],"max_hp_gain":0,"max_hp_loss":0,"event_name":"WeMeetAgain","floor":4,"gold_loss":0},{"damage_healed":23,"gold_gain":0,"player_choice":"Banana","damage_taken":0,"max_hp_gain":0,"max_hp_loss":0,"event_name":"Big Fish","floor":14,"gold_loss":0},{"damage_healed":0,"gold_gain":0,"player_choice":"Trade","damage_taken":0,"relics_obtained":["SsserpentHead"],"max_hp_gain":0,"max_hp_loss":0,"event_name":"FaceTrader","floor":22,"gold_loss":0},{"cards_removed":["Prepared"],"damage_healed":5,"gold_gain":0,"player_choice":"Offered Common","damage_taken":0,"max_hp_gain":0,"max_hp_loss":0,"event_name":"Bonfire Elementals","floor":27,"gold_loss":0},{"cards_removed":["Prepared"],"damage_healed":5,"gold_gain":0,"player_choice":"Offered Special","damage_taken":0,"max_hp_gain":0,"max_hp_loss":0,"event_name":"Bonfire Elementals","floor":27,"gold_loss":0},{"damage_healed":0,"gold_gain":0,"player_choice":"Fight","damage_taken":0,"max_hp_gain":0,"max_hp_loss":0,"event_name":"Colosseum","floor":28,"gold_loss":0},{"damage_healed":0,"gold_gain":0,"player_choice":"Fled From Nobs","damage_taken":0,"max_hp_gain":0,"max_hp_loss":0,"event_name":"Colosseum","floor":28,"gold_loss":0}],"is_beta":false,"boss_relics":[{"not_picked":["Orrery","Cursed Key"],"picked":"Busted Crown"}],"items_purged_floors":[13,19],"is_endless":false,"potions_floor_spawned":[5,7,11,12,28],"killed_by":"Sentry and Sphere","ascension_level":0}