{"gold_per_floor":[119,130,147,163,182,208,182,182],"floor_reached":8,"playtime":1062,"items_purged":[],"score":124,"play_id":"b8cb4efa-1acb-49d5-814b-b6942e6182da","local_time":"20190503231926","is_ascension_mode":true,"campfire_choices":[],"neow_cost":"PERCENT_DAMAGE","seed_source_timestamp":205849523135060,"circlet_count":0,"master_deck":["AscendersBane","Defend_G","Defend_G","Defend_G","Defend_G","Strike_G","Strike_G","Strike_G","Strike_G","Survivor","Neutralize","Slice","Masterful Stab","Noxious Fumes","Dagger Spray","Bouncing Flask","Corpse Explosion"],"relics":["Ring of the Snake","The Courier"],"potions_floor_usage":[5,5,7],"damage_taken":[{"damage":1,"enemies":"Cultist","floor":1,"turns":4},{"damage":1,"enemies":"Small Slimes","floor":2,"turns":6},{"damage":0,"enemies":"Jaw Worm","floor":3,"turns":5},{"damage":0,"enemies":"Blue Slaver","floor":4,"turns":3},{"damage":6,"enemies":"Exordium Wildlife","floor":5,"turns":5},{"damage":23,"enemies":"3 Sentries","floor":6,"turns":7},{"damage":11,"enemies":"Exordium Thugs","floor":7,"turns":4},{"damage":6,"enemies":"Gremlin Nob","floor":8,"turns":2}],"seed_played":"8664776905923002256","potions_obtained":[{"floor":1,"key":"GamblersBrew"},{"floor":3,"key":"Energy Potion"},{"floor":5,"key":"GamblersBrew"}],"is_trial":false,"path_per_floor":["M","M","M","M","M","E","M","E"],"character_chosen":"THE_SILENT","items_purchased":[],"campfire_rested":0,"item_purchase_floors":[],"current_hp_per_floor":[43,42,42,42,36,13,2,0],"gold":182,"neow_bonus":"REMOVE_TWO","is_prod":false,"is_daily":false,"chose_seed":false,"campfire_upgraded":0,"win_rate":0,"timestamp":1556918366,"path_taken":["M","M","M","M","M","E","M","E"],"build_version":"2019-01-23","purchased_purges":0,"victory":false,"max_hp_per_floor":[66,66,66,66,66,66,66,66],"card_choices":[{"not_picked":["Calculated Gamble","Deadly Poison","Expertise"],"picked":"SKIP","floor":1},{"not_picked":["Blur","Prepared"],"picked":"Slice","floor":2},{"not_picked":["PiercingWail","Leg Sweep"],"picked":"Masterful Stab","floor":3},{"not_picked":["Accuracy","Concentrate"],"picked":"Noxious Fumes","floor":4},{"not_picked":["Prepared","Slice"],"picked":"Dagger Spray","floor":5},{"not_picked":["Noxious Fumes","Accuracy"],"picked":"Bouncing Flask","floor":6},{"not_picked":["Bane","Deflect"],"picked":"Corpse Explosion","floor":7}],"player_experience":1969154,"relics_obtained":[{"floor":6,"key":"The Courier"}],"event_choices":[],"is_beta":false,"boss_relics":[],"items_purged_floors":[],"is_endless":false,"potions_floor_spawned":[1,3,5],"killed_by":"Gremlin Nob","ascension_level":20}