{"gold_per_floor":[13,113,132,143,161,161,190,190,268,280,280],"floor_reached":11,"playtime":552,"items_purged":[],"score":79,"play_id":"e3ea4aee-5a57-4c4d-8c47-482a8172802a","local_time":"20190403000646","is_ascension_mode":true,"campfire_choices":[{"data":"Crippling Poison","floor":6,"key":"SMITH"},{"floor":8,"key":"REST"}],"neow_cost":"NO_GOLD","seed_source_timestamp":1302156603423031,"circlet_count":0,"master_deck":["Defend_G","Defend_G","Defend_G","Defend_G","Defend_G","Strike_G","Strike_G","Strike_G","Strike_G","Strike_G","Survivor","Neutralize","Setup","Slice","Crippling Poison+1","Caltrops","Finisher","Deflect"],"relics":["Ring of the Snake","The Specimen"],"potions_floor_usage":[7,11],"damage_taken":[{"damage":0,"enemies":"Small Slimes","floor":1,"turns":5},{"damage":5,"enemies":"Cultist","floor":3,"turns":6},{"damage":7,"enemies":"2 Louse","floor":4,"turns":4},{"damage":11,"enemies":"Blue Slaver","floor":5,"turns":6},{"damage":46,"enemies":"3 Sentries","floor":7,"turns":10},{"damage":32,"enemies":"Large Slime","floor":10,"turns":7},{"damage":29,"enemies":"Gremlin Nob","floor":11,"turns":3}],"seed_played":"8203090039755203824","potions_obtained":[{"floor":4,"key":"SteroidPotion"},{"floor":5,"key":"Block Potion"}],"is_trial":false,"path_per_floor":["M","?","M","M","M","R","E","R","T","M","E"],"character_chosen":"THE_SILENT","items_purchased":[],"campfire_rested":1,"item_purchase_floors":[],"current_hp_per_floor":[84,84,79,72,61,61,15,40,40,8,0],"gold":280,"neow_bonus":"TWENTY_PERCENT_HP_BONUS","is_prod":false,"is_daily":false,"chose_seed":false,"campfire_upgraded":1,"win_rate":0,"timestamp":1554275206,"path_taken":["M","?","M","M","?","R","E","R","T","M","E"],"build_version":"2019-01-23","purchased_purges":0,"victory":false,"max_hp_per_floor":[84,84,84,84,84,84,84,84,84,84,84],"card_choices":[{"not_picked":["Prepared","Backflip"],"picked":"Setup","floor":1},{"not_picked":["Dodge and Roll","Expertise"],"picked":"Slice","floor":3},{"not_picked":["PiercingWail","Acrobatics"],"picked":"Crippling Poison","floor":4},{"not_picked":["Acrobatics","PiercingWail"],"picked":"Caltrops","floor":5},{"not_picked":["Masterful Stab","Slice"],"picked":"Finisher","floor":7},{"not_picked":["Reflex","Blade Dance"],"picked":"Deflect","floor":10}],"player_experience":395238,"relics_obtained":[{"floor":7,"key":"The Specimen"}],"event_choices":[{"damage_healed":0,"gold_gain":100,"player_choice":"Pray","damage_taken":0,"max_hp_gain":0,"max_hp_loss":0,"event_name":"Golden Shrine","floor":2,"gold_loss":0}],"is_beta":false,"boss_relics":[],"items_purged_floors":[],"is_endless":false,"potions_floor_spawned":[4,5],"killed_by":"Gremlin Nob","ascension_level":1}