{"gold_per_floor":[112,147,147,163,163,163,163,174,201,256,256,289,324,357,357,480,480,480],"floor_reached":18,"playtime":497,"items_purged":[],"score":162,"play_id":"03b9a071-fc2f-41d5-bc75-56b97ba50710","local_time":"20190106194744","is_ascension_mode":false,"campfire_choices":[{"data":"blackbeard:Cutlass","floor":6,"key":"SMITH"},{"floor":15,"key":"REST"}],"neow_cost":"NONE","seed_source_timestamp":18605106115146,"circlet_count":0,"master_deck":["blackbeard:StrikeBlackbeard","blackbeard:StrikeBlackbeard","blackbeard:StrikeBlackbeard","blackbeard:StrikeBlackbeard","blackbeard:IntimidatingStrike","blackbeard:DefendBlackbeard","blackbeard:DefendBlackbeard","blackbeard:DefendBlackbeard","blackbeard:DefendBlackbeard","blackbeard:Cutlass+1","blackbeard:RearmingStrike","blackbeard:DoubleBottom","blackbeard:Halberd","blackbeard:BeatUp","blackbeard:Anchor+1","blackbeard:HumongousCannonball","blackbeard:Spear+1","blackbeard:Intoxication"],"relics":["blackbeard:LoadTheCannons","Pantograph","blackbeard:TreasureChest","Toxic Egg 2","White Beast Statue"],"potions_floor_usage":[2,10,10],"damage_taken":[{"damage":4,"enemies":"2 Louse","floor":1,"turns":4},{"damage":17,"enemies":"conspire:MimicChest","floor":2,"turns":5},{"damage":10,"enemies":"conspire:RoseBush","floor":4,"turns":2},{"damage":3,"enemies":"Small Slimes","floor":8,"turns":3},{"damage":12,"enemies":"Gremlin Nob","floor":10,"turns":5},{"damage":0,"enemies":"Red Slaver","floor":12,"turns":1},{"damage":0,"enemies":"Looter","floor":13,"turns":2},{"damage":0,"enemies":"2 Fungi Beasts","floor":14,"turns":2},{"damage":78,"enemies":"Slime Boss","floor":16,"turns":13},{"damage":0,"enemies":"Chosen","floor":18,"turns":3}],"seed_played":"4142461590215477922","potions_obtained":[{"floor":1,"key":"Explosive Potion"},{"floor":4,"key":"Poison Potion"},{"floor":8,"key":"blackbeard:RumPotion"},{"floor":14,"key":"Dexterity Potion"}],"is_trial":false,"path_per_floor":["M","?","?","M","?","R","?","M","T","E","?","M","M","M","R","B",null,"M"],"character_chosen":"BLACKBEARD_CLASS","items_purchased":[],"campfire_rested":1,"item_purchase_floors":[],"current_hp_per_floor":[78,61,61,51,56,56,56,53,53,41,41,41,41,41,67,9,87,87],"gold":480,"neow_bonus":"TEN_PERCENT_HP_BONUS","is_prod":false,"is_daily":false,"chose_seed":false,"campfire_upgraded":1,"win_rate":0.0,"timestamp":1546832864,"path_taken":["M","?","?","?","?","R","?","M","T","E","?","M","M","M","R","BOSS","M"],"build_version":"2019-01-03v4","purchased_purges":0,"victory":false,"max_hp_per_floor":[82,82,82,82,87,87,87,87,87,87,87,87,87,87,87,87,87,87],"card_choices":[{"not_picked":["blackbeard:AgileStrike","blackbeard:GoldenCannonball","blackbeard:Rum"],"picked":"SKIP","floor":1},{"not_picked":["blackbeard:DelayedPain","blackbeard:WiseDefend"],"picked":"blackbeard:RearmingStrike","floor":2},{"not_picked":["blackbeard:BlindAttacks","blackbeard:Sword"],"picked":"blackbeard:DoubleBottom","floor":4},{"not_picked":["blackbeard:BeatUp","blackbeard:BlindAttacks"],"picked":"blackbeard:Halberd","floor":8},{"not_picked":["blackbeard:IntimidatingStrike","blackbeard:BlindAttacks"],"picked":"blackbeard:BeatUp","floor":10},{"not_picked":["blackbeard:DoubleBottom+1","blackbeard:DelayedPain+1"],"picked":"blackbeard:Anchor+1","floor":12},{"not_picked":["blackbeard:DelayedPain+1","blackbeard:Anchor+1"],"picked":"blackbeard:HumongousCannonball","floor":13},{"not_picked":["blackbeard:Shrapnel","blackbeard:GoldenStrike"],"picked":"blackbeard:Spear+1","floor":14},{"not_picked":["blackbeard:Parrot","blackbeard:UndeadForm"],"picked":"blackbeard:Intoxication","floor":16}],"player_experience":329555,"relics_obtained":[{"floor":2,"key":"Pantograph"},{"floor":9,"key":"blackbeard:TreasureChest"},{"floor":10,"key":"Toxic Egg 2"}],"event_choices":[{"damage_healed":0,"gold_gain":0,"player_choice":"Ignored","damage_taken":0,"max_hp_gain":0,"max_hp_loss":0,"event_name":"Purifier","floor":3,"gold_loss":0},{"damage_healed":0,"gold_gain":0,"player_choice":"Donut","damage_taken":0,"max_hp_gain":5,"max_hp_loss":0,"event_name":"Big Fish","floor":5,"gold_loss":0},{"damage_healed":0,"gold_gain":0,"player_choice":"Ignored","damage_taken":0,"max_hp_gain":0,"max_hp_loss":0,"event_name":"Golden Wing","floor":7,"gold_loss":0},{"damage_healed":0,"gold_gain":0,"player_choice":"Ignored","damage_taken":0,"max_hp_gain":0,"max_hp_loss":0,"event_name":"Liars Game","floor":11,"gold_loss":0}],"is_beta":false,"boss_relics":[{"not_picked":["Cursed Key","blackbeard:Soberminded"],"picked":"White Beast Statue"}],"items_purged_floors":[],"is_endless":false,"potions_floor_spawned":[1,4,8,14],"killed_by":"Chosen","ascension_level":0}