{"gold_per_floor":[114,114,129,94,144,144,159,219,244,271,298,27,57,7,7,7],"floor_reached":16,"playtime":617,"items_purged":[],"score":110,"play_id":"fb340d47-9907-435a-bf01-c955d7de1bdb","local_time":"20190505163527","daily_mods":["Heirloom","Colorless Cards","DeadlyEvents"],"is_ascension_mode":false,"campfire_choices":[{"data":"Outmaneuver","floor":6,"key":"SMITH"},{"floor":15,"key":"REST"}],"neow_cost":"","seed_source_timestamp":0,"circlet_count":0,"master_deck":["Defend_G","Defend_G","Defend_G","Defend_G","Defend_G","Strike_G","Strike_G","Strike_G","Strike_G+1","Strike_G","Survivor+1","Neutralize+1","Riddle With Holes+1","Outmaneuver+1","Deflect","Thinking Ahead","Panacea","Poisoned Stab","Bouncing Flask","Deadly Poison","Die Die Die","Skewer","Bane"],"special_seed":18021,"relics":["Ring of the Snake","The Specimen","Whetstone","Tiny Chest","MawBank","Gremlin Horn"],"potions_floor_usage":[8,10,13],"damage_taken":[{"damage":2,"enemies":"Small Slimes","floor":1,"turns":4},{"damage":3,"enemies":"Jaw Worm","floor":3,"turns":2},{"damage":0,"enemies":"2 Louse","floor":7,"turns":2},{"damage":27,"enemies":"3 Sentries","floor":8,"turns":12},{"damage":12,"enemies":"Exordium Thugs","floor":10,"turns":5},{"damage":0,"enemies":"Blue Slaver","floor":11,"turns":5},{"damage":20,"enemies":"Gremlin Nob","floor":13,"turns":4},{"damage":52,"enemies":"Slime Boss","floor":16,"turns":10}],"seed_played":"1627038229609415699","potions_obtained":[{"floor":3,"key":"SkillPotion"},{"floor":8,"key":"Regen Potion"},{"floor":11,"key":"Poison Potion"}],"is_trial":false,"path_per_floor":["M","?","M","?","T","R","M","E","T","M","M","$","E","$","R","B"],"character_chosen":"THE_SILENT","items_purchased":["Bouncing Flask","Deadly Poison","Die Die Die","Bane"],"campfire_rested":1,"item_purchase_floors":[12,12,12,14],"current_hp_per_floor":[68,54,51,68,68,68,68,41,41,43,43,43,23,23,44,0],"gold":7,"neow_bonus":"","is_prod":false,"is_daily":true,"chose_seed":false,"campfire_upgraded":1,"win_rate":0,"timestamp":1557099327,"path_taken":["M","?","M","?","?","R","?","?","T","M","M","?","E","$","R","BOSS"],"build_version":"2019-01-23","purchased_purges":0,"victory":false,"max_hp_per_floor":[70,70,70,70,70,70,70,70,70,70,70,70,70,70,70,70],"card_choices":[{"not_picked":["Deflect","Quick Slash"],"picked":"Riddle With Holes","floor":1},{"not_picked":["Acrobatics","Dash"],"picked":"Outmaneuver","floor":3},{"not_picked":["Dodge and Roll","Masterful Stab"],"picked":"Deflect","floor":7},{"not_picked":["Purity","Calculated Gamble"],"picked":"Thinking Ahead","floor":8},{"not_picked":["Dash","Good Instincts"],"picked":"Panacea","floor":10},{"not_picked":["Cloak And Dagger","Enlightenment"],"picked":"Poisoned Stab","floor":11},{"not_picked":["Blade Dance","Reflex"],"picked":"Skewer","floor":13}],"player_experience":529235,"relics_obtained":[{"floor":5,"key":"Whetstone"},{"floor":8,"key":"Tiny Chest"},{"floor":9,"key":"MawBank"},{"floor":13,"key":"Gremlin Horn"}],"event_choices":[{"damage_healed":0,"gold_gain":0,"player_choice":"Entered Light","damage_taken":14,"max_hp_gain":0,"max_hp_loss":0,"event_name":"Shining Light","floor":2,"gold_loss":0,"cards_upgraded":["Riddle With Holes","Survivor"]},{"damage_healed":17,"gold_gain":0,"player_choice":"Healed","damage_taken":0,"max_hp_gain":0,"max_hp_loss":0,"event_name":"The Cleric","floor":4,"gold_loss":35}],"is_beta":false,"boss_relics":[],"items_purged_floors":[],"is_endless":false,"potions_floor_spawned":[3,8,11],"killed_by":"Slime Boss","ascension_level":0}