{"gold_per_floor":[17,37,51,65,39,72,72,82,82,82,113,127,41,53,53,130,130,143,143,116,116,116,116],"floor_reached":23,"playtime":5011,"items_purged":[],"score":406,"play_id":"8d5e6420-8a75-4c5f-a840-eee13675062c","local_time":"20190504105009","is_ascension_mode":true,"campfire_choices":[{"floor":7.0,"key":"REST"},{"floor":10.0,"key":"REST"},{"data":"Footwork","floor":15.0,"key":"SMITH"}],"neow_cost":"NO_GOLD","seed_source_timestamp":223211487969311,"circlet_count":0,"master_deck":["AscendersBane","Defend_G","Defend_G","Defend_G","Defend_G","Defend_G","Strike_G","Strike_G","Strike_G","Strike_G","Strike_G","Survivor","Neutralize","Unload","Flechettes","PiercingWail","Blur","Acrobatics","Deadly Poison","Leg Sweep","Leg Sweep","Footwork+1","Escape Plan","Backstab","Well Laid Plans","Outmaneuver","Grand Finale","Skewer+1","Ghostly","Ghostly","Ghostly","Writhe"],"special_seed":0,"relics":["Ring of the Snake","Dream Catcher","Shuriken","Bottled Tornado","Runic Pyramid","Dodecahedron"],"potions_floor_usage":[23],"damage_taken":[{"damage":1.0,"enemies":"Cultist","floor":1.0,"turns":3.0},{"damage":1.0,"enemies":"Jaw Worm","floor":2.0,"turns":3.0},{"damage":0.0,"enemies":"2 Louse","floor":3.0,"turns":3.0},{"damage":17.0,"enemies":"Large Slime","floor":4.0,"turns":11.0},{"damage":39.0,"enemies":"3 Sentries","floor":6.0,"turns":15.0},{"damage":10.0,"enemies":"Exordium Wildlife","floor":8.0,"turns":8.0},{"damage":13.0,"enemies":"Lagavulin","floor":11.0,"turns":6.0},{"damage":0.0,"enemies":"Red Slaver","floor":12.0,"turns":6.0},{"damage":0.0,"enemies":"3 Louse","floor":14.0,"turns":4.0},{"damage":5.0,"enemies":"The Guardian","floor":16.0,"turns":17.0},{"damage":0.0,"enemies":"3 Byrds","floor":18.0,"turns":5.0},{"damage":14.0,"enemies":"2 Thieves","floor":20.0,"turns":4.0},{"damage":33,"enemies":"Gremlin Leader","floor":23,"turns":10}],"seed_played":"3203447854092375147","potions_obtained":[{"floor":2.0,"key":"Energy Potion"},{"floor":3.0,"key":"FearPotion"},{"floor":4.0,"key":"Block Potion"},{"floor":6.0,"key":"SteroidPotion"},{"floor":16.0,"key":"AttackPotion"},{"floor":18.0,"key":"PowerPotion"}],"is_trial":false,"path_per_floor":["M","M","M","M","$","E","R","M","T","R","E","M","$","M","R","B",null,"M","?","M","?","?","E"],"character_chosen":"THE_SILENT","items_purchased":["Deadly Poison","Well Laid Plans"],"campfire_rested":2,"item_purchase_floors":[5,13],"current_hp_per_floor":[58,57,57,40,40,1,20,10,10,29,16,16,16,16,16,11,52,52,34,20,20,20,0],"gold":116,"neow_bonus":"THREE_RARE_CARDS","is_prod":false,"is_daily":false,"chose_seed":false,"campfire_upgraded":1,"win_rate":0,"timestamp":1556959809,"path_taken":["M","M","?","M","?","E","R","M","T","R","E","M","?","M","R","BOSS","M","?","M","?","?","E"],"build_version":"2019-01-23","purchased_purges":0,"victory":false,"max_hp_per_floor":[66,66,66,66,66,66,66,66,66,66,66,66,66,66,66,66,66,66,71,71,35,35,35],"card_choices":[{"not_picked":["Wraith Form v2","Venomology"],"picked":"Unload","floor":0.0},{"not_picked":["Blade Dance","Acrobatics"],"picked":"Flechettes","floor":1.0},{"not_picked":["Tactician","Outmaneuver"],"picked":"PiercingWail","floor":2.0},{"not_picked":["Sucker Punch","Bane"],"picked":"Blur","floor":3.0},{"not_picked":["Choke","Outmaneuver"],"picked":"Acrobatics","floor":4.0},{"not_picked":["Predator","Underhanded Strike"],"picked":"Leg Sweep","floor":6.0},{"not_picked":["Bane","Tools of the Trade"],"picked":"Leg Sweep","floor":7.0},{"not_picked":["Backflip","Dagger Spray"],"picked":"Footwork","floor":8.0},{"not_picked":["Underhanded Strike","Sucker Punch"],"picked":"Escape Plan","floor":11.0},{"not_picked":["Endless Agony","Underhanded Strike"],"picked":"Backstab","floor":12.0},{"not_picked":["Escape Plan","Slice"],"picked":"Outmaneuver","floor":14.0},{"not_picked":["Adrenaline","Storm of Steel"],"picked":"Grand Finale","floor":16.0},{"not_picked":["Blur","Acrobatics"],"picked":"Skewer+1","floor":18.0},{"not_picked":["Outmaneuver","Blade Dance","Expertise"],"picked":"SKIP","floor":20.0}],"player_experience":1981934,"relics_obtained":[{"floor":6.0,"key":"Dream Catcher"},{"floor":9.0,"key":"Shuriken"},{"floor":11.0,"key":"Bottled Tornado"}],"event_choices":[{"damage_healed":0.0,"max_hp_gain":5.0,"max_hp_loss":0.0,"gold_gain":0.0,"event_name":"Forgotten Altar","player_choice":"Shed Blood","floor":19.0,"gold_loss":0.0,"damage_taken":23.0},{"damage_healed":0.0,"max_hp_gain":0.0,"max_hp_loss":36.0,"gold_gain":0.0,"event_name":"Ghosts","player_choice":"Became a Ghost","floor":21.0,"gold_loss":0.0,"damage_taken":0.0,"cards_obtained":["Ghostly","Ghostly","Ghostly"]},{"damage_healed":0.0,"max_hp_gain":0.0,"max_hp_loss":0.0,"gold_gain":0.0,"event_name":"The Mausoleum","player_choice":"Opened","floor":22.0,"gold_loss":0.0,"damage_taken":0.0,"relics_obtained":["Dodecahedron"],"cards_obtained":["Writhe"]}],"is_beta":false,"boss_relics":[{"not_picked":["Lizard Tail","Sozu"],"picked":"Runic Pyramid"}],"items_purged_floors":[],"is_endless":false,"potions_floor_spawned":[2,3,4,6,16,18],"killed_by":"Gremlin Leader","ascension_level":20}