{"gold_per_floor":[118,132,147,197,213,242,242,268,268,268,4,15,15,34,34,112,112,129,142,142,161,26,26,26],"floor_reached":24,"playtime":1812,"items_purged":[],"score":416,"play_id":"d939230f-24f1-4eac-a971-9667364b5a86","local_time":"20190503180156","is_ascension_mode":true,"campfire_choices":[{"floor":7.0,"key":"REST"},{"data":"Bouncing Flask","floor":15.0,"key":"SMITH"},{"floor":23.0,"key":"REST"}],"neow_cost":"NONE","seed_source_timestamp":185968259216581,"circlet_count":0,"master_deck":["AscendersBane","Defend_G","Defend_G","Defend_G","Defend_G","Defend_G","Strike_G","Survivor","Neutralize","Flechettes","Deadly Poison","Dodge and Roll","Leg Sweep","Flying Knee","Acrobatics","Footwork","Bouncing Flask+1","Calculated Gamble","Dodge and Roll","Adrenaline","PiercingWail","Writhe","PiercingWail"],"special_seed":0,"relics":["Ring of the Snake","Juzu Bracelet","Happy Flower","TwistedFunnel","Empty Cage","The Courier","Potion Belt"],"potions_floor_usage":[24],"damage_taken":[{"damage":0.0,"enemies":"Cultist","floor":1.0,"turns":3.0},{"damage":1.0,"enemies":"2 Louse","floor":2.0,"turns":2.0},{"damage":5.0,"enemies":"Jaw Worm","floor":3.0,"turns":4.0},{"damage":11.0,"enemies":"Red Slaver","floor":5.0,"turns":5.0},{"damage":27.0,"enemies":"Lagavulin","floor":6.0,"turns":9.0},{"damage":20.0,"enemies":"Gremlin Nob","floor":8.0,"turns":4.0},{"damage":0.0,"enemies":"Blue Slaver","floor":12.0,"turns":4.0},{"damage":6.0,"enemies":"Exordium Thugs","floor":14.0,"turns":6.0},{"damage":2.0,"enemies":"Hexaghost","floor":16.0,"turns":8.0},{"damage":4.0,"enemies":"Spheric Guardian","floor":18.0,"turns":3.0},{"damage":11.0,"enemies":"Chosen","floor":19.0,"turns":5.0},{"damage":9.0,"enemies":"Centurion and Healer","floor":21.0,"turns":8.0},{"damage":63,"enemies":"Slavers","floor":24,"turns":10}],"seed_played":"7876330086754459170","potions_obtained":[{"floor":1.0,"key":"Block Potion"},{"floor":3.0,"key":"Explosive Potion"},{"floor":6.0,"key":"EntropicBrew"},{"floor":12.0,"key":"SpeedPotion"},{"floor":21.0,"key":"AttackPotion"}],"is_trial":false,"path_per_floor":["M","M","M","?","M","E","R","E","T","?","$","M","?","M","R","B",null,"M","M","?","M","$","R","E"],"character_chosen":"THE_SILENT","items_purchased":["TwistedFunnel","PowerPotion","Potion Belt"],"campfire_rested":2,"item_purchase_floors":[11,11,22],"current_hp_per_floor":[65,64,59,59,48,21,42,22,22,22,22,22,22,16,16,14,58,54,43,43,34,34,55,0],"gold":26,"neow_bonus":"TEN_PERCENT_HP_BONUS","is_prod":false,"is_daily":false,"chose_seed":false,"campfire_upgraded":1,"win_rate":0,"timestamp":1556899316,"path_taken":["M","?","M","?","?","E","R","E","T","?","$","M","?","M","R","BOSS","M","M","?","M","?","R","E"],"build_version":"2019-01-23","purchased_purges":0,"victory":false,"max_hp_per_floor":[72,72,72,72,72,72,72,72,72,72,72,72,72,72,72,72,72,72,72,72,72,72,72,72],"card_choices":[{"not_picked":["Accuracy","Dodge and Roll"],"picked":"Flechettes","floor":1.0},{"not_picked":["Underhanded Strike","Acrobatics"],"picked":"Deadly Poison","floor":2.0},{"not_picked":["Slice","Poisoned Stab"],"picked":"Dodge and Roll","floor":3.0},{"not_picked":["Escape Plan","Flechettes"],"picked":"Leg Sweep","floor":5.0},{"not_picked":["Storm of Steel","Blade Dance"],"picked":"Flying Knee","floor":6.0},{"not_picked":["Tactician","Predator"],"picked":"Acrobatics","floor":8.0},{"not_picked":["Bane","PiercingWail"],"picked":"Bouncing Flask","floor":12.0},{"not_picked":["Blade Dance","Bouncing Flask"],"picked":"Dodge and Roll","floor":14.0},{"not_picked":["Unload","Phantasmal Killer"],"picked":"Adrenaline","floor":16.0},{"not_picked":["Quick Slash","Dodge and Roll"],"picked":"PiercingWail","floor":18.0},{"not_picked":["Setup","Acrobatics","Bane"],"picked":"SKIP","floor":19.0},{"not_picked":["Underhanded Strike","Dagger Spray"],"picked":"PiercingWail","floor":21.0}],"player_experience":1950787,"relics_obtained":[{"floor":6.0,"key":"Juzu Bracelet"},{"floor":8.0,"key":"Happy Flower"}],"event_choices":[{"damage_healed":0.0,"max_hp_gain":0.0,"max_hp_loss":0.0,"gold_gain":50.0,"event_name":"Golden Shrine","player_choice":"Pray","floor":4.0,"gold_loss":0.0,"damage_taken":0.0},{"damage_healed":0.0,"max_hp_gain":0.0,"max_hp_loss":0.0,"gold_gain":0.0,"cards_transformed":["Strike_G"],"event_name":"Transmorgrifier","player_choice":"Transformed","floor":10.0,"gold_loss":0.0,"damage_taken":0.0,"cards_obtained":["Footwork"]},{"damage_healed":0.0,"max_hp_gain":0.0,"max_hp_loss":0.0,"gold_gain":0.0,"cards_transformed":["Strike_G"],"event_name":"Living Wall","player_choice":"Change","floor":13.0,"gold_loss":0.0,"damage_taken":0.0,"cards_obtained":["Calculated Gamble"]},{"damage_healed":0.0,"max_hp_gain":0.0,"max_hp_loss":0.0,"gold_gain":0.0,"event_name":"The Mausoleum","player_choice":"Opened","floor":20.0,"gold_loss":0.0,"damage_taken":0.0,"relics_obtained":["The Courier"],"cards_obtained":["Writhe"]}],"is_beta":false,"boss_relics":[{"not_picked":["Ectoplasm","Calling Bell"],"picked":"Empty Cage"}],"items_purged_floors":[],"is_endless":false,"potions_floor_spawned":[1,3,6,12,14,21],"killed_by":"Slavers","ascension_level":20}