{"gold_per_floor":[12,23,23,23,43,68,68,47,47,47,60,78,98,166,166,271,271,289,289,289,300,300,300,300,300,324,338,353,367,367,367,367,367],"floor_reached":33,"playtime":1846,"items_purged":[],"score":247,"play_id":"3f012b70-88d6-42e4-a66a-1c7d3998cd71","local_time":"20181207095424","is_ascension_mode":false,"campfire_choices":[{"floor":7,"key":"REST"},{"data":"Sucker Punch","floor":10,"key":"SMITH"},{"floor":15,"key":"REST"},{"floor":23,"key":"REST"},{"data":"Bane","floor":25,"key":"SMITH"},{"floor":32,"key":"REST"}],"neow_cost":"NO_GOLD","seed_source_timestamp":213693610854017,"circlet_count":0,"master_deck":["Defend_G+1","Defend_G+1","Defend_G+1","Defend_G+1","Defend_G+1","Strike_G+1","Strike_G+1","Strike_G+1","Strike_G+1","Strike_G+1","Survivor","Neutralize","After Image","Sucker Punch+1","Deflect","Bane+1","Unload","Deadly Poison","Backstab","Catalyst","Venomology","Backstab","Dagger Spray","Poisoned Stab","Slice","Noxious Fumes+1","Writhe","Flying Knee"],"relics":["Ring of the Snake","Question Card","Mango","Frozen Egg 2","Nloth\u0027s Gift","Dream Catcher","Oddly Smooth Stone"],"potions_floor_usage":[6,16,21,29,29],"damage_taken":[{"damage":1,"enemies":"Jaw Worm","floor":1,"turns":5},{"damage":3,"enemies":"Small Slimes","floor":2,"turns":3},{"damage":4,"enemies":"2 Louse","floor":5,"turns":3},{"damage":25,"enemies":"Lagavulin","floor":6,"turns":12},{"damage":1,"enemies":"2 Fungi Beasts","floor":11,"turns":3},{"damage":9,"enemies":"Exordium Thugs","floor":12,"turns":4},{"damage":6,"enemies":"Large Slime","floor":13,"turns":4},{"damage":51,"enemies":"Hexaghost","floor":16,"turns":13},{"damage":30,"enemies":"Chosen","floor":18,"turns":5},{"damage":22,"enemies":"Shell Parasite","floor":21,"turns":7},{"damage":23,"enemies":"Snecko","floor":27,"turns":6},{"damage":23,"enemies":"Shelled Parasite and Fungi","floor":28,"turns":7},{"damage":17,"enemies":"Snake Plant","floor":29,"turns":3},{"damage":28,"enemies":"Automaton","floor":33,"turns":4}],"seed_played":"-748795900344830361","potions_obtained":[{"floor":5,"key":"EssenceOfSteel"},{"floor":6,"key":"AttackPotion"},{"floor":12,"key":"Regen Potion"},{"floor":16,"key":"SkillPotion"}],"is_trial":false,"path_per_floor":["M","M","?","?","M","E","R","?","T","R","M","M","M","?","R","B",null,"M","?","$","M","$","R","?","R","T","M","M","M","?","?","R","B"],"character_chosen":"THE_SILENT","items_purchased":[],"campfire_rested":4,"item_purchase_floors":[],"current_hp_per_floor":[69,66,66,63,59,48,73,73,73,73,72,63,57,57,82,31,84,54,54,54,41,41,66,66,66,66,43,20,3,3,3,28,0],"gold":367,"neow_bonus":"THREE_RARE_CARDS","is_prod":false,"is_daily":false,"chose_seed":false,"campfire_upgraded":2,"win_rate":0.0,"timestamp":1544205264,"path_taken":["M","M","?","?","M","E","R","?","T","R","M","M","M","?","R","BOSS","M","?","$","M","$","R","?","R","T","M","?","M","?","?","R","BOSS"],"build_version":"2018-12-06","purchased_purges":0,"victory":false,"max_hp_per_floor":[70,70,70,70,70,84,84,84,84,84,84,84,84,84,84,84,84,84,84,84,84,84,84,84,84,84,84,84,84,84,84,84,84],"card_choices":[{"not_picked":["Night Terror","Storm of Steel"],"picked":"After Image","floor":0},{"not_picked":["Well Laid Plans","Dodge and Roll"],"picked":"Sucker Punch","floor":1},{"not_picked":["Footwork","Underhanded Strike"],"picked":"Deflect","floor":2},{"not_picked":["Expertise","Outmaneuver","Prepared"],"picked":"Bane","floor":5},{"not_picked":["Underhanded Strike","Riddle With Holes","Accuracy"],"picked":"Unload","floor":6},{"not_picked":["Crippling Poison","Dagger Throw","Infinite Blades+1"],"picked":"Deadly Poison","floor":11},{"not_picked":["Dagger Spray","Quick Slash","Expertise"],"picked":"Backstab","floor":12},{"not_picked":["Endless Agony","Dodge and Roll","Acrobatics"],"picked":"Catalyst","floor":13},{"not_picked":["Tools of the Trade+1","Wraith Form v2+1","Malaise"],"picked":"Venomology","floor":16},{"not_picked":["Blade Dance+1","Expertise","Sucker Punch"],"picked":"Backstab","floor":18},{"not_picked":["Tactician","Dodge and Roll","Acrobatics"],"picked":"Dagger Spray","floor":21},{"not_picked":["Dagger Throw","Skewer","Cloak And Dagger"],"picked":"Poisoned Stab","floor":27},{"not_picked":["Reflex","Dagger Spray","Tactician+1"],"picked":"Slice","floor":28},{"not_picked":["Backflip","Distraction","Dagger Spray+1"],"picked":"Noxious Fumes+1","floor":29},{"not_picked":["Dodge and Roll","Backstab","Well Laid Plans+1"],"picked":"Flying Knee","floor":32}],"player_experience":133134,"relics_obtained":[{"floor":6,"key":"Mango"},{"floor":9,"key":"Frozen Egg 2"},{"floor":26,"key":"Dream Catcher"}],"event_choices":[{"damage_healed":0,"gold_gain":0,"player_choice":"Ignored","damage_taken":0,"max_hp_gain":0,"max_hp_loss":0,"event_name":"Liars Game","floor":3,"gold_loss":0},{"damage_healed":0,"gold_gain":0,"player_choice":"Success","damage_taken":3,"relics_obtained":["Question Card"],"max_hp_gain":0,"max_hp_loss":0,"event_name":"Scrap Ooze","floor":4,"gold_loss":0},{"damage_healed":0,"gold_gain":0,"player_choice":"Left Gold","damage_taken":0,"max_hp_gain":0,"max_hp_loss":0,"event_name":"World of Goop","floor":8,"gold_loss":21},{"damage_healed":0,"gold_gain":68,"player_choice":"Gained Gold","damage_taken":0,"max_hp_gain":0,"max_hp_loss":0,"event_name":"Golden Wing","floor":14,"gold_loss":0},{"damage_healed":0,"gold_gain":0,"player_choice":"Ignored","damage_taken":0,"max_hp_gain":0,"max_hp_loss":0,"event_name":"Ghosts","floor":19,"gold_loss":0},{"damage_healed":0,"gold_gain":0,"player_choice":"Traded Relic","damage_taken":0,"relics_obtained":["Nloth\u0027s Gift"],"max_hp_gain":0,"max_hp_loss":0,"event_name":"N\u0027loth","floor":24,"relics_lost":["Runic Pyramid"],"gold_loss":0},{"damage_healed":0,"gold_gain":0,"player_choice":"Opened","damage_taken":0,"relics_obtained":["Oddly Smooth Stone"],"max_hp_gain":0,"max_hp_loss":0,"event_name":"The Mausoleum","floor":30,"gold_loss":0,"cards_obtained":["Writhe"]},{"damage_healed":0,"gold_gain":0,"player_choice":"Simplicity","damage_taken":0,"max_hp_gain":0,"max_hp_loss":0,"event_name":"Back to Basics","floor":31,"gold_loss":0,"cards_upgraded":["Defend_G","Defend_G","Defend_G","Defend_G","Defend_G","Strike_G","Strike_G","Strike_G","Strike_G","Strike_G"]}],"is_beta":false,"boss_relics":[{"not_picked":["Coffee Dripper","White Beast Statue"],"picked":"Runic Pyramid"}],"items_purged_floors":[],"is_endless":false,"potions_floor_spawned":[5,6,12,16,21,27],"killed_by":"Automaton","ascension_level":0}