{"gold_per_floor":[113,128,142,155,155,167,179,225,237,249,261,273,305,335,347,456,468,496,508,5,30,30,30,46,104,104,137,137,151,151,163,163,264,264,280,280,128,140,151,151,183,183,183,215,234,246,277,289,289,289],"floor_reached":51,"playtime":4176,"items_purged":[],"score":802,"play_id":"2cc11b15-9aab-43ba-809d-290e884752dc","local_time":"20181210145343","is_ascension_mode":false,"campfire_choices":[{"data":"Crippling Poison","floor":6,"key":"SMITH"},{"floor":12,"key":"REST"},{"floor":15,"key":"REST"},{"data":"Catalyst","floor":23,"key":"SMITH"},{"floor":28,"key":"REST"},{"floor":30,"key":"REST"},{"floor":32,"key":"REST"},{"floor":40,"key":"REST"},{"floor":42,"key":"REST"},{"floor":49,"key":"REST"}],"neow_cost":"NONE","seed_source_timestamp":488481519102601,"circlet_count":0,"master_deck":["Defend_G+1","Defend_G+1","Defend_G","Defend_G","Strike_G","Strike_G","Strike_G","Strike_G","Strike_G","Survivor","Neutralize","Dagger Spray","Blade Dance","Deadly Poison","Crippling Poison+1","Backstab","Flying Knee","Backstab","A Thousand Cuts","Catalyst+1","Quick Slash","Blur","Predator+1","Escape Plan","Well Laid Plans","Escape Plan","Outmaneuver","Adrenaline","Dash","Terror","Backstab","Caltrops","Crippling Poison+1","Slice+1","Blade Dance+1","Leg Sweep","Well Laid Plans+1","Deflect+1","Terror"],"relics":["Ring of the Snake","Omamori","MawBank","Pear","Oddly Smooth Stone","Snake Skull","Busted Crown","Dream Catcher","Lee\u0027s Waffle","Meat on the Bone","Red Mask","Tiny Chest","Bird Faced Urn","Paper Crane","Eternal Feather","Ginger","Boot","Question Card","Calipers"],"potions_floor_usage":[8,16,33,33,50,50],"damage_taken":[{"damage":0,"enemies":"2 Louse","floor":1,"turns":2},{"damage":0,"enemies":"Small Slimes","floor":2,"turns":3},{"damage":0,"enemies":"Cultist","floor":3,"turns":3},{"damage":0,"enemies":"2 Fungi Beasts","floor":4,"turns":5},{"damage":19,"enemies":"Gremlin Nob","floor":8,"turns":5},{"damage":3,"enemies":"Gremlin Gang","floor":13,"turns":2},{"damage":0,"enemies":"Lots of Slimes","floor":14,"turns":3},{"damage":40,"enemies":"Slime Boss","floor":16,"turns":13},{"damage":0,"enemies":"3 Byrds","floor":18,"turns":3},{"damage":7,"enemies":"Masked Bandits","floor":21,"turns":4},{"damage":0,"enemies":"Shell Parasite","floor":24,"turns":2},{"damage":22,"enemies":"Gremlin Leader","floor":25,"turns":3},{"damage":39,"enemies":"Slavers","floor":27,"turns":4},{"damage":6,"enemies":"Snake Plant","floor":29,"turns":4},{"damage":7,"enemies":"Snecko","floor":31,"turns":5},{"damage":54,"enemies":"Champ","floor":33,"turns":10},{"damage":19,"enemies":"3 Darklings","floor":35,"turns":4},{"damage":10,"enemies":"3 Shapes","floor":38,"turns":2},{"damage":19,"enemies":"Transient","floor":39,"turns":5},{"damage":37,"enemies":"Nemesis","floor":41,"turns":7},{"damage":24,"enemies":"Giant Head","floor":44,"turns":6},{"damage":18,"enemies":"Writhing Mass","floor":45,"turns":5},{"damage":5,"enemies":"4 Shapes","floor":46,"turns":3},{"damage":0,"enemies":"Nemesis","floor":47,"turns":5},{"damage":26,"enemies":"Transient","floor":48,"turns":5},{"damage":93,"enemies":"Time Eater","floor":50,"turns":12}],"seed_played":"-4899792837412764832","potions_obtained":[{"floor":3,"key":"Weak Potion"},{"floor":8,"key":"Weak Potion"},{"floor":16,"key":"Poison Potion"},{"floor":21,"key":"AttackPotion"},{"floor":22,"key":"FairyPotion"},{"floor":33,"key":"Explosive Potion"},{"floor":35,"key":"Poison Potion"},{"floor":38,"key":"SteroidPotion"}],"is_trial":false,"path_per_floor":["M","M","M","M","?","R","?","E","T","?","?","R","M","M","R","B",null,"M","?","$","?","?","R","M","E","T","E","R","M","R","M","R","B",null,"M","?","$","M","M","R","E","R","T","E","M","M","E","M","R","B",null],"character_chosen":"THE_SILENT","items_purchased":["Lee\u0027s Waffle","Meat on the Bone","Catalyst","Terror","Backstab"],"campfire_rested":8,"item_purchase_floors":[20,20,20,37,37],"current_hp_per_floor":[70,70,70,70,70,70,62,43,43,43,27,51,48,48,72,32,80,80,80,87,80,80,80,80,58,58,33,59,55,81,76,87,45,87,68,68,68,58,55,87,54,87,87,65,53,50,54,48,87,14],"gold":289,"neow_bonus":"RANDOM_COMMON_RELIC","is_prod":false,"is_daily":false,"chose_seed":false,"campfire_upgraded":2,"win_rate":0.0,"timestamp":1544482423,"path_taken":["M","M","M","M","?","R","?","E","T","?","?","R","M","M","R","BOSS","M","?","$","?","?","R","M","E","T","E","R","M","R","?","R","BOSS","M","?","$","M","M","R","E","R","T","E","M","?","E","M","R","BOSS"],"build_version":"2018-12-06","purchased_purges":0,"victory":true,"max_hp_per_floor":[70,70,70,70,70,70,80,80,80,80,80,80,80,80,80,80,80,80,80,87,87,87,87,87,87,87,87,87,87,87,87,87,87,87,87,87,87,87,87,87,87,87,87,87,87,87,87,87,87,87],"card_choices":[{"not_picked":["PiercingWail","Slice"],"picked":"Dagger Spray","floor":1},{"not_picked":["Outmaneuver","Sucker Punch"],"picked":"Blade Dance","floor":2},{"not_picked":["Backflip","Slice"],"picked":"Deadly Poison","floor":3},{"not_picked":["PiercingWail","Calculated Gamble"],"picked":"Crippling Poison","floor":4},{"not_picked":["Dash","Tools of the Trade"],"picked":"Backstab","floor":8},{"not_picked":["Prepared","Blur"],"picked":"Flying Knee","floor":13},{"not_picked":["Reflex","Terror"],"picked":"Backstab","floor":14},{"not_picked":["Night Terror","Malaise"],"picked":"A Thousand Cuts","floor":16},{"not_picked":["Underhanded Strike"],"picked":"SKIP","floor":18},{"not_picked":[],"picked":"Quick Slash","floor":21},{"not_picked":[],"picked":"Blur","floor":24},{"not_picked":[],"picked":"Predator","floor":25},{"not_picked":[],"picked":"Escape Plan","floor":27},{"not_picked":[],"picked":"Well Laid Plans","floor":28},{"not_picked":["Tactician"],"picked":"SKIP","floor":29},{"not_picked":[],"picked":"Escape Plan","floor":30},{"not_picked":["Underhanded Strike"],"picked":"SKIP","floor":31},{"not_picked":[],"picked":"Outmaneuver","floor":32},{"not_picked":[],"picked":"Adrenaline","floor":33},{"not_picked":[],"picked":"Dash","floor":35},{"not_picked":[],"picked":"Caltrops","floor":38},{"not_picked":[],"picked":"Crippling Poison+1","floor":39},{"not_picked":[],"picked":"Slice+1","floor":41},{"not_picked":["Acrobatics+1"],"picked":"SKIP","floor":44},{"not_picked":["Dodge and Roll+1"],"picked":"Blade Dance+1","floor":45},{"not_picked":["Backflip+1"],"picked":"Leg Sweep","floor":46},{"not_picked":["Eviscerate+1"],"picked":"Well Laid Plans+1","floor":47},{"not_picked":["Dodge and Roll+1"],"picked":"Deflect+1","floor":48},{"not_picked":["Crippling Poison"],"picked":"Terror","floor":49}],"player_experience":193590,"relics_obtained":[{"floor":8,"key":"Oddly Smooth Stone"},{"floor":9,"key":"Snake Skull"},{"floor":21,"key":"Red Mask"},{"floor":25,"key":"Tiny Chest"},{"floor":26,"key":"Bird Faced Urn"},{"floor":27,"key":"Paper Crane"},{"floor":41,"key":"Ginger"},{"floor":43,"key":"Boot"},{"floor":44,"key":"Question Card"},{"floor":47,"key":"Calipers"}],"event_choices":[{"damage_healed":0,"gold_gain":0,"player_choice":"Box","damage_taken":0,"relics_obtained":["MawBank"],"max_hp_gain":0,"max_hp_loss":0,"event_name":"Big Fish","floor":5,"gold_loss":0,"cards_obtained":["Regret"]},{"damage_healed":0,"gold_gain":0,"player_choice":"Success","damage_taken":18,"relics_obtained":["Pear"],"max_hp_gain":0,"max_hp_loss":0,"event_name":"Scrap Ooze","floor":7,"gold_loss":0},{"cards_removed":["Defend_G"],"damage_healed":0,"gold_gain":0,"player_choice":"Forget","damage_taken":0,"max_hp_gain":0,"max_hp_loss":0,"event_name":"Living Wall","floor":10,"gold_loss":0},{"damage_healed":0,"gold_gain":0,"player_choice":"Entered Light","damage_taken":16,"max_hp_gain":0,"max_hp_loss":0,"event_name":"Shining Light","floor":11,"gold_loss":0,"cards_upgraded":["Defend_G","Defend_G"]},{"damage_healed":0,"gold_gain":0,"player_choice":"Opened","damage_taken":0,"relics_obtained":["Dream Catcher"],"max_hp_gain":0,"max_hp_loss":0,"event_name":"The Mausoleum","floor":19,"gold_loss":0,"cards_obtained":["Writhe"]},{"damage_healed":0,"gold_gain":0,"player_choice":"Fought Bandits","damage_taken":0,"max_hp_gain":0,"max_hp_loss":0,"event_name":"Masked Bandits","floor":21,"gold_loss":0},{"damage_healed":0,"gold_gain":0,"player_choice":"Got Potions","damage_taken":0,"max_hp_gain":0,"max_hp_loss":0,"event_name":"Lab","floor":22,"gold_loss":0},{"damage_healed":0,"gold_gain":0,"player_choice":"Upgraded","damage_taken":0,"max_hp_gain":0,"max_hp_loss":0,"event_name":"Upgrade Shrine","floor":36,"gold_loss":0,"cards_upgraded":["Predator"]}],"is_beta":false,"boss_relics":[{"not_picked":["Cursed Key","Lizard Tail"],"picked":"Busted Crown"},{"not_picked":["Black Star","Calling Bell"],"picked":"Eternal Feather"}],"items_purged_floors":[],"is_endless":false,"potions_floor_spawned":[3,8,16,21,24,29,33,35,38,41,47,48],"ascension_level":0}