{"gold_per_floor":[16,16,16,16,41,41,59,59,84,84,128,79,79,354,354,485,485,509,173,173,71,92,92,44,57,57,73,92,111,124,0,0,0],"floor_reached":33,"playtime":2562,"items_purged":[],"score":270,"play_id":"5f8e900b-045f-4531-91fa-ef44e36df0d1","local_time":"20181206212950","is_ascension_mode":false,"campfire_choices":[{"floor":8,"key":"REST"},{"floor":10,"key":"REST"},{"floor":15,"key":"REST"},{"floor":23,"key":"REST"},{"floor":32,"key":"REST"}],"neow_cost":"NO_GOLD","seed_source_timestamp":168320072985407,"circlet_count":0,"master_deck":["Defend_G","Defend_G","Defend_G","Defend_G","Defend_G","Strike_G","Strike_G","Strike_G","Strike_G","Strike_G","Survivor+1","Neutralize","Leg Sweep+1","Crippling Poison","Flying Knee+1","Skewer","Slice","Adrenaline","Poisoned Stab","Trip","Blade Dance","Noxious Fumes","Dagger Spray+1","Outmaneuver+1","Sucker Punch+1","Flying Knee+1","Bane+1"],"relics":["Ring of the Snake","Mango","Golden Idol","Strawberry","Omamori","Lizard Tail","Molten Egg 2","Ornamental Fan"],"potions_floor_usage":[29,29,30,30],"damage_taken":[{"damage":12,"enemies":"Small Slimes","floor":1,"turns":4},{"damage":7,"enemies":"2 Louse","floor":5,"turns":2},{"damage":1,"enemies":"Cultist","floor":7,"turns":4},{"damage":27,"enemies":"Gremlin Nob","floor":11,"turns":6},{"damage":38,"enemies":"The Guardian","floor":16,"turns":16},{"damage":25,"enemies":"Spheric Guardian","floor":18,"turns":4},{"damage":17,"enemies":"Chosen","floor":22,"turns":6},{"damage":20,"enemies":"Snake Plant","floor":25,"turns":4},{"damage":20,"enemies":"Centurion and Healer","floor":27,"turns":6},{"damage":10,"enemies":"Cultist and Chosen","floor":28,"turns":6},{"damage":12,"enemies":"Snake Plant","floor":29,"turns":5},{"damage":27,"enemies":"Centurion and Healer","floor":30,"turns":6},{"damage":75,"enemies":"Automaton","floor":33,"turns":10}],"seed_played":"-4466446281707530472","potions_obtained":[{"floor":1,"key":"Regen Potion"},{"floor":20,"key":"SkillPotion"},{"floor":20,"key":"GhostInAJar"},{"floor":27,"key":"Explosive Potion"},{"floor":29,"key":"Dexterity Potion"}],"is_trial":false,"path_per_floor":["M","?","?","?","M","$","M","R","T","R","E","$","?","?","R","B",null,"M","$","?","$","M","R","$","M","T","M","M","M","M","?","R","B"],"character_chosen":"THE_SILENT","items_purchased":["Slice","Molten Egg 2","Trip","Blade Dance","Noxious Fumes","Dagger Spray+1"],"campfire_rested":5,"item_purchase_floors":[12,19,19,21,21,24],"current_hp_per_floor":[72,72,55,48,41,41,40,65,72,91,64,64,64,64,91,53,91,66,66,66,66,49,76,76,56,56,36,26,19,37,37,64,0],"gold":0,"neow_bonus":"ONE_RARE_RELIC","is_prod":false,"is_daily":false,"chose_seed":false,"campfire_upgraded":0,"win_rate":0.0,"timestamp":1544160590,"path_taken":["M","?","?","?","M","?","?","R","T","R","E","$","?","?","R","BOSS","M","?","?","$","M","R","$","?","T","M","M","M","M","?","R","BOSS"],"build_version":"2018-11-15","purchased_purges":0,"victory":false,"max_hp_per_floor":[84,84,84,84,84,84,84,84,91,91,91,91,91,91,91,91,91,91,91,91,91,91,91,91,91,91,91,91,91,91,91,91,91],"card_choices":[{"not_picked":["Caltrops","Quick Slash"],"picked":"Leg Sweep","floor":1},{"not_picked":["Calculated Gamble","Acrobatics"],"picked":"Crippling Poison","floor":5},{"not_picked":["Prepared","Deflect"],"picked":"Flying Knee","floor":7},{"not_picked":["PiercingWail","Unload"],"picked":"Skewer","floor":11},{"not_picked":["Unload","Bullet Time"],"picked":"Adrenaline","floor":16},{"not_picked":["Tactician","Prepared"],"picked":"Poisoned Stab","floor":18},{"not_picked":["Tactician","Catalyst","Eviscerate+1"],"picked":"SKIP","floor":22},{"not_picked":["Catalyst+1","Acrobatics"],"picked":"Outmaneuver+1","floor":25},{"not_picked":["Deadly Poison","Cloak And Dagger"],"picked":"Sucker Punch+1","floor":27},{"not_picked":["Poisoned Stab+1","Deflect"],"picked":"Flying Knee+1","floor":28},{"not_picked":["Outmaneuver","Envenom","Acrobatics"],"picked":"SKIP","floor":29},{"not_picked":["PiercingWail","Footwork"],"picked":"Bane+1","floor":30}],"player_experience":128859,"relics_obtained":[{"floor":9,"key":"Strawberry"},{"floor":11,"key":"Omamori"},{"floor":26,"key":"Ornamental Fan"}],"event_choices":[{"damage_healed":0,"gold_gain":0,"player_choice":"Take Wound","damage_taken":0,"relics_obtained":["Golden Idol"],"max_hp_gain":0,"max_hp_loss":0,"event_name":"Golden Idol","floor":2,"gold_loss":0,"cards_obtained":["Injury"]},{"damage_healed":0,"gold_gain":0,"player_choice":"Entered Light","damage_taken":17,"max_hp_gain":0,"max_hp_loss":0,"event_name":"Shining Light","floor":3,"gold_loss":0,"cards_upgraded":["Survivor","Leg Sweep"]},{"cards_removed":["Injury"],"damage_healed":0,"gold_gain":0,"player_choice":"Card Removal","damage_taken":7,"max_hp_gain":0,"max_hp_loss":0,"event_name":"Golden Wing","floor":4,"gold_loss":0},{"damage_healed":0,"gold_gain":0,"player_choice":"Grow","damage_taken":0,"max_hp_gain":0,"max_hp_loss":0,"event_name":"Living Wall","floor":13,"gold_loss":0,"cards_upgraded":["Flying Knee"]},{"damage_healed":0,"gold_gain":275,"player_choice":"Desecrate","damage_taken":0,"max_hp_gain":0,"max_hp_loss":0,"event_name":"Golden Shrine","floor":14,"gold_loss":0,"cards_obtained":["Regret"]},{"damage_healed":0,"gold_gain":0,"player_choice":"Got Potions","damage_taken":0,"max_hp_gain":0,"max_hp_loss":0,"event_name":"Lab","floor":20,"gold_loss":0},{"damage_healed":0,"gold_gain":0,"player_choice":"Paid Fearfully","damage_taken":0,"max_hp_gain":0,"max_hp_loss":0,"event_name":"Masked Bandits","floor":31,"gold_loss":124}],"is_beta":false,"boss_relics":[{"not_picked":["Fusion Hammer","Sozu"],"picked":"Lizard Tail"}],"items_purged_floors":[],"is_endless":false,"potions_floor_spawned":[1,22,27,29],"killed_by":"Automaton","ascension_level":0}