{"gold_per_floor":[110,110,120,132,132,164,184,184,211,236,72,92,106,117,117,189,189,205,255,255,32,51,51,76,96,119,131,131,162,174,20,20,20],"floor_reached":33,"playtime":1000,"items_purged":["Regret","Strike_R"],"score":598,"play_id":"3b8901bc-8b67-4bc5-8365-8efdf36276fb","local_time":"20190501000758","is_ascension_mode":true,"campfire_choices":[{"data":"Bludgeon","floor":8,"key":"SMITH"},{"data":"Discovery","floor":15,"key":"SMITH"},{"floor":23,"key":"REST"},{"floor":28,"key":"REST"},{"floor":32,"key":"REST"}],"neow_cost":"NONE","seed_source_timestamp":3755428833230565,"circlet_count":0,"master_deck":["AscendersBane","Strike_R","Strike_R","Strike_R","Strike_R","Defend_R","Defend_R","Defend_R","Defend_R","Bash","Bludgeon+1","Thunderclap","Metallicize","Intimidate","Battle Trance","Shrug It Off","Discovery+1","Iron Wave","Whirlwind","Double Tap","Feed","Bludgeon+1","Seeing Red","Iron Wave","Armaments+1","Cleave"],"relics":["Burning Blood","NeowsBlessing","PreservedInsect","Strawberry","Blood Vial","Omamori","Fusion Hammer","DollysMirror","Frozen Egg 2","Art of War","Charon\u0027s Ashes"],"potions_floor_usage":[10,14,18,22,24,33,33],"damage_taken":[{"damage":0,"enemies":"2 Louse","floor":1,"turns":1},{"damage":0,"enemies":"Cultist","floor":3,"turns":1},{"damage":0,"enemies":"Jaw Worm","floor":4,"turns":1},{"damage":12,"enemies":"Gremlin Nob","floor":6,"turns":3},{"damage":9,"enemies":"Exordium Wildlife","floor":7,"turns":4},{"damage":20,"enemies":"Lagavulin","floor":10,"turns":4},{"damage":13,"enemies":"Gremlin Gang","floor":12,"turns":8},{"damage":11,"enemies":"3 Louse","floor":13,"turns":2},{"damage":3,"enemies":"Blue Slaver","floor":14,"turns":3},{"damage":17,"enemies":"The Guardian","floor":16,"turns":11},{"damage":19,"enemies":"2 Thieves","floor":18,"turns":3},{"damage":14,"enemies":"3 Byrds","floor":22,"turns":5},{"damage":31,"enemies":"Gremlin Leader","floor":24,"turns":4},{"damage":12,"enemies":"3 Cultists","floor":25,"turns":4},{"damage":24,"enemies":"Chosen and Byrds","floor":27,"turns":3},{"damage":1,"enemies":"Book of Stabbing","floor":29,"turns":2},{"damage":29,"enemies":"Cultist and Chosen","floor":30,"turns":5},{"damage":102,"enemies":"Collector","floor":33,"turns":7}],"seed_played":"6068526580432590337","potions_obtained":[{"floor":1,"key":"AttackPotion"},{"floor":6,"key":"SteroidPotion"},{"floor":12,"key":"BloodPotion"},{"floor":16,"key":"Weak Potion"},{"floor":18,"key":"FearPotion"},{"floor":29,"key":"Strength Potion"},{"floor":30,"key":"LiquidBronze"}],"is_trial":false,"path_per_floor":["M","?","M","M","?","E","M","R","T","E","$","M","M","M","R","B",null,"M","?","?","$","M","R","E","M","T","M","R","E","M","$","R","B"],"character_chosen":"IRONCLAD","items_purchased":["Discovery","DollysMirror","Cleave"],"campfire_rested":3,"item_purchase_floors":[11,21,31],"current_hp_per_floor":[74,74,75,75,75,76,73,73,73,61,61,56,53,66,66,57,76,65,65,65,65,59,82,57,53,53,37,61,68,47,47,71,0],"gold":20,"neow_bonus":"THREE_ENEMY_KILL","is_prod":false,"is_daily":false,"chose_seed":false,"campfire_upgraded":2,"win_rate":0,"timestamp":1556665678,"path_taken":["M","?","?","M","?","E","M","R","T","E","$","M","M","M","R","BOSS","M","?","?","$","M","R","E","M","T","?","R","E","M","$","R","BOSS"],"build_version":"2019-01-23","purchased_purges":2,"victory":false,"max_hp_per_floor":[75,75,75,75,75,82,82,82,82,82,82,82,82,82,82,82,82,82,82,82,82,82,82,82,82,82,82,82,82,82,82,82,82],"card_choices":[{"not_picked":["Power Through","Seeing Red","Heavy Blade"],"picked":"SKIP","floor":1},{"not_picked":["Inflame","Havoc"],"picked":"Thunderclap","floor":3},{"not_picked":["Body Slam","Blood for Blood"],"picked":"Metallicize","floor":4},{"not_picked":["Inflame","Pommel Strike"],"picked":"Intimidate","floor":6},{"not_picked":["Shockwave","Heavy Blade"],"picked":"Battle Trance","floor":7},{"not_picked":["Burning Pact","Anger"],"picked":"Shrug It Off","floor":10},{"not_picked":["Corruption","Heavy Blade"],"picked":"Iron Wave","floor":12},{"not_picked":["Inflame","Power Through"],"picked":"Whirlwind","floor":13},{"not_picked":["Clothesline","Heavy Blade","Havoc"],"picked":"SKIP","floor":14},{"not_picked":["Exhume","Berserk"],"picked":"Double Tap","floor":16},{"not_picked":["Heavy Blade","Spot Weakness","Uppercut"],"picked":"SKIP","floor":18},{"not_picked":["Flex","Shockwave","Sever Soul"],"picked":"SKIP","floor":22},{"not_picked":["Anger","Uppercut","Combust"],"picked":"SKIP","floor":24},{"not_picked":["True Grit","Headbutt"],"picked":"Seeing Red","floor":25},{"not_picked":["Heavy Blade+1","Pummel","Anger"],"picked":"SKIP","floor":27},{"not_picked":["Pommel Strike+1","Reckless Charge"],"picked":"Iron Wave","floor":29},{"not_picked":["Thunderclap","Clothesline"],"picked":"Armaments+1","floor":30}],"player_experience":757637,"relics_obtained":[{"floor":6,"key":"Strawberry"},{"floor":9,"key":"Blood Vial"},{"floor":10,"key":"Omamori"},{"floor":24,"key":"Frozen Egg 2"},{"floor":26,"key":"Art of War"},{"floor":29,"key":"Charon\u0027s Ashes"}],"event_choices":[{"damage_healed":0,"gold_gain":0,"player_choice":"1 cards matched","damage_taken":0,"max_hp_gain":0,"max_hp_loss":0,"event_name":"Match and Keep!","floor":2,"gold_loss":0,"cards_obtained":["Bludgeon"]},{"damage_healed":0,"gold_gain":0,"player_choice":"Box","damage_taken":0,"relics_obtained":["PreservedInsect"],"max_hp_gain":0,"max_hp_loss":0,"event_name":"Big Fish","floor":5,"gold_loss":0,"cards_obtained":["Regret"]},{"damage_healed":0,"gold_gain":50,"player_choice":"Stole From Cult","damage_taken":0,"max_hp_gain":0,"max_hp_loss":0,"event_name":"Nest","floor":19,"gold_loss":0},{"damage_healed":0,"gold_gain":0,"player_choice":"1 cards matched","damage_taken":0,"max_hp_gain":0,"max_hp_loss":0,"event_name":"Match and Keep!","floor":20,"gold_loss":0,"cards_obtained":["Feed"]}],"is_beta":false,"boss_relics":[{"not_picked":["Orrery","Empty Cage"],"picked":"Fusion Hammer"}],"items_purged_floors":[11,31],"is_endless":false,"potions_floor_spawned":[1,6,12,13,16,18,29,30],"killed_by":"Collector","ascension_level":20}