{"gold_per_floor":[115,1,1,15,33,33,49,49,75,87,39,39,54,54,54,151,151,162,182,182,182,182,182,22,22,22,22,22,22,51,51,51,154,154,171,191,191,191,116,116,127,145,145,145,165,115,130,1,1,1],"floor_reached":51,"playtime":1763,"items_purged":["Writhe"],"score":703,"play_id":"384dead9-21bb-4cbb-8bfd-1ced2cff76ca","local_time":"20190504141913","is_ascension_mode":false,"campfire_choices":[{"data":"White Noise","floor":6,"key":"SMITH"},{"data":"Dualcast","floor":15,"key":"SMITH"},{"data":"Coolheaded","floor":23,"key":"SMITH"},{"floor":32,"key":"REST"},{"data":"Zap","floor":40,"key":"SMITH"},{"data":"Buffer","floor":44,"key":"SMITH"},{"floor":49,"key":"REST"}],"neow_cost":"NONE","seed_source_timestamp":4064947107580408,"circlet_count":0,"master_deck":["Strike_B+1","Defend_B+1","Defend_B+1","Defend_B","Defend_B+1","Zap","Dualcast+1","Glacier","White Noise+1","Melter","Sweeping Beam","Conserve Battery","Electrodynamics","Coolheaded+1","Cold Snap","Machine Learning","Redo+1","BootSequence","Cold Snap","Loop+1","Coolheaded","Zap+1","Buffer+1","Conserve Battery+1","Coolheaded+1","Defragment"],"relics":["Cracked Core","NeowsBlessing","Juzu Bracelet","Empty Cage","War Paint","Potion Belt","Busted Crown","Meat on the Bone"],"potions_floor_usage":[33,33,42,47,50,50,50],"damage_taken":[{"damage":0,"enemies":"Jaw Worm","floor":1,"turns":1},{"damage":0,"enemies":"2 Louse","floor":4,"turns":1},{"damage":0,"enemies":"Cultist","floor":5,"turns":1},{"damage":0,"enemies":"3 Louse","floor":7,"turns":2},{"damage":2,"enemies":"Blue Slaver","floor":10,"turns":4},{"damage":0,"enemies":"Large Slime","floor":13,"turns":4},{"damage":22,"enemies":"Slime Boss","floor":16,"turns":10},{"damage":1,"enemies":"Chosen","floor":18,"turns":8},{"damage":2,"enemies":"2 Thieves","floor":19,"turns":3},{"damage":21,"enemies":"Book of Stabbing","floor":30,"turns":6},{"damage":21,"enemies":"Collector","floor":33,"turns":14},{"damage":17,"enemies":"3 Darklings","floor":35,"turns":6},{"damage":0,"enemies":"3 Shapes","floor":36,"turns":6},{"damage":1,"enemies":"Sphere and 2 Shapes","floor":41,"turns":4},{"damage":0,"enemies":"4 Shapes","floor":42,"turns":4},{"damage":27,"enemies":"Transient","floor":45,"turns":5},{"damage":0,"enemies":"Jaw Worm Horde","floor":47,"turns":3},{"damage":0,"enemies":"Donu and Deca","floor":50,"turns":16}],"seed_played":"6707994847170041783","potions_obtained":[{"floor":4,"key":"FocusPotion"},{"floor":10,"key":"Weak Potion"},{"floor":18,"key":"EssenceOfSteel"},{"floor":30,"key":"EssenceOfSteel"},{"floor":35,"key":"Block Potion"},{"floor":45,"key":"Swift Potion"},{"floor":47,"key":"EssenceOfSteel"}],"is_trial":false,"path_per_floor":["M","$","?","M","M","R","M","?","T","M","$","?","M","$","R","B",null,"M","M","$","?","?","R","$","?","T","?","?","?","E","$","R","B",null,"M","M","?","?","$","R","M","M","T","R","M","$","M","$","R","B",null],"character_chosen":"DEFECT","items_purchased":["White Noise","Melter","Coolheaded","FocusPotion","Loop","Coolheaded","PowerPotion","Defragment","Fire Potion"],"campfire_rested":2,"item_purchase_floors":[2,2,11,24,24,24,46,48,48],"current_hp_per_floor":[75,75,75,75,75,75,75,75,75,73,73,58,58,58,58,36,75,74,72,72,72,58,58,58,58,58,58,58,58,37,37,61,40,80,63,63,80,80,80,80,79,79,79,79,52,52,52,52,76,76],"gold":1,"neow_bonus":"THREE_ENEMY_KILL","is_prod":false,"is_daily":false,"chose_seed":false,"campfire_upgraded":5,"win_rate":0,"timestamp":1556975953,"path_taken":["M","$","?","M","M","R","M","?","T","M","$","?","M","$","R","BOSS","M","M","$","?","?","R","$","?","T","?","?","?","E","?","R","BOSS","M","M","?","?","$","R","M","M","T","R","M","?","M","$","R","BOSS"],"build_version":"2019-01-23","purchased_purges":1,"victory":true,"max_hp_per_floor":[75,75,75,75,75,75,75,75,75,75,75,75,75,75,75,75,75,75,75,75,75,80,80,80,80,80,80,80,80,80,80,80,80,80,80,80,80,80,80,80,80,80,80,80,80,80,80,80,80,80],"card_choices":[{"not_picked":["Sweeping Beam","Skim"],"picked":"Glacier","floor":1},{"not_picked":["Streamline","Fusion"],"picked":"Sweeping Beam","floor":4},{"not_picked":["Redo","Rebound"],"picked":"Conserve Battery","floor":5},{"not_picked":["Barrage","Blizzard"],"picked":"Electrodynamics","floor":7},{"not_picked":["Redo","Streamline","Steam"],"picked":"SKIP","floor":10},{"not_picked":["Coolheaded","Redo"],"picked":"Cold Snap","floor":13},{"not_picked":["Echo Form","Multi-Cast"],"picked":"Machine Learning","floor":16},{"not_picked":["Static Discharge","Beam Cell"],"picked":"Redo+1","floor":18},{"not_picked":["Sweeping Beam","Hologram"],"picked":"BootSequence","floor":19},{"not_picked":["Barrage","Genetic Algorithm","Leap"],"picked":"SKIP","floor":30},{"not_picked":["Echo Form","Meteor Strike"],"picked":"Buffer","floor":33},{"not_picked":["Ball Lightning"],"picked":"SKIP","floor":35},{"not_picked":["Aggregate"],"picked":"SKIP","floor":36},{"not_picked":[],"picked":"Conserve Battery+1","floor":41},{"not_picked":["Steam"],"picked":"SKIP","floor":42},{"not_picked":[],"picked":"Coolheaded+1","floor":45},{"not_picked":["Redo"],"picked":"SKIP","floor":47}],"player_experience":810819,"relics_obtained":[{"floor":9,"key":"Juzu Bracelet"},{"floor":26,"key":"War Paint"},{"floor":30,"key":"Potion Belt"},{"floor":43,"key":"Meat on the Bone"}],"event_choices":[{"damage_healed":0,"gold_gain":0,"player_choice":"Leave","damage_taken":0,"max_hp_gain":0,"max_hp_loss":0,"event_name":"The Cleric","floor":3,"gold_loss":0},{"cards_removed":["Strike_B"],"damage_healed":0,"gold_gain":0,"player_choice":"Card Removal","damage_taken":0,"max_hp_gain":0,"max_hp_loss":0,"event_name":"Wheel of Change","floor":8,"gold_loss":0},{"damage_healed":0,"gold_gain":0,"player_choice":"Entered Light","damage_taken":15,"max_hp_gain":0,"max_hp_loss":0,"event_name":"Shining Light","floor":12,"gold_loss":0,"cards_upgraded":["Defend_B","Strike_B"]},{"damage_healed":0,"gold_gain":0,"player_choice":"Read","damage_taken":0,"max_hp_gain":0,"max_hp_loss":0,"event_name":"The Library","floor":21,"gold_loss":0,"cards_obtained":["Cold Snap"]},{"damage_healed":0,"gold_gain":0,"player_choice":"Shed Blood","damage_taken":19,"max_hp_gain":5,"max_hp_loss":0,"event_name":"Forgotten Altar","floor":22,"gold_loss":0},{"damage_healed":0,"gold_gain":0,"player_choice":"Ignored","damage_taken":0,"max_hp_gain":0,"max_hp_loss":0,"event_name":"Beggar","floor":25,"gold_loss":0},{"damage_healed":0,"gold_gain":0,"player_choice":"Ignored","damage_taken":0,"max_hp_gain":0,"max_hp_loss":0,"event_name":"The Mausoleum","floor":27,"gold_loss":0},{"damage_healed":0,"gold_gain":0,"player_choice":"Upgraded","damage_taken":0,"max_hp_gain":0,"max_hp_loss":0,"event_name":"Upgrade Shrine","floor":28,"gold_loss":0,"cards_upgraded":["Loop"]},{"damage_healed":0,"gold_gain":0,"player_choice":"1 cards matched","damage_taken":0,"max_hp_gain":0,"max_hp_loss":0,"event_name":"Match and Keep!","floor":29,"gold_loss":0,"cards_obtained":["Zap"]},{"damage_healed":20,"gold_gain":0,"player_choice":"Writhe","damage_taken":0,"max_hp_gain":0,"max_hp_loss":0,"event_name":"Winding Halls","floor":37,"gold_loss":0,"cards_obtained":["Writhe"]},{"damage_healed":0,"gold_gain":0,"player_choice":"Memory 1","damage_taken":0,"max_hp_gain":0,"max_hp_loss":0,"event_name":"SensoryStone","floor":38,"gold_loss":0}],"is_beta":false,"boss_relics":[{"not_picked":["Ectoplasm","Nuclear Battery"],"picked":"Empty Cage"},{"not_picked":["Coffee Dripper","Runic Pyramid"],"picked":"Busted Crown"}],"items_purged_floors":[39],"is_endless":false,"potions_floor_spawned":[4,10,18,30,35,45,47],"ascension_level":0}