{"gold_per_floor":[112,130,149,167,187,221,221,248,275,285,299,318,331,331,331,430,430,443,443,27,27,41,41,41,58,58,90,90],"floor_reached":28,"playtime":941,"items_purged":["Defend_R"],"score":267,"play_id":"d4325bc3-eb09-43be-96c7-ab2b57ef6e01","local_time":"20190501103905","is_ascension_mode":true,"campfire_choices":[{"floor":7,"key":"REST"},{"floor":15,"key":"REST"},{"data":"Heavy Blade","floor":23,"key":"SMITH"}],"neow_cost":"NONE","seed_source_timestamp":343439698843550,"circlet_count":0,"master_deck":["Strike_R","Strike_R","Strike_R","Strike_R","Strike_R+1","Defend_R","Defend_R","Defend_R","Bash+1","Blood for Blood","Pommel Strike","Flex","Perfected Strike","Inflame","Ghostly Armor","Thunderclap","Armaments","Iron Wave","Sword Boomerang","Double Tap","Anger","The Bomb","Thunderclap","Heavy Blade+1","Twin Strike+1","Inflame"],"relics":["Burning Blood","NeowsBlessing","Whetstone","Ornamental Fan","Happy Flower","NlothsMask","Sozu","Red Skull","Ancient Tea Set"],"potions_floor_usage":[4,5,6,13,13,13,13,25],"damage_taken":[{"damage":0,"enemies":"Cultist","floor":1,"turns":1},{"damage":0,"enemies":"Small Slimes","floor":2,"turns":1},{"damage":0,"enemies":"2 Louse","floor":3,"turns":1},{"damage":18,"enemies":"Exordium Wildlife","floor":4,"turns":4},{"damage":16,"enemies":"Gremlin Gang","floor":5,"turns":4},{"damage":26,"enemies":"3 Sentries","floor":6,"turns":5},{"damage":31,"enemies":"Lagavulin","floor":8,"turns":5},{"damage":11,"enemies":"Red Slaver","floor":10,"turns":3},{"damage":2,"enemies":"Blue Slaver","floor":11,"turns":2},{"damage":1,"enemies":"3 Louse","floor":12,"turns":3},{"damage":13,"enemies":"2 Fungi Beasts","floor":13,"turns":4},{"damage":64,"enemies":"Hexaghost","floor":16,"turns":9},{"damage":2,"enemies":"3 Byrds","floor":18,"turns":5},{"damage":12,"enemies":"Shell Parasite","floor":22,"turns":4},{"damage":33,"enemies":"Colosseum Slavers","floor":24,"turns":4},{"damage":8,"enemies":"Centurion and Healer","floor":25,"turns":3},{"damage":33,"enemies":"Book of Stabbing","floor":27,"turns":4},{"damage":27,"enemies":"Shelled Parasite and Fungi","floor":28,"turns":2}],"seed_played":"-8479183871803970423","potions_obtained":[{"floor":1,"key":"Regen Potion"},{"floor":2,"key":"Dexterity Potion"},{"floor":5,"key":"Explosive Potion"},{"floor":12,"key":"EntropicBrew"},{"floor":16,"key":"SpeedPotion"}],"is_trial":false,"path_per_floor":["M","M","M","M","M","E","R","E","T","M","M","M","M","?","R","B",null,"M","?","$","?","M","R","?","M","T","E","M"],"character_chosen":"IRONCLAD","items_purchased":["The Bomb","Red Skull","Thunderclap"],"campfire_rested":2,"item_purchase_floors":[20,20,20],"current_hp_per_floor":[80,80,80,73,63,43,67,42,42,37,41,46,51,51,75,17,80,80,80,80,80,74,74,47,45,45,18,0],"gold":90,"neow_bonus":"THREE_ENEMY_KILL","is_prod":false,"is_daily":false,"chose_seed":false,"campfire_upgraded":1,"win_rate":0,"timestamp":1556732345,"path_taken":["M","M","M","?","M","E","R","E","T","M","M","M","M","?","R","BOSS","M","?","$","?","M","R","?","M","T","E","M"],"build_version":"2019-01-23","purchased_purges":1,"victory":false,"max_hp_per_floor":[80,80,80,80,80,80,80,80,80,80,80,80,80,80,80,80,80,80,80,80,80,80,80,80,80,80,80,80],"card_choices":[{"not_picked":["Feel No Pain","Warcry"],"picked":"Blood for Blood","floor":1},{"not_picked":["Thunderclap","Feed"],"picked":"Pommel Strike","floor":2},{"not_picked":["Clash","Heavy Blade"],"picked":"Flex","floor":3},{"not_picked":["Reckless Charge","Battle Trance"],"picked":"Perfected Strike","floor":4},{"not_picked":["Havoc","Clash"],"picked":"Inflame","floor":5},{"not_picked":["Sword Boomerang","Offering"],"picked":"Ghostly Armor","floor":6},{"not_picked":["Headbutt","Iron Wave"],"picked":"Thunderclap","floor":8},{"not_picked":["Power Through","Fire Breathing"],"picked":"Armaments","floor":10},{"not_picked":["Thunderclap","Clothesline"],"picked":"Iron Wave","floor":11},{"not_picked":["Dropkick","Thunderclap","Twin Strike"],"picked":"SKIP","floor":12},{"not_picked":["True Grit","Clothesline"],"picked":"Sword Boomerang","floor":13},{"not_picked":["Offering","Brutality"],"picked":"Double Tap","floor":16},{"not_picked":["Fire Breathing","Wild Strike+1"],"picked":"Anger","floor":18},{"not_picked":["True Grit+1","Anger"],"picked":"Heavy Blade","floor":22},{"not_picked":["Flame Barrier+1","Fire Breathing"],"picked":"Twin Strike+1","floor":25},{"not_picked":["Battle Trance+1","True Grit+1"],"picked":"Inflame","floor":27}],"player_experience":522074,"relics_obtained":[{"floor":6,"key":"Whetstone"},{"floor":8,"key":"Ornamental Fan"},{"floor":9,"key":"Happy Flower"},{"floor":27,"key":"Ancient Tea Set"}],"event_choices":[{"damage_healed":0,"gold_gain":0,"player_choice":"Trade","damage_taken":0,"relics_obtained":["NlothsMask"],"max_hp_gain":0,"max_hp_loss":0,"event_name":"FaceTrader","floor":14,"gold_loss":0},{"damage_healed":0,"gold_gain":0,"player_choice":"Ignored","damage_taken":0,"max_hp_gain":0,"max_hp_loss":0,"event_name":"Ghosts","floor":19,"gold_loss":0},{"damage_healed":0,"gold_gain":0,"player_choice":"Ignored","damage_taken":0,"max_hp_gain":0,"max_hp_loss":0,"event_name":"Beggar","floor":21,"gold_loss":0},{"damage_healed":0,"gold_gain":0,"player_choice":"Fight","damage_taken":0,"max_hp_gain":0,"max_hp_loss":0,"event_name":"Colosseum","floor":24,"gold_loss":0},{"damage_healed":0,"gold_gain":0,"player_choice":"Fled From Nobs","damage_taken":0,"max_hp_gain":0,"max_hp_loss":0,"event_name":"Colosseum","floor":24,"gold_loss":0}],"is_beta":false,"boss_relics":[{"not_picked":["Eternal Feather","Fusion Hammer"],"picked":"Sozu"}],"items_purged_floors":[20],"is_endless":false,"potions_floor_spawned":[1,2,5,12,16,24],"killed_by":"Shelled Parasite and Fungi","ascension_level":1}