{"gold_per_floor":[114,114,70,95,114,114,148,133,159,159,177,247,247,261,261,350,350,366,36,36,36,54,54,74,99,99,133,133,159,159,175,175,246,246,260,260,278,297,308,343,343,363,411,411,443,453,58,93,93,93,93,93,93,15,50,50],"floor_reached":56,"playtime":6551,"items_purged":["Strike_G"],"score":2249,"play_id":"bdcc7d82-8675-447d-b396-60d1086a2792","local_time":"20190428225704","is_ascension_mode":true,"campfire_choices":[{"data":"Noxious Fumes","floor":6.0,"key":"SMITH"},{"floor":10.0,"key":"REST"},{"data":"Neutralize","floor":13.0,"key":"SMITH"},{"data":"Die Die Die","floor":15.0,"key":"SMITH"},{"data":"Ghostly","floor":23.0,"key":"SMITH"},{"data":"Ghostly","floor":28.0,"key":"SMITH"},{"data":"Catalyst","floor":30.0,"key":"SMITH"},{"data":"Well Laid Plans","floor":32.0,"key":"SMITH"},{"floor":41.0,"key":"RECALL"},{"data":"Blur","floor":44.0,"key":"SMITH"},{"data":"Calculated Gamble","floor":49.0,"key":"SMITH"},{"data":"Caltrops","floor":53.0,"key":"SMITH"}],"neow_cost":"TEN_PERCENT_HP_LOSS","seed_source_timestamp":0,"circlet_count":0,"master_deck":["AscendersBane","Defend_G","Defend_G+1","Defend_G","Defend_G","Defend_G+1","Strike_G","Strike_G","Strike_G","Survivor","Neutralize+1","Die Die Die+1","Catalyst+1","Noxious Fumes+1","Well Laid Plans+1","Dagger Throw","Escape Plan","Blur+1","Deflect","Calculated Gamble+1","Corpse Explosion","Dagger Spray+1","Sadistic Nature","Deadly Poison","Ghostly+1","Ghostly+1","Ghostly","PiercingWail","Escape Plan+1","Prepared+1","Burst+1","Caltrops+1","Acrobatics+1","Crippling Poison+1","Acrobatics+1","Acrobatics+1","Leg Sweep+1","PiercingWail+1","Apotheosis+1","Deflect+1","After Image","Concentrate+1"],"special_seed":0,"relics":["Ring of the Snake","Bloody Idol","War Paint","Regal Pillow","Tiny Chest","Eternal Feather","Toxic Egg 2","WingedGreaves","Vajra","Snake Skull","Sozu","Bag of Preparation","Strawberry","Lee\u0027s Waffle","Ancient Tea Set","Happy Flower"],"potions_floor_usage":[56],"damage_taken":[{"damage":0.0,"enemies":"2 Louse","floor":1.0,"turns":2.0},{"damage":8.0,"enemies":"Jaw Worm","floor":4.0,"turns":8.0},{"damage":0.0,"enemies":"Small Slimes","floor":5.0,"turns":3.0},{"damage":15.0,"enemies":"Lagavulin","floor":7.0,"turns":8.0},{"damage":14.0,"enemies":"Exordium Thugs","floor":8.0,"turns":6.0},{"damage":0.0,"enemies":"3 Louse","floor":11.0,"turns":2.0},{"damage":7.0,"enemies":"3 Sentries","floor":12.0,"turns":6.0},{"damage":1.0,"enemies":"Blue Slaver","floor":14.0,"turns":5.0},{"damage":0.0,"enemies":"Hexaghost","floor":16.0,"turns":9.0},{"damage":14.0,"enemies":"2 Thieves","floor":18.0,"turns":4.0},{"damage":1.0,"enemies":"Chosen","floor":22.0,"turns":5.0},{"damage":4.0,"enemies":"Snake Plant","floor":24.0,"turns":6.0},{"damage":1.0,"enemies":"Gremlin Leader","floor":25.0,"turns":7.0},{"damage":3.0,"enemies":"Slavers","floor":27.0,"turns":5.0},{"damage":11.0,"enemies":"3 Cultists","floor":31.0,"turns":3.0},{"damage":15.0,"enemies":"Automaton","floor":33.0,"turns":9.0},{"damage":6.0,"enemies":"3 Shapes","floor":35.0,"turns":4.0},{"damage":6.0,"enemies":"Orb Walker","floor":37.0,"turns":4.0},{"damage":10.0,"enemies":"Sphere and 2 Shapes","floor":38.0,"turns":4.0},{"damage":9.0,"enemies":"Transient","floor":39.0,"turns":6.0},{"damage":0.0,"enemies":"Giant Head","floor":40.0,"turns":6.0},{"damage":1.0,"enemies":"Jaw Worm Horde","floor":42.0,"turns":4.0},{"damage":0.0,"enemies":"Reptomancer","floor":45.0,"turns":6.0},{"damage":5.0,"enemies":"4 Shapes","floor":46.0,"turns":3.0},{"damage":0.0,"enemies":"Giant Head","floor":48.0,"turns":5.0},{"damage":2.0,"enemies":"Donu and Deca","floor":50.0,"turns":7.0},{"damage":11.0,"enemies":"Awakened One","floor":51.0,"turns":20.0},{"damage":38.0,"enemies":"Shield and Spear","floor":55.0,"turns":8.0},{"damage":11,"enemies":"The Heart","floor":56,"turns":3}],"seed_played":"-8152724472402418379","potions_obtained":[{"floor":4.0,"key":"SpeedPotion"},{"floor":5.0,"key":"Fire Potion"},{"floor":11.0,"key":"Poison Potion"},{"floor":12.0,"key":"SteroidPotion"},{"floor":22.0,"key":"Dexterity Potion"}],"is_trial":false,"path_per_floor":["M","?","$","M","M","R","E","M","T","R","M","E","R","M","R","B",null,"M","$","?","?","M","R","M","E","T","E","R","T","R","M","R","B",null,"M","?","M","M","M","E","R","M","T","R","E","M","$","E","R","B","B",null,"R","$","E","B"],"character_chosen":"THE_SILENT","items_purchased":["Noxious Fumes","Sadistic Nature","Deadly Poison","Lee\u0027s Waffle","Apotheosis+1","After Image"],"campfire_rested":1,"item_purchase_floors":[3,19,19,47,47,54],"current_hp_per_floor":[59,38,38,30,30,30,15,1,1,34,34,27,27,26,26,26,52,38,38,30,30,30,30,30,30,30,30,30,30,30,24,30,20,28,27,27,26,21,17,22,30,30,30,30,37,37,44,44,44,42,31,41,44,44,11,0],"gold":50,"neow_bonus":"THREE_RARE_CARDS","is_prod":false,"is_daily":false,"chose_seed":false,"campfire_upgraded":10,"win_rate":0,"timestamp":1556485024,"path_taken":["M","?","$","M","M","R","E","M","T","R","M","E","R","M","R","BOSS","M","$","?","?","M","R","M","E","T","E","R","?","R","M","R","BOSS","M","?","M","M","M","E","R","M","T","R","E","?","$","E","R","BOSS","BOSS","R","$","E","BOSS"],"build_version":"2019-01-23","purchased_purges":1,"victory":false,"max_hp_per_floor":[60,60,60,60,60,60,60,60,60,60,60,60,60,60,60,60,60,60,60,30,30,30,30,30,30,30,30,30,30,30,30,30,30,30,30,30,30,30,30,30,30,30,30,30,37,37,44,44,44,44,44,44,44,44,44,44],"card_choices":[{"not_picked":["Bullet Time","After Image"],"picked":"Die Die Die","floor":0.0},{"not_picked":["Underhanded Strike","Deadly Poison"],"picked":"Catalyst","floor":1.0},{"not_picked":["Reflex","Eviscerate"],"picked":"Well Laid Plans","floor":4.0},{"not_picked":["Cloak And Dagger","Tactician"],"picked":"Dagger Throw","floor":5.0},{"not_picked":["Underhanded Strike","Quick Slash"],"picked":"Escape Plan","floor":7.0},{"not_picked":["Sucker Punch","Expertise","Bane"],"picked":"SKIP","floor":8.0},{"not_picked":["Underhanded Strike","Infinite Blades"],"picked":"Blur","floor":11.0},{"not_picked":["Flechettes","Outmaneuver"],"picked":"Deflect","floor":12.0},{"not_picked":["Outmaneuver","Dagger Throw"],"picked":"Calculated Gamble","floor":14.0},{"not_picked":["Phantasmal Killer","Doppelganger"],"picked":"Corpse Explosion","floor":16.0},{"not_picked":["Bane","Sucker Punch"],"picked":"Dagger Spray+1","floor":18.0},{"not_picked":["Dagger Throw","Blur+1"],"picked":"PiercingWail","floor":22.0},{"not_picked":["Concentrate","Deflect"],"picked":"Escape Plan+1","floor":24.0},{"not_picked":["All Out Attack+1","Slice","Flying Knee"],"picked":"SKIP","floor":25.0},{"not_picked":["Backstab","Dash"],"picked":"Prepared+1","floor":27.0},{"not_picked":["Finisher","Eviscerate","Flying Knee"],"picked":"SKIP","floor":31.0},{"not_picked":["Die Die Die","Bullet Time+1"],"picked":"Burst+1","floor":33.0},{"not_picked":["Eviscerate","Tactician+1"],"picked":"Caltrops","floor":35.0},{"not_picked":["Deflect+1","Distraction+1"],"picked":"Crippling Poison+1","floor":37.0},{"not_picked":["Poisoned Stab","Finisher","Sucker Punch"],"picked":"SKIP","floor":38.0},{"not_picked":["Bane","Flying Knee"],"picked":"Acrobatics+1","floor":39.0},{"not_picked":["Expertise+1","Masterful Stab"],"picked":"Acrobatics+1","floor":40.0},{"not_picked":["Quick Slash","Crippling Poison+1"],"picked":"Leg Sweep+1","floor":42.0},{"not_picked":["Heel Hook","Caltrops"],"picked":"PiercingWail+1","floor":45.0},{"not_picked":["Terror+1","Dagger Spray+1","Underhanded Strike"],"picked":"SKIP","floor":46.0},{"not_picked":["Slice+1","Dash"],"picked":"Deflect+1","floor":48.0},{"not_picked":["Caltrops","Deflect+1"],"picked":"Concentrate+1","floor":55.0}],"player_experience":1792899,"relics_obtained":[{"floor":7.0,"key":"War Paint"},{"floor":9.0,"key":"Regal Pillow"},{"floor":12.0,"key":"Tiny Chest"},{"floor":25.0,"key":"Toxic Egg 2"},{"floor":26.0,"key":"WingedGreaves"},{"floor":27.0,"key":"Vajra"},{"floor":29.0,"key":"Snake Skull"},{"floor":40.0,"key":"Bag of Preparation"},{"floor":45.0,"key":"Strawberry"},{"floor":48.0,"key":"Ancient Tea Set"},{"floor":55.0,"key":"Happy Flower"}],"event_choices":[{"damage_healed":0.0,"max_hp_gain":0.0,"max_hp_loss":0.0,"gold_gain":0.0,"event_name":"Golden Idol","player_choice":"Take Damage","floor":2.0,"gold_loss":0.0,"damage_taken":21.0,"relics_obtained":["Golden Idol"]},{"damage_healed":0.0,"max_hp_gain":0.0,"max_hp_loss":30.0,"gold_gain":0.0,"event_name":"Ghosts","player_choice":"Became a Ghost","floor":20.0,"gold_loss":0.0,"damage_taken":0.0,"cards_obtained":["Ghostly","Ghostly","Ghostly"]},{"damage_healed":0.0,"max_hp_gain":0.0,"max_hp_loss":0.0,"gold_gain":0.0,"event_name":"Forgotten Altar","player_choice":"Gave Idol","floor":21.0,"relics_lost":["Golden Idol"],"gold_loss":0.0,"damage_taken":0.0,"relics_obtained":["Bloody Idol"]},{"damage_healed":0.0,"max_hp_gain":0.0,"max_hp_loss":0.0,"gold_gain":0.0,"cards_transformed":["Strike_G"],"event_name":"Transmorgrifier","player_choice":"Transformed","floor":36.0,"gold_loss":0.0,"damage_taken":0.0,"cards_obtained":["Acrobatics"]}],"is_beta":false,"boss_relics":[{"not_picked":["WristBlade","White Beast Statue"],"picked":"Eternal Feather"},{"not_picked":["Pandora\u0027s Box","Fusion Hammer"],"picked":"Sozu"}],"items_purged_floors":[19],"is_endless":false,"potions_floor_spawned":[4,5,11,12,22,35,37,42,46,48],"killed_by":"The Heart","ascension_level":20}