{"gold_per_floor":[10,23,23,43,53,53,82,82,82,82,82,115,135,54,54,128,128,142,142,62,80,80,80,115,127,150,169,182,182,27,42,42,121,121,136,154,179,195,195,195,195,230,281,311,311,331,342,361,361,361,361,361,16,42,42],"floor_reached":55,"playtime":4764,"items_purged":["Strike_G","Strike_G"],"score":1353,"play_id":"a338a1b1-3046-4d19-851f-31551e91449b","local_time":"20190504200302","is_ascension_mode":true,"campfire_choices":[{"data":"Neutralize","floor":6,"key":"SMITH"},{"floor":8,"key":"REST"},{"floor":11,"key":"REST"},{"data":"Adrenaline","floor":15,"key":"SMITH"},{"floor":23,"key":"REST"},{"floor":29,"key":"REST"},{"floor":32,"key":"REST"},{"floor":40,"key":"REST"},{"floor":45,"key":"REST"},{"floor":49,"key":"RECALL"},{"floor":52,"key":"REST"}],"neow_cost":"NO_GOLD","seed_source_timestamp":536249696808795,"circlet_count":0,"master_deck":["AscendersBane","Defend_G","Defend_G","Defend_G","Defend_G","Defend_G","Strike_G","Strike_G","Strike_G","Survivor","Neutralize+1","Flying Knee","Dagger Throw","Adrenaline+1","Backstab","PiercingWail","Dash+1","Die Die Die+1","Infinite Blades+1","Backflip+1","Well Laid Plans+1","Blade Dance","Leg Sweep","Footwork+1","Terror","Corpse Explosion","Dodge and Roll","Blade Dance","Parasite","Adrenaline","Flash of Steel+1","Endless Agony+1","Finisher+1","Infinite Blades+1"],"relics":["Ring of the Snake","Singing Bowl","Sundial","Shuriken","Molten Egg 2","WristBlade","Frozen Egg 2","Snake Skull","Philosopher\u0027s Stone","Regal Pillow","Darkstone Periapt","Boot","Lantern","Orichalcum"],"potions_floor_usage":[16,16,24,27,36,42,50,50,54,55],"damage_taken":[{"damage":12,"enemies":"Small Slimes","floor":1,"turns":8},{"damage":0,"enemies":"Jaw Worm","floor":2,"turns":5},{"damage":2,"enemies":"Cultist","floor":4,"turns":4},{"damage":15,"enemies":"Gremlin Gang","floor":5,"turns":4},{"damage":32,"enemies":"3 Sentries","floor":7,"turns":11},{"damage":7,"enemies":"Gremlin Nob","floor":12,"turns":3},{"damage":6,"enemies":"Exordium Thugs","floor":13,"turns":3},{"damage":19,"enemies":"The Guardian","floor":16,"turns":12},{"damage":13,"enemies":"2 Thieves","floor":18,"turns":3},{"damage":11,"enemies":"Shell Parasite","floor":21,"turns":4},{"damage":0,"enemies":"Gremlin Leader","floor":24,"turns":5},{"damage":2,"enemies":"Centurion and Healer","floor":25,"turns":5},{"damage":15,"enemies":"Sentry and Sphere","floor":27,"turns":4},{"damage":15,"enemies":"Snake Plant","floor":28,"turns":5},{"damage":15,"enemies":"Cultist and Chosen","floor":31,"turns":6},{"damage":34,"enemies":"Collector","floor":33,"turns":8},{"damage":0,"enemies":"3 Shapes","floor":35,"turns":5},{"damage":0,"enemies":"3 Darklings","floor":36,"turns":2},{"damage":14,"enemies":"Writhing Mass","floor":38,"turns":7},{"damage":16,"enemies":"Reptomancer","floor":42,"turns":6},{"damage":18,"enemies":"Giant Head","floor":44,"turns":7},{"damage":24,"enemies":"Spire Growth","floor":46,"turns":4},{"damage":0,"enemies":"3 Darklings","floor":47,"turns":1},{"damage":0,"enemies":"Maw","floor":48,"turns":5},{"damage":60,"enemies":"Awakened One","floor":50,"turns":10},{"damage":60,"enemies":"Shield and Spear","floor":54,"turns":4},{"damage":48,"enemies":"The Heart","floor":55,"turns":2}],"seed_played":"-7395915407396958541","potions_obtained":[{"floor":1,"key":"PowerPotion"},{"floor":12,"key":"Swift Potion"},{"floor":13,"key":"SkillPotion"},{"floor":18,"key":"Ancient Potion"},{"floor":21,"key":"AttackPotion"},{"floor":33,"key":"Block Potion"},{"floor":38,"key":"EssenceOfSteel"},{"floor":46,"key":"SpeedPotion"},{"floor":48,"key":"Weak Potion"}],"is_trial":false,"path_per_floor":["M","M","?","M","M","R","E","R","T","T","R","E","M","$","R","B",null,"M","?","$","M","?","R","E","M","T","M","M","R","$","M","R","B",null,"M","M","T","M","?","R","?","E","T","E","R","M","M","M","R","B",null,"R","$","E","B"],"character_chosen":"THE_SILENT","items_purchased":["Dash+1","Infinite Blades","Footwork+1","Lantern","Dexterity Potion","Weak Potion"],"campfire_rested":8,"item_purchase_floors":[14,20,30,53,53,53],"current_hp_per_floor":[59,59,59,57,42,42,10,33,33,33,56,49,45,45,45,26,67,56,56,56,45,45,69,69,67,67,52,39,64,64,49,74,40,73,73,73,73,59,53,88,84,68,68,50,84,60,62,64,64,4,67,88,88,30,0],"gold":42,"neow_bonus":"TWENTY_PERCENT_HP_BONUS","is_prod":false,"is_daily":false,"chose_seed":false,"campfire_upgraded":2,"win_rate":0,"timestamp":1557014582,"path_taken":["M","M","?","M","M","R","E","R","T","?","R","E","M","$","R","BOSS","M","?","$","M","?","R","E","M","T","M","M","R","$","?","R","BOSS","M","?","?","M","?","R","?","E","T","E","R","M","M","M","R","BOSS","R","$","E","BOSS"],"build_version":"2019-01-23","purchased_purges":2,"victory":false,"max_hp_per_floor":[78,78,78,78,78,78,78,78,78,78,78,78,80,80,80,80,80,82,82,82,82,82,82,82,82,82,82,84,84,84,84,84,84,84,84,84,84,84,88,88,84,84,84,84,84,84,86,88,88,88,88,88,88,90,90],"card_choices":[{"not_picked":["Concentrate","Sucker Punch","Acrobatics"],"picked":"SKIP","floor":1},{"not_picked":["PiercingWail","Bouncing Flask"],"picked":"Flying Knee","floor":2},{"not_picked":["Quick Slash","Poisoned Stab"],"picked":"Dagger Throw","floor":4},{"not_picked":["Deflect","Concentrate"],"picked":"Adrenaline","floor":5},{"not_picked":["Dagger Spray","Underhanded Strike"],"picked":"Backstab","floor":7},{"not_picked":["Choke","Quick Slash"],"picked":"PiercingWail","floor":12},{"not_picked":["Prepared","Concentrate","Calculated Gamble"],"picked":"Singing Bowl","floor":13},{"not_picked":["Unload+1","Wraith Form v2"],"picked":"Die Die Die+1","floor":16},{"not_picked":["Outmaneuver","Bane+1","Flying Knee+1"],"picked":"Singing Bowl","floor":18},{"not_picked":["Reflex","Deflect"],"picked":"Backflip+1","floor":21},{"not_picked":["Catalyst","Dodge and Roll"],"picked":"Well Laid Plans","floor":24},{"not_picked":["Deflect+1","Quick Slash+1"],"picked":"Blade Dance","floor":25},{"not_picked":["Flying Knee+1","Acrobatics"],"picked":"Leg Sweep","floor":27},{"not_picked":["Quick Slash+1","Outmaneuver","Sucker Punch+1"],"picked":"Singing Bowl","floor":28},{"not_picked":["Accuracy+1","PiercingWail"],"picked":"Terror","floor":31},{"not_picked":["Malaise","Die Die Die+1"],"picked":"Corpse Explosion","floor":33},{"not_picked":["Deadly Poison","Expertise"],"picked":"Dodge and Roll","floor":35},{"not_picked":["Backflip","Quick Slash+1"],"picked":"Blade Dance","floor":36},{"not_picked":["Dagger Throw+1","Poisoned Stab+1"],"picked":"Adrenaline","floor":38},{"not_picked":["Panacea","Discovery"],"picked":"Flash of Steel+1","floor":39},{"not_picked":["Trip","Swift Strike+1","Jack Of All Trades"],"picked":"Singing Bowl","floor":39},{"not_picked":["Panacea","Thinking Ahead","Forethought"],"picked":"Singing Bowl","floor":39},{"not_picked":["Outmaneuver","All Out Attack+1"],"picked":"Endless Agony+1","floor":42},{"not_picked":["Deflect","Outmaneuver+1"],"picked":"Finisher+1","floor":44},{"not_picked":["Endless Agony+1","All Out Attack+1"],"picked":"Infinite Blades+1","floor":46},{"not_picked":["Concentrate","Deflect","Crippling Poison"],"picked":"Singing Bowl","floor":47},{"not_picked":["Sucker Punch+1","Eviscerate+1","Dagger Throw+1"],"picked":"Singing Bowl","floor":48},{"not_picked":["Setup","Sucker Punch+1","Reflex"],"picked":"Singing Bowl","floor":54}],"player_experience":903898,"relics_obtained":[{"floor":7,"key":"Singing Bowl"},{"floor":9,"key":"Sundial"},{"floor":10,"key":"Shuriken"},{"floor":12,"key":"Molten Egg 2"},{"floor":24,"key":"Frozen Egg 2"},{"floor":26,"key":"Snake Skull"},{"floor":37,"key":"Regal Pillow"},{"floor":42,"key":"Darkstone Periapt"},{"floor":44,"key":"Boot"},{"floor":54,"key":"Orichalcum"}],"event_choices":[{"damage_healed":0,"gold_gain":0,"player_choice":"Leave","damage_taken":0,"max_hp_gain":0,"max_hp_loss":0,"event_name":"The Cleric","floor":3,"gold_loss":0},{"damage_healed":0,"gold_gain":0,"player_choice":"Ignored","damage_taken":0,"max_hp_gain":0,"max_hp_loss":0,"event_name":"Cursed Tome","floor":19,"gold_loss":0},{"damage_healed":0,"gold_gain":0,"player_choice":"Forge","damage_taken":0,"max_hp_gain":0,"max_hp_loss":0,"event_name":"Accursed Blacksmith","floor":22,"gold_loss":0,"cards_upgraded":["Infinite Blades"]},{"damage_healed":0,"gold_gain":0,"player_choice":"Memory 3","damage_taken":10,"max_hp_gain":0,"max_hp_loss":0,"event_name":"SensoryStone","floor":39,"gold_loss":0},{"damage_healed":0,"gold_gain":0,"player_choice":"Max HP","damage_taken":0,"max_hp_gain":0,"max_hp_loss":4,"event_name":"Winding Halls","floor":41,"gold_loss":0}],"is_beta":false,"boss_relics":[{"not_picked":["Lizard Tail","Tiny House"],"picked":"WristBlade"},{"not_picked":["Pandora\u0027s Box","Astrolabe"],"picked":"Philosopher\u0027s Stone"}],"items_purged_floors":[30,53],"is_endless":false,"potions_floor_spawned":[1,12,13,18,21,33,38,46,48],"killed_by":"The Heart","ascension_level":15}