{"gold_per_floor":[117,5,21,96,112,112,122,141,141,141,152,152,169,169,169,266,266,279,289,308,308,10,10,22,42,87,112,112,130,130,144,144,247,247,266,278,1277,1277,673,673,294,313,339,355,355,355,366,366,366,366],"floor_reached":51,"playtime":1739,"items_purged":["Normality","Normality"],"score":838,"play_id":"6a1bc294-2b56-4e7f-9c00-11a663da1a65","local_time":"20190503210523","is_ascension_mode":false,"campfire_choices":[{"data":"Capacitor","floor":6,"key":"SMITH"},{"data":"Glacier","floor":10,"key":"SMITH"},{"floor":15,"key":"REST"},{"floor":28,"key":"REST"},{"floor":30,"key":"REST"},{"floor":32,"key":"REST"},{"data":"Skim","floor":40,"key":"SMITH"},{"floor":45,"key":"REST"},{"data":"Amplify","floor":49,"key":"SMITH"}],"neow_cost":"NONE","seed_source_timestamp":4002938884358612,"circlet_count":0,"master_deck":["Strike_B+1","Strike_B+1","Strike_B+1","Defend_B+1","Defend_B+1","Defend_B+1","Defend_B+1","Zap","Dualcast","Ball Lightning","Glacier+1","Capacitor+1","Cold Snap","Cold Snap","Conserve Battery","Capacitor+1","Defragment+1","Core Surge","Glacier","Compile Driver","Conserve Battery","BootSequence","Cold Snap","Loop+1","Turbo","Defragment+1","Defragment+1","Compile Driver","Defragment+1","Ball Lightning+1","Coolheaded","Buffer+1","Coolheaded","Skim+1","Coolheaded","Amplify+1","Turbo+1","Force Field"],"relics":["Cracked Core","Frozen Egg 2","Sundial","Orrery","DollysMirror","Oddly Smooth Stone","Dodecahedron","Nuclear Battery","DataDisk","Anchor","Chemical X","Vajra","Ancient Tea Set"],"potions_floor_usage":[8,24,27,50,50,50],"damage_taken":[{"damage":0,"enemies":"Cultist","floor":1,"turns":2},{"damage":4,"enemies":"Small Slimes","floor":3,"turns":3},{"damage":0,"enemies":"2 Louse","floor":5,"turns":3},{"damage":13,"enemies":"Blue Slaver","floor":7,"turns":3},{"damage":0,"enemies":"Looter","floor":8,"turns":2},{"damage":6,"enemies":"Gremlin Gang","floor":11,"turns":6},{"damage":8,"enemies":"2 Fungi Beasts","floor":13,"turns":4},{"damage":2,"enemies":"The Guardian","floor":16,"turns":10},{"damage":0,"enemies":"Chosen","floor":18,"turns":6},{"damage":1,"enemies":"Shell Parasite","floor":19,"turns":8},{"damage":7,"enemies":"Shelled Parasite and Fungi","floor":20,"turns":7},{"damage":3,"enemies":"3 Cultists","floor":24,"turns":8},{"damage":8,"enemies":"Sentry and Sphere","floor":25,"turns":7},{"damage":28,"enemies":"Slavers","floor":27,"turns":12},{"damage":0,"enemies":"Centurion and Healer","floor":29,"turns":10},{"damage":0,"enemies":"Chosen and Byrds","floor":31,"turns":9},{"damage":0,"enemies":"Champ","floor":33,"turns":10},{"damage":0,"enemies":"3 Shapes","floor":35,"turns":5},{"damage":0,"enemies":"Orb Walker","floor":36,"turns":5},{"damage":4,"enemies":"Sphere and 2 Shapes","floor":42,"turns":6},{"damage":0,"enemies":"3 Darklings","floor":44,"turns":6},{"damage":0,"enemies":"4 Shapes","floor":47,"turns":6},{"damage":0,"enemies":"Donu and Deca","floor":50,"turns":8}],"seed_played":"37754301286529617","potions_obtained":[{"floor":1,"key":"Weak Potion"},{"floor":5,"key":"Energy Potion"},{"floor":7,"key":"SkillPotion"},{"floor":13,"key":"Swift Potion"},{"floor":24,"key":"PowerPotion"},{"floor":27,"key":"Swift Potion"}],"is_trial":false,"path_per_floor":["M","$","M","?","M","R","M","M","T","R","M","?","M","?","R","B",null,"M","M","M","?","$","?","M","M","T","E","R","M","R","M","R","B",null,"M","M","?","?","$","R","$","M","T","M","R","?","M","?","R","B",null],"character_chosen":"DEFECT","items_purchased":["Capacitor","FocusPotion","Defragment+1","DollysMirror","Compile Driver","DataDisk","Anchor","Skim","Chemical X","Vajra","EntropicBrew","Coolheaded"],"campfire_rested":5,"item_purchase_floors":[2,2,22,22,22,39,39,39,39,41,41,41],"current_hp_per_floor":[75,75,71,60,60,60,47,47,47,47,41,41,33,15,37,35,75,75,74,67,67,67,67,64,56,56,28,50,50,72,72,75,75,75,75,75,75,75,75,75,75,71,71,71,75,75,75,75,75,75],"gold":366,"neow_bonus":"THREE_CARDS","is_prod":false,"is_daily":false,"chose_seed":false,"campfire_upgraded":4,"win_rate":0,"timestamp":1556913923,"path_taken":["M","$","M","?","M","R","M","M","T","R","M","?","M","?","R","BOSS","M","M","M","?","$","?","M","M","T","E","R","M","R","M","R","BOSS","M","?","?","?","$","R","$","M","T","M","R","?","M","?","R","BOSS"],"build_version":"2019-01-23","purchased_purges":2,"victory":true,"max_hp_per_floor":[75,75,75,75,75,75,75,75,75,75,75,75,75,75,75,75,75,75,75,75,75,75,75,75,75,75,75,75,75,75,75,75,75,75,75,75,75,75,75,75,75,75,75,75,75,75,75,75,75,75],"card_choices":[{"not_picked":["Capacitor","Compile Driver"],"picked":"Ball Lightning","floor":0},{"not_picked":["Doom and Gloom","Blizzard"],"picked":"Glacier","floor":1},{"not_picked":["Doom and Gloom","Barrage"],"picked":"Cold Snap","floor":3},{"not_picked":["Hologram","Streamline"],"picked":"Cold Snap","floor":5},{"not_picked":["Gash","Sunder","Sweeping Beam"],"picked":"SKIP","floor":7},{"not_picked":["Lockon","Compile Driver"],"picked":"Conserve Battery","floor":8},{"not_picked":["Buffer+1","Cold Snap"],"picked":"Capacitor+1","floor":11},{"not_picked":["Steam","Reinforced Body"],"picked":"Defragment+1","floor":13},{"not_picked":["Reboot","Seek"],"picked":"Core Surge","floor":16},{"not_picked":["Reboot","Consume"],"picked":"Glacier","floor":17},{"not_picked":["Fusion","Hologram"],"picked":"Compile Driver","floor":17},{"not_picked":["Chaos","Auto Shields"],"picked":"Conserve Battery","floor":17},{"not_picked":["Lockon","Ball Lightning"],"picked":"BootSequence","floor":17},{"not_picked":["Conserve Battery","Scrape"],"picked":"Cold Snap","floor":18},{"not_picked":["Steam","Barrage"],"picked":"Loop+1","floor":19},{"not_picked":["Gash","Redo"],"picked":"Turbo","floor":20},{"not_picked":["Compile Driver","Stack","Melter+1"],"picked":"SKIP","floor":24},{"not_picked":["Go for the Eyes","Coolheaded"],"picked":"Defragment+1","floor":25},{"not_picked":["Blizzard","Stack","Compile Driver+1"],"picked":"SKIP","floor":27},{"not_picked":["Lockon+1","Darkness"],"picked":"Ball Lightning+1","floor":29},{"not_picked":["Seek","Consume"],"picked":"Coolheaded","floor":31},{"not_picked":["Machine Learning+1","All For One"],"picked":"Buffer+1","floor":33},{"not_picked":["Hologram","Ball Lightning+1","Beam Cell"],"picked":"SKIP","floor":35},{"not_picked":["Sweeping Beam","Storm+1"],"picked":"Coolheaded","floor":36},{"not_picked":["Go for the Eyes+1","Compile Driver"],"picked":"Amplify","floor":42},{"not_picked":["Capacitor+1","Self Repair+1"],"picked":"Turbo+1","floor":44},{"not_picked":["Sweeping Beam","Gash+1"],"picked":"Force Field","floor":47}],"player_experience":804769,"relics_obtained":[{"floor":9,"key":"Frozen Egg 2"},{"floor":26,"key":"Oddly Smooth Stone"},{"floor":27,"key":"Dodecahedron"},{"floor":43,"key":"Ancient Tea Set"}],"event_choices":[{"damage_healed":0,"gold_gain":75,"player_choice":"Gather Gold","damage_taken":11,"max_hp_gain":0,"max_hp_loss":0,"event_name":"World of Goop","floor":4,"gold_loss":0},{"damage_healed":0,"gold_gain":0,"player_choice":"Ignored","damage_taken":0,"max_hp_gain":0,"max_hp_loss":0,"event_name":"Liars Game","floor":12,"gold_loss":0},{"damage_healed":0,"gold_gain":0,"player_choice":"Success","damage_taken":18,"relics_obtained":["Sundial"],"max_hp_gain":0,"max_hp_loss":0,"event_name":"Scrap Ooze","floor":14,"gold_loss":0},{"damage_healed":0,"gold_gain":0,"player_choice":"Simplicity","damage_taken":0,"max_hp_gain":0,"max_hp_loss":0,"event_name":"Back to Basics","floor":21,"gold_loss":0,"cards_upgraded":["Strike_B","Strike_B","Strike_B","Strike_B","Defend_B","Defend_B","Defend_B","Defend_B"]},{"damage_healed":0,"gold_gain":0,"player_choice":"Ignored","damage_taken":0,"max_hp_gain":0,"max_hp_loss":0,"event_name":"Transmorgrifier","floor":23,"gold_loss":0},{"damage_healed":0,"gold_gain":999,"player_choice":"Gold","damage_taken":0,"max_hp_gain":0,"max_hp_loss":0,"event_name":"MindBloom","floor":37,"gold_loss":0,"cards_obtained":["Normality","Normality"]},{"damage_healed":0,"gold_gain":0,"player_choice":"Ignored","damage_taken":0,"max_hp_gain":0,"max_hp_loss":0,"event_name":"Mysterious Sphere","floor":38,"gold_loss":0},{"cards_removed":["Strike_B"],"damage_healed":0,"gold_gain":0,"player_choice":"Removed Attack","damage_taken":0,"max_hp_gain":0,"max_hp_loss":0,"event_name":"Falling","floor":46,"gold_loss":0},{"damage_healed":0,"gold_gain":0,"player_choice":"Memory 1","damage_taken":0,"max_hp_gain":0,"max_hp_loss":0,"event_name":"SensoryStone","floor":48,"gold_loss":0}],"is_beta":false,"boss_relics":[{"not_picked":["Fusion Hammer","Runic Pyramid"],"picked":"Orrery"},{"not_picked":["Eternal Feather","Coffee Dripper"],"picked":"Nuclear Battery"}],"items_purged_floors":[39,41],"is_endless":false,"potions_floor_spawned":[1,5,7,13,19,24,25,27,44,47],"ascension_level":0}