{"gold_per_floor":[112,112,129,147,159,189,189,207,232,232,42,42,70,22,22,126,126,138,138,149,129,140,156,156,156,156,156,169,185,213,15,15,115,165,178,178,178,103,115,115,135,135,135,150,166,166,176,176],"floor_reached":48,"playtime":4947,"items_purged":[],"score":489,"play_id":"3266f018-5bd2-4c2f-9c34-e1a36e6f911f","local_time":"20181209203854","is_ascension_mode":false,"campfire_choices":[{"floor":10.0,"key":"REST"},{"data":"Transmutation","floor":12.0,"key":"SMITH"},{"data":"After Image","floor":15.0,"key":"SMITH"},{"floor":24.0,"key":"REST"},{"data":"Envenom","floor":27.0,"key":"SMITH"},{"floor":32.0,"key":"REST"},{"floor":40.0,"key":"REST"},{"floor":42.0,"key":"REST"}],"neow_cost":"NONE","seed_source_timestamp":0,"circlet_count":0,"master_deck":["Defend_G","Defend_G+1","Defend_G","Defend_G","Defend_G","Strike_G","Strike_G","Strike_G","Strike_G","Strike_G","Survivor","Neutralize","Escape Plan","Backstab","Poisoned Stab","Blade Dance","Crippling Poison","After Image+1","Neutralize","PiercingWail","Transmutation+1","Bane","Envenom+1","Poisoned Stab","Bouncing Flask+1","Cloak And Dagger","Slice","Backstab","Cloak And Dagger","All Out Attack","Die Die Die","Choke+1","Flying Knee","Madness","Madness","Backstab","Parasite","Poisoned Stab","Bane+1","Bullet Time"],"special_seed":0,"relics":["Ring of the Snake","NeowsBlessing","Pen Nib","Anchor","Happy Flower","WristBlade","Smiling Mask","Juzu Bracelet","Chemical X","Tiny House","Mummified Hand"],"potions_floor_usage":[48,48],"damage_taken":[{"damage":0.0,"enemies":"Jaw Worm","floor":1.0,"turns":1.0},{"damage":0.0,"enemies":"Cultist","floor":3.0,"turns":1.0},{"damage":0.0,"enemies":"2 Louse","floor":4.0,"turns":1.0},{"damage":6.0,"enemies":"Red Slaver","floor":5.0,"turns":6.0},{"damage":13.0,"enemies":"Lagavulin","floor":6.0,"turns":6.0},{"damage":1.0,"enemies":"3 Louse","floor":8.0,"turns":3.0},{"damage":5.0,"enemies":"3 Sentries","floor":13.0,"turns":8.0},{"damage":26.0,"enemies":"Slime Boss","floor":16.0,"turns":14.0},{"damage":42.0,"enemies":"3 Byrds","floor":18.0,"turns":7.0},{"damage":10.0,"enemies":"Shell Parasite","floor":20.0,"turns":5.0},{"damage":6.0,"enemies":"Shelled Parasite and Fungi","floor":22.0,"turns":5.0},{"damage":4.0,"enemies":"Centurion and Healer","floor":23.0,"turns":7.0},{"damage":0.0,"enemies":"Snake Plant","floor":28.0,"turns":3.0},{"damage":4.0,"enemies":"Cultist and Chosen","floor":29.0,"turns":5.0},{"damage":11.0,"enemies":"Book of Stabbing","floor":30.0,"turns":5.0},{"damage":38.0,"enemies":"Champ","floor":33.0,"turns":10.0},{"damage":36.0,"enemies":"3 Darklings","floor":35.0,"turns":7.0},{"damage":1.0,"enemies":"Orb Walker","floor":39.0,"turns":2.0},{"damage":0.0,"enemies":"Sphere and 2 Shapes","floor":41.0,"turns":3.0},{"damage":14.0,"enemies":"Writhing Mass","floor":44.0,"turns":5.0},{"damage":5.0,"enemies":"Jaw Worm Horde","floor":45.0,"turns":3.0},{"damage":8.0,"enemies":"Maw","floor":47.0,"turns":6.0},{"damage":48,"enemies":"4 Shapes","floor":48,"turns":3}],"seed_played":"-8738683685923999567","potions_obtained":[{"floor":1.0,"key":"Strength Potion"},{"floor":2.0,"key":"SkillPotion"},{"floor":2.0,"key":"Dexterity Potion"},{"floor":6.0,"key":"Ancient Potion"},{"floor":20.0,"key":"Fire Potion"},{"floor":21.0,"key":"Strength Potion"},{"floor":28.0,"key":"FearPotion"},{"floor":33.0,"key":"Ancient Potion"},{"floor":34.0,"key":"GhostInAJar"},{"floor":41.0,"key":"SpeedPotion"}],"is_trial":false,"path_per_floor":["M","?","M","M","M","E","?","M","T","R","$","R","E","$","R","B",null,"M","?","M","?","M","M","R","?","T","R","M","M","E","$","R","B",null,"M","?","?","$","M","R","M","R","T","M","M","?","M","M","M"],"character_chosen":"THE_SILENT","items_purchased":["Transmutation","Bane","Chemical X","Backstab"],"campfire_rested":5,"item_purchase_floors":[11,14,31,38],"current_hp_per_floor":[70,70,70,70,64,51,51,50,50,70,70,70,65,65,65,39,70,28,70,60,60,54,50,70,70,70,70,70,66,55,55,70,32,75,39,39,30,30,29,51,51,73,73,59,54,54,46,0],"gold":176,"neow_bonus":"THREE_ENEMY_KILL","is_prod":false,"is_daily":false,"chose_seed":false,"campfire_upgraded":3,"win_rate":0.0,"timestamp":1544416734,"path_taken":["M","?","?","M","M","E","?","M","T","R","$","R","E","?","R","BOSS","M","?","?","?","M","?","R","?","T","R","M","M","E","?","R","BOSS","M","?","?","?","M","R","M","R","T","M","M","?","M","M"],"build_version":"2018-12-06","purchased_purges":0,"victory":false,"max_hp_per_floor":[70,70,70,70,70,70,70,70,70,70,70,70,70,70,70,70,70,70,70,70,70,70,70,70,70,70,70,70,70,70,70,70,70,75,75,75,75,75,75,75,75,75,75,75,75,75,75,75],"card_choices":[{"not_picked":["Blur","Distraction"],"picked":"Escape Plan","floor":1.0},{"not_picked":["Catalyst","Riddle With Holes"],"picked":"Backstab","floor":3.0},{"not_picked":["Concentrate","Expertise"],"picked":"Poisoned Stab","floor":4.0},{"not_picked":["Leg Sweep","PiercingWail"],"picked":"Blade Dance","floor":5.0},{"not_picked":["Predator","Dagger Spray"],"picked":"Crippling Poison","floor":6.0},{"not_picked":["Wraith Form v2","Dodge and Roll"],"picked":"PiercingWail","floor":8.0},{"not_picked":["Flying Knee","Caltrops"],"picked":"Riddle With Holes","floor":13.0},{"not_picked":["Tools of the Trade","Wraith Form v2"],"picked":"Envenom","floor":16.0},{"not_picked":["Dagger Throw","Outmaneuver"],"picked":"Poisoned Stab","floor":18.0},{"not_picked":["Prepared","Dodge and Roll"],"picked":"Bouncing Flask+1","floor":20.0},{"not_picked":["Dagger Throw","Tactician"],"picked":"Cloak And Dagger","floor":22.0},{"not_picked":["Footwork+1","Riddle With Holes"],"picked":"Slice","floor":23.0},{"not_picked":["Sucker Punch","Backflip","Dodge and Roll"],"picked":"SKIP","floor":28.0},{"not_picked":["Finisher","PiercingWail"],"picked":"Cloak And Dagger","floor":29.0},{"not_picked":["Backflip+1","Bullet Time"],"picked":"All Out Attack","floor":30.0},{"not_picked":["Malaise","Burst"],"picked":"Die Die Die","floor":33.0},{"not_picked":["Dodge and Roll","Poisoned Stab"],"picked":"Choke+1","floor":34.0},{"not_picked":["Footwork+1","PiercingWail+1"],"picked":"Flying Knee","floor":35.0},{"not_picked":["Dodge and Roll+1","All Out Attack","Heel Hook"],"picked":"SKIP","floor":39.0},{"not_picked":["Underhanded Strike+1","Accuracy+1","Dodge and Roll"],"picked":"SKIP","floor":41.0},{"not_picked":["Cloak And Dagger","After Image"],"picked":"Poisoned Stab","floor":44.0},{"not_picked":["Eviscerate+1","Dodge and Roll+1"],"picked":"Bane","floor":45.0},{"not_picked":["Flying Knee","Backflip"],"picked":"Bullet Time","floor":47}],"player_experience":182392,"relics_obtained":[{"floor":6.0,"key":"Pen Nib"},{"floor":9.0,"key":"Anchor"},{"floor":13.0,"key":"Happy Flower"},{"floor":26.0,"key":"Smiling Mask"},{"floor":30.0,"key":"Juzu Bracelet"},{"floor":43.0,"key":"Mummified Hand"}],"event_choices":[{"damage_healed":0.0,"max_hp_gain":0.0,"max_hp_loss":0.0,"gold_gain":0.0,"event_name":"Lab","player_choice":"Got Potions","floor":2.0,"gold_loss":0.0,"damage_taken":0.0},{"damage_healed":0.0,"max_hp_gain":0.0,"max_hp_loss":0.0,"gold_gain":0.0,"event_name":"Match and Keep!","player_choice":"2 cards matched","floor":7.0,"gold_loss":0.0,"damage_taken":0.0,"cards_obtained":["After Image","Neutralize"]},{"damage_healed":0.0,"max_hp_gain":0.0,"max_hp_loss":0.0,"gold_gain":0.0,"event_name":"Match and Keep!","player_choice":"2 cards matched","floor":7.0,"gold_loss":0.0,"damage_taken":0.0,"cards_obtained":["After Image","Neutralize"]},{"cards_removed":["Riddle With Holes"],"damage_healed":42.0,"max_hp_gain":0.0,"max_hp_loss":0.0,"gold_gain":0.0,"event_name":"Bonfire Elementals","player_choice":"Offered Uncommon","floor":19.0,"gold_loss":0.0,"damage_taken":0.0},{"damage_healed":0.0,"max_hp_gain":0.0,"max_hp_loss":0.0,"gold_gain":0.0,"event_name":"The Woman in Blue","player_choice":"Bought 1 Potion","floor":21.0,"gold_loss":0.0,"damage_taken":0.0},{"damage_healed":0.0,"max_hp_gain":0.0,"max_hp_loss":0.0,"gold_gain":0.0,"event_name":"Duplicator","player_choice":"Copied","floor":25.0,"gold_loss":0.0,"damage_taken":0.0,"cards_obtained":["Backstab"]},{"damage_healed":0.0,"max_hp_gain":0.0,"max_hp_loss":0.0,"gold_gain":0.0,"event_name":"Mysterious Sphere","player_choice":"Ignored","floor":36.0,"gold_loss":0.0,"damage_taken":0.0},{"damage_healed":0.0,"max_hp_gain":0.0,"max_hp_loss":0.0,"gold_gain":0.0,"event_name":"Winding Halls","player_choice":"Embrace Madness","floor":37.0,"gold_loss":0.0,"damage_taken":9.0,"cards_obtained":["Madness","Madness"]},{"damage_healed":0.0,"max_hp_gain":0.0,"max_hp_loss":0.0,"gold_gain":0.0,"event_name":"Accursed Blacksmith","player_choice":"Forge","floor":46.0,"gold_loss":0.0,"damage_taken":0.0,"cards_upgraded":["Bane"]}],"is_beta":false,"boss_relics":[{"not_picked":["Runic Pyramid","Cursed Key"],"picked":"WristBlade"},{"not_picked":["Fusion Hammer","Snecko Eye"],"picked":"Tiny House"}],"items_purged_floors":[],"is_endless":false,"potions_floor_spawned":[1,4,5,6,20,28,33,41],"killed_by":"4 Shapes","ascension_level":0}