{"gold_per_floor":[114,12,12,12,12,42,42,57,82,82,97,47,47,62,62,162,162,177,92,191,206,206,236,236,251,301,301],"floor_reached":27,"playtime":768,"items_purged":[],"score":229,"play_id":"3b162bf8-2b9f-414d-9aab-900f8aa8c07b","local_time":"20190320191313","daily_mods":["Heirloom","Vintage","Terminal"],"is_ascension_mode":false,"campfire_choices":[{"data":"Static Discharge","floor":10,"key":"SMITH"},{"data":"Redo","floor":13,"key":"SMITH"},{"data":"Zap","floor":15,"key":"SMITH"},{"floor":24,"key":"REST"}],"neow_cost":"","seed_source_timestamp":160484940376465,"circlet_count":0,"master_deck":["Strike_B+1","Strike_B+1","Strike_B+1","Strike_B+1","Defend_B+1","Defend_B+1","Defend_B+1","Zap+1","Dualcast","Static Discharge+1","Redo+1","Reinforced Body","Parasite","Reboot","Tempest"],"special_seed":17976,"relics":["Cracked Core","Calipers","Pantograph","PreservedInsect","Bottled Lightning","Bronze Scales","Bag of Marbles","Mummified Hand","Inserter","Dream Catcher","Pen Nib","Molten Egg 2","Darkstone Periapt","Letter Opener","Happy Flower"],"potions_floor_usage":[6,14,18,21],"damage_taken":[{"damage":1,"enemies":"Jaw Worm","floor":1,"turns":4},{"damage":18,"enemies":"3 Sentries","floor":6,"turns":6},{"damage":3,"enemies":"Small Slimes","floor":8,"turns":3},{"damage":0,"enemies":"2 Louse","floor":11,"turns":3},{"damage":0,"enemies":"Large Slime","floor":14,"turns":5},{"damage":33,"enemies":"Hexaghost","floor":16,"turns":9},{"damage":10,"enemies":"Shell Parasite","floor":18,"turns":4},{"damage":16,"enemies":"3 Byrds","floor":21,"turns":4},{"damage":20,"enemies":"Slavers","floor":23,"turns":4},{"damage":14,"enemies":"Centurion and Healer","floor":25,"turns":7},{"damage":17,"enemies":"Gremlin Leader","floor":27,"turns":3}],"seed_played":"4738383514283447290","potions_obtained":[{"floor":1,"key":"Strength Potion"},{"floor":11,"key":"Strength Potion"},{"floor":16,"key":"PowerPotion"},{"floor":18,"key":"AttackPotion"}],"is_trial":false,"path_per_floor":["M","$","?","?","$","E","?","M","T","R","M","?","R","M","R","B",null,"M","?","?","M","?","E","R","M","T","E"],"character_chosen":"DEFECT","items_purchased":["Static Discharge","Redo"],"campfire_rested":1,"item_purchase_floors":[2,2],"current_hp_per_floor":[73,72,71,70,69,51,67,64,64,64,63,62,61,60,59,26,57,47,47,47,31,31,11,26,12,12,0],"gold":301,"neow_bonus":"","is_prod":false,"is_daily":true,"chose_seed":false,"campfire_upgraded":3,"win_rate":0,"timestamp":1553134393,"path_taken":["M","$","?","?","?","E","?","M","T","R","M","?","R","?","R","BOSS","M","?","?","M","?","E","R","M","T","E"],"build_version":"2019-01-23","purchased_purges":0,"victory":false,"max_hp_per_floor":[73,72,71,70,69,68,67,66,65,64,63,62,61,60,59,58,57,56,55,54,53,52,51,50,49,48,48],"card_choices":[{"not_picked":["Steam","Conserve Battery"],"picked":"Reinforced Body","floor":6},{"not_picked":["Amplify","Meteor Strike"],"picked":"Reboot","floor":16},{"not_picked":["Double Energy","Coolheaded"],"picked":"Tempest","floor":23}],"player_experience":363492,"relics_obtained":[{"floor":1,"key":"Pantograph"},{"floor":6,"key":"PreservedInsect"},{"floor":8,"key":"Bottled Lightning"},{"floor":9,"key":"Bronze Scales"},{"floor":11,"key":"Bag of Marbles"},{"floor":14,"key":"Mummified Hand"},{"floor":18,"key":"Dream Catcher"},{"floor":21,"key":"Molten Egg 2"},{"floor":23,"key":"Darkstone Periapt"},{"floor":25,"key":"Letter Opener"},{"floor":26,"key":"Happy Flower"}],"event_choices":[{"damage_healed":0,"gold_gain":0,"player_choice":"Ignored","damage_taken":0,"max_hp_gain":0,"max_hp_loss":0,"event_name":"Liars Game","floor":3,"gold_loss":0},{"damage_healed":0,"gold_gain":0,"player_choice":"Fled","damage_taken":0,"max_hp_gain":0,"max_hp_loss":0,"event_name":"Scrap Ooze","floor":4,"gold_loss":0},{"damage_healed":17,"gold_gain":0,"player_choice":"Healed and dodged fight","damage_taken":0,"max_hp_gain":0,"max_hp_loss":0,"event_name":"Mushrooms","floor":7,"gold_loss":0,"cards_obtained":["Parasite"]},{"cards_removed":["Defend_B"],"damage_healed":0,"gold_gain":0,"player_choice":"Card Removal","damage_taken":0,"max_hp_gain":0,"max_hp_loss":0,"event_name":"The Cleric","floor":12,"gold_loss":50},{"damage_healed":0,"gold_gain":0,"player_choice":"Obtained Relic","damage_taken":0,"relics_obtained":["Pen Nib"],"max_hp_gain":0,"max_hp_loss":0,"event_name":"Addict","floor":19,"gold_loss":85},{"damage_healed":0,"gold_gain":99,"player_choice":"Stole From Cult","damage_taken":0,"max_hp_gain":0,"max_hp_loss":0,"event_name":"Nest","floor":20,"gold_loss":0},{"damage_healed":0,"gold_gain":0,"player_choice":"Simplicity","damage_taken":0,"max_hp_gain":0,"max_hp_loss":0,"event_name":"Back to Basics","floor":22,"gold_loss":0,"cards_upgraded":["Strike_B","Strike_B","Strike_B","Strike_B","Defend_B","Defend_B","Defend_B"]}],"is_beta":false,"boss_relics":[{"not_picked":["Runic Pyramid","Cursed Key"],"picked":"Inserter"}],"items_purged_floors":[],"is_endless":false,"potions_floor_spawned":[1,11,16,18],"killed_by":"Gremlin Leader","ascension_level":0}