{"gold_per_floor":[18,18,18,38,53,53,84,104,104,104,118,118,131,56,56,135,135,148,161,171,86,96,96],"floor_reached":23,"playtime":1993,"items_purged":["Pain"],"score":390,"play_id":"7043cc12-07b9-4716-a448-913acb7856d2","local_time":"20190401014551","is_ascension_mode":true,"campfire_choices":[{"floor":6,"key":"REST"},{"floor":10,"key":"REST"},{"data":"Doppelganger","floor":12,"key":"SMITH"},{"floor":15,"key":"REST"}],"neow_cost":"NO_GOLD","seed_source_timestamp":2004370003436301,"circlet_count":0,"master_deck":["AscendersBane","Defend_G","Defend_G","Defend_G","Defend_G","Defend_G","Strike_G+1","Strike_G","Strike_G","Strike_G","Strike_G","Survivor","Neutralize","Doppelganger+1","Heel Hook+1","Dash","Leg Sweep","Adrenaline","Infinite Blades","Endless Agony","Malaise","Setup+1","Slice+1","Outmaneuver+1","Crippling Poison"],"relics":["Ring of the Snake","WarpedTongs","StoneCalendar","Bottled Tornado","Runic Pyramid","Shuriken"],"potions_floor_usage":[7,16,16,23,23],"damage_taken":[{"damage":14,"enemies":"Cultist","floor":1,"turns":7},{"damage":3,"enemies":"Small Slimes","floor":4,"turns":4},{"damage":6,"enemies":"2 Louse","floor":5,"turns":3},{"damage":16,"enemies":"Gremlin Nob","floor":7,"turns":6},{"damage":2,"enemies":"Looter","floor":8,"turns":3},{"damage":8,"enemies":"Large Slime","floor":11,"turns":6},{"damage":2,"enemies":"3 Louse","floor":13,"turns":4},{"damage":3,"enemies":"Slime Boss","floor":16,"turns":7},{"damage":1,"enemies":"Chosen","floor":18,"turns":6},{"damage":4,"enemies":"3 Byrds","floor":19,"turns":7},{"damage":23,"enemies":"Cultist and Chosen","floor":20,"turns":9},{"damage":8,"enemies":"Shelled Parasite and Fungi","floor":22,"turns":6},{"damage":24,"enemies":"Slavers","floor":23,"turns":3}],"seed_played":"-5409616501501204846","potions_obtained":[{"floor":1,"key":"GhostInAJar"},{"floor":7,"key":"LiquidBronze"},{"floor":11,"key":"EssenceOfSteel"},{"floor":13,"key":"Poison Potion"},{"floor":16,"key":"Strength Potion"},{"floor":20,"key":"Weak Potion"}],"is_trial":false,"path_per_floor":["M","?","?","M","M","R","E","M","T","R","M","R","M","$","R","B",null,"M","M","M","?","M","E"],"character_chosen":"THE_SILENT","items_purchased":[],"campfire_rested":3,"item_purchase_floors":[],"current_hp_per_floor":[45,25,25,22,16,35,19,17,17,36,28,28,26,26,45,42,60,59,55,32,32,24,0],"gold":96,"neow_bonus":"THREE_RARE_CARDS","is_prod":false,"is_daily":false,"chose_seed":false,"campfire_upgraded":1,"win_rate":0,"timestamp":1554079551,"path_taken":["M","?","?","?","M","R","E","M","T","R","M","R","M","$","R","BOSS","M","M","?","?","M","E"],"build_version":"2019-01-23","purchased_purges":1,"victory":false,"max_hp_per_floor":[66,66,66,66,66,66,66,66,66,66,66,66,66,66,66,66,66,66,66,66,66,66,66],"card_choices":[{"not_picked":["Night Terror","Phantasmal Killer"],"picked":"Doppelganger","floor":0},{"not_picked":["Riddle With Holes","Concentrate"],"picked":"Heel Hook","floor":1},{"not_picked":["Finisher","Bane"],"picked":"Dash","floor":4},{"not_picked":["Backflip","Outmaneuver"],"picked":"Leg Sweep","floor":5},{"not_picked":["Blade Dance","Skewer"],"picked":"Adrenaline","floor":7},{"not_picked":["Masterful Stab","Cloak And Dagger"],"picked":"Infinite Blades","floor":8},{"not_picked":["Cloak And Dagger","Prepared","Deadly Poison"],"picked":"SKIP","floor":11},{"not_picked":["Slice","Bane"],"picked":"Endless Agony","floor":13},{"not_picked":["Grand Finale","Unload"],"picked":"Malaise","floor":16},{"not_picked":["Deadly Poison","Poisoned Stab"],"picked":"Setup+1","floor":18},{"not_picked":["Quick Slash+1","Bouncing Flask"],"picked":"Slice+1","floor":19},{"not_picked":["Quick Slash","Endless Agony"],"picked":"Outmaneuver+1","floor":20},{"not_picked":["Bouncing Flask+1","Slice"],"picked":"Crippling Poison","floor":22}],"player_experience":1557620,"relics_obtained":[{"floor":7,"key":"StoneCalendar"},{"floor":9,"key":"Bottled Tornado"}],"event_choices":[{"damage_healed":0,"gold_gain":0,"player_choice":"Entered Light","damage_taken":20,"max_hp_gain":0,"max_hp_loss":0,"event_name":"Shining Light","floor":2,"gold_loss":0,"cards_upgraded":["Heel Hook","Strike_G"]},{"damage_healed":0,"gold_gain":0,"player_choice":"Rummage","damage_taken":0,"relics_obtained":["WarpedTongs"],"max_hp_gain":0,"max_hp_loss":0,"event_name":"Accursed Blacksmith","floor":3,"gold_loss":0,"cards_obtained":["Pain"]},{"damage_healed":0,"gold_gain":0,"player_choice":"Obtained Relic","damage_taken":0,"relics_obtained":["Shuriken"],"max_hp_gain":0,"max_hp_loss":0,"event_name":"Addict","floor":21,"gold_loss":85}],"is_beta":false,"boss_relics":[{"not_picked":["Orrery","Runic Dome"],"picked":"Runic Pyramid"}],"items_purged_floors":[14],"is_endless":false,"potions_floor_spawned":[1,7,11,13,16,20,22],"killed_by":"Slavers","ascension_level":20}