{"gold_per_floor":[112,122,171,188,105,134,209,227,227,241,241,241,92,106,106,207,207,222,172,187,187,111,111,121,134,216,216,236,236,268,278,278,278],"floor_reached":33,"playtime":2151,"items_purged":[],"score":319,"play_id":"732af5c9-44f3-4d9d-bc31-c79d4f1b7937","local_time":"20181210131112","is_ascension_mode":false,"campfire_choices":[{"floor":11,"key":"REST"},{"data":"Envenom","floor":15,"key":"SMITH"},{"floor":23,"key":"REST"},{"floor":27,"key":"REST"},{"floor":32,"key":"REST"}],"neow_cost":"NONE","seed_source_timestamp":484389265172168,"circlet_count":0,"master_deck":["Survivor","Neutralize","Dagger Spray","Envenom+1","Backstab","Trip","Escape Plan","Poisoned Stab","Deadly Poison","Blade Dance","A Thousand Cuts","Blade Dance","Deadly Poison","Cloak And Dagger","Poisoned Stab","Backflip","Deadly Poison","Deflect","Sucker Punch","PiercingWail","Deadly Poison","Dash","All Out Attack+1","Leg Sweep","Deadly Poison","Noxious Fumes","Flying Knee","Bite","Bite","Bite","Bite","Bite","Blur","Distraction"],"relics":["Ring of the Snake","NeowsBlessing","Pen Nib","Meat on the Bone","Calipers","Snake Skull","Pandora\u0027s Box","Mummified Hand","The Courier"],"potions_floor_usage":[6,16,30,33,33],"damage_taken":[{"damage":0,"enemies":"Cultist","floor":1,"turns":1},{"damage":0,"enemies":"Small Slimes","floor":2,"turns":1},{"damage":0,"enemies":"2 Louse","floor":4,"turns":1},{"damage":4,"enemies":"Lagavulin","floor":6,"turns":5},{"damage":0,"enemies":"Gremlin Gang","floor":8,"turns":3},{"damage":3,"enemies":"Blue Slaver","floor":10,"turns":3},{"damage":0,"enemies":"Red Slaver","floor":14,"turns":3},{"damage":27,"enemies":"The Guardian","floor":16,"turns":9},{"damage":24,"enemies":"2 Thieves","floor":18,"turns":3},{"damage":1,"enemies":"Chosen","floor":20,"turns":3},{"damage":18,"enemies":"Sentry and Sphere","floor":24,"turns":4},{"damage":9,"enemies":"Snecko","floor":25,"turns":4},{"damage":13,"enemies":"Shelled Parasite and Fungi","floor":28,"turns":4},{"damage":33,"enemies":"Book of Stabbing","floor":30,"turns":6},{"damage":13,"enemies":"Centurion and Healer","floor":31,"turns":5},{"damage":70,"enemies":"Collector","floor":33,"turns":6}],"seed_played":"-4070133219975326904","potions_obtained":[{"floor":2,"key":"EssenceOfSteel"},{"floor":6,"key":"GamblersBrew"},{"floor":10,"key":"PowerPotion"},{"floor":28,"key":"AttackPotion"},{"floor":30,"key":"FearPotion"},{"floor":31,"key":"GhostInAJar"}],"is_trial":false,"path_per_floor":["M","M","T","M","$","E","?","M","T","M","R","?","$","M","R","B",null,"M","?","M","?","$","R","M","M","T","R","M","?","E","M","R","B"],"character_chosen":"THE_SILENT","items_purchased":["Trip","Snake Skull","Leg Sweep"],"campfire_rested":4,"item_purchase_floors":[5,13,22],"current_hp_per_floor":[70,70,70,70,70,66,55,55,55,52,70,70,70,70,70,43,70,46,46,45,32,32,54,48,39,39,61,48,48,35,38,52,0],"gold":278,"neow_bonus":"THREE_ENEMY_KILL","is_prod":false,"is_daily":false,"chose_seed":false,"campfire_upgraded":1,"win_rate":0.0,"timestamp":1544476272,"path_taken":["M","M","?","M","$","E","?","M","T","M","R","?","$","?","R","BOSS","M","?","?","?","?","R","M","M","T","R","?","?","E","M","R","BOSS"],"build_version":"2018-12-06","purchased_purges":0,"victory":false,"max_hp_per_floor":[70,70,70,70,70,70,70,70,70,70,70,70,70,70,70,70,70,70,70,70,75,75,75,75,75,75,75,75,52,52,52,52,52],"card_choices":[{"not_picked":["Underhanded Strike","Footwork"],"picked":"Dagger Spray","floor":1},{"not_picked":["Backflip","Outmaneuver"],"picked":"Envenom","floor":2},{"not_picked":["Noxious Fumes","Finisher"],"picked":"Backstab","floor":4},{"not_picked":["Dagger Throw","Underhanded Strike"],"picked":"Escape Plan","floor":6},{"not_picked":["Slice","Quick Slash"],"picked":"Poisoned Stab","floor":8},{"not_picked":["Deflect","Tactician"],"picked":"Deadly Poison","floor":10},{"not_picked":["Prepared","Quick Slash"],"picked":"Blade Dance","floor":14},{"not_picked":["Bullet Time","Doppelganger"],"picked":"A Thousand Cuts","floor":16},{"not_picked":["Escape Plan","Bane+1"],"picked":"Dash","floor":18},{"not_picked":["Predator","Expertise"],"picked":"All Out Attack+1","floor":20},{"not_picked":["Prepared","Bullet Time"],"picked":"Deadly Poison","floor":24},{"not_picked":["Escape Plan","Bouncing Flask+1"],"picked":"Noxious Fumes","floor":25},{"not_picked":["Dagger Throw+1","Flechettes"],"picked":"Flying Knee","floor":28},{"not_picked":["Backflip","Accuracy"],"picked":"Blur","floor":30},{"not_picked":["Acrobatics","Poisoned Stab"],"picked":"Distraction","floor":31}],"player_experience":189568,"relics_obtained":[{"floor":3,"key":"Pen Nib"},{"floor":6,"key":"Meat on the Bone"},{"floor":9,"key":"Calipers"},{"floor":26,"key":"Mummified Hand"},{"floor":30,"key":"The Courier"}],"event_choices":[{"damage_healed":0,"gold_gain":75,"player_choice":"Gather Gold","damage_taken":11,"max_hp_gain":0,"max_hp_loss":0,"event_name":"World of Goop","floor":7,"gold_loss":0},{"damage_healed":0,"gold_gain":0,"player_choice":"Ignored","damage_taken":0,"max_hp_gain":0,"max_hp_loss":0,"event_name":"Purifier","floor":12,"gold_loss":0},{"damage_healed":0,"gold_gain":0,"player_choice":"Bet on Murderer","damage_taken":0,"max_hp_gain":0,"max_hp_loss":0,"event_name":"The Joust","floor":19,"gold_loss":50},{"damage_healed":0,"gold_gain":0,"player_choice":"Shed Blood","damage_taken":18,"max_hp_gain":5,"max_hp_loss":0,"event_name":"Forgotten Altar","floor":21,"gold_loss":0},{"damage_healed":0,"gold_gain":0,"player_choice":"Became a vampire","damage_taken":0,"max_hp_gain":0,"max_hp_loss":23,"event_name":"Vampires","floor":29,"gold_loss":0,"cards_obtained":["Bite","Bite","Bite","Bite","Bite"]}],"is_beta":false,"boss_relics":[{"not_picked":["Sozu","Coffee Dripper"],"picked":"Pandora\u0027s Box"}],"items_purged_floors":[],"is_endless":false,"potions_floor_spawned":[2,6,10,28,30,31],"killed_by":"Collector","ascension_level":0}