{"gold_per_floor":[113,125,125,139,152,152,152,177,230,230,258,275,36,48,48,125,125,136,136,113,124,139,174,174,199,224,251,31,49,60,71,71,143,143,157,177,177,196,208,208,11,46,96,96,114,129,129,33,33,33,33,33,33,33,60,60],"floor_reached":56,"playtime":8850,"items_purged":["Strike_G","Pain"],"score":2186,"play_id":"310f61ee-495c-47d4-9db4-05c5f04f656b","local_time":"20190505021050","is_ascension_mode":true,"campfire_choices":[{"data":"Noxious Fumes","floor":7.0,"key":"SMITH"},{"data":"Skewer","floor":10.0,"key":"SMITH"},{"data":"Deflect","floor":15.0,"key":"SMITH"},{"data":"Backstab","floor":24.0,"key":"SMITH"},{"floor":32.0,"key":"REST"},{"floor":44.0,"key":"REST"},{"floor":47.0,"key":"RECALL"},{"floor":49.0,"key":"REST"},{"data":"Neutralize","floor":53.0,"key":"SMITH"}],"neow_cost":"NONE","seed_source_timestamp":255610344316889,"circlet_count":0,"master_deck":["AscendersBane","Defend_G","Defend_G","Defend_G","Defend_G","Defend_G","Strike_G","Strike_G","Strike_G","Survivor","Neutralize","Crippling Poison","Skewer+1","Noxious Fumes+1","Noxious Fumes","Sucker Punch","Cloak And Dagger","Catalyst","Deflect+1","Footwork+1","PiercingWail","Backstab+1","Wraith Form v2+1","Dodge and Roll","Neutralize+1","PiercingWail","Concentrate","Outmaneuver","Bullet Time","Corpse Explosion","Dodge and Roll+1","Prepared","Footwork+1","After Image+1","Calculated Gamble","Blur","Escape Plan"],"special_seed":0,"relics":["Ring of the Snake","Frozen Egg 2","Art of War","Orichalcum","Runic Pyramid","FossilizedHelix","Potion Belt","Bag of Preparation","Singing Bowl","Black Star","WarpedTongs","Prayer Wheel","Bottled Flame","Ornamental Fan","Pen Nib"],"potions_floor_usage":[56],"damage_taken":[{"damage":0.0,"enemies":"Small Slimes","floor":1.0,"turns":6.0},{"damage":0.0,"enemies":"Cultist","floor":2.0,"turns":4.0},{"damage":0.0,"enemies":"2 Louse","floor":4.0,"turns":3.0},{"damage":7.0,"enemies":"Lots of Slimes","floor":5.0,"turns":4.0},{"damage":0.0,"enemies":"Gremlin Nob","floor":6.0,"turns":2.0},{"damage":16.0,"enemies":"Lagavulin","floor":8.0,"turns":8.0},{"damage":12.0,"enemies":"3 Sentries","floor":11.0,"turns":7.0},{"damage":2.0,"enemies":"Looter","floor":12.0,"turns":3.0},{"damage":4.0,"enemies":"Exordium Thugs","floor":14.0,"turns":5.0},{"damage":7.0,"enemies":"The Guardian","floor":16.0,"turns":9.0},{"damage":0.0,"enemies":"3 Byrds","floor":18.0,"turns":5.0},{"damage":5.0,"enemies":"2 Thieves","floor":20.0,"turns":4.0},{"damage":5.0,"enemies":"Centurion and Healer","floor":21.0,"turns":6.0},{"damage":2.0,"enemies":"Snecko","floor":22.0,"turns":8.0},{"damage":6.0,"enemies":"Slavers","floor":23.0,"turns":7.0},{"damage":0.0,"enemies":"Book of Stabbing","floor":25.0,"turns":7.0},{"damage":14.0,"enemies":"Slavers","floor":27.0,"turns":6.0},{"damage":0.0,"enemies":"Snake Plant","floor":29.0,"turns":6.0},{"damage":0.0,"enemies":"Centurion and Healer","floor":30.0,"turns":6.0},{"damage":0.0,"enemies":"Snecko","floor":31.0,"turns":6.0},{"damage":0.0,"enemies":"Champ","floor":33.0,"turns":15.0},{"damage":0.0,"enemies":"Orb Walker","floor":35.0,"turns":5.0},{"damage":0.0,"enemies":"3 Shapes","floor":36.0,"turns":5.0},{"damage":0.0,"enemies":"Transient","floor":38.0,"turns":6.0},{"damage":9.0,"enemies":"Sphere and 2 Shapes","floor":39.0,"turns":6.0},{"damage":6.0,"enemies":"Reptomancer","floor":40.0,"turns":6.0},{"damage":31.0,"enemies":"Nemesis","floor":42.0,"turns":7.0},{"damage":0.0,"enemies":"4 Shapes","floor":45.0,"turns":5.0},{"damage":8.0,"enemies":"Spire Growth","floor":46.0,"turns":9.0},{"damage":12.0,"enemies":"Awakened One","floor":50.0,"turns":22.0},{"damage":44.0,"enemies":"Time Eater","floor":51.0,"turns":18.0},{"damage":19,"enemies":"Shield and Spear","floor":55,"turns":10},{"damage":118,"enemies":"The Heart","floor":56,"turns":14}],"seed_played":"-3081319000518372133","potions_obtained":[{"floor":1.0,"key":"SmokeBomb"},{"floor":2.0,"key":"SkillPotion"},{"floor":8.0,"key":"LiquidBronze"},{"floor":16.0,"key":"Dexterity Potion"},{"floor":18.0,"key":"Weak Potion"},{"floor":20.0,"key":"EssenceOfSteel"},{"floor":22.0,"key":"Strength Potion"},{"floor":27.0,"key":"Dexterity Potion"},{"floor":35.0,"key":"LiquidBronze"},{"floor":36.0,"key":"Fire Potion"},{"floor":39.0,"key":"SmokeBomb"},{"floor":45.0,"key":"FairyPotion"},{"floor":46.0,"key":"Fruit Juice"}],"is_trial":false,"path_per_floor":["M","M","?","M","M","E","R","E","T","R","E","M","$","M","R","B",null,"M","?","M","M","M","E","R","E","T","E","$","M","M","M","R","B",null,"M","M","?","M","M","E","$","E","T","R","M","M","R","$","R","B","B",null,"R","$","E","B"],"character_chosen":"THE_SILENT","items_purchased":["Footwork+1","PiercingWail","Fire Potion","Fire Potion","Bullet Time","Footwork+1","Fire Potion","SkillPotion","Escape Plan"],"campfire_rested":3,"item_purchase_floors":[13,13,13,28,28,41,41,48,48],"current_hp_per_floor":[59,59,59,59,52,52,52,36,36,36,24,22,22,18,18,11,52,52,52,47,42,40,34,34,34,34,22,22,24,26,28,50,50,68,68,70,70,72,63,57,57,26,26,49,51,50,50,50,76,64,20,70,70,70,53,0],"gold":60,"neow_bonus":"THREE_CARDS","is_prod":false,"is_daily":false,"chose_seed":false,"campfire_upgraded":5,"win_rate":0,"timestamp":1557015050,"path_taken":["M","M","?","M","M","E","R","E","T","R","E","?","$","M","R","BOSS","M","?","?","M","M","E","R","E","T","E","$","M","M","M","R","BOSS","M","M","?","?","M","E","$","E","T","R","M","M","R","$","R","BOSS","BOSS","R","$","E","BOSS"],"build_version":"2019-01-23","purchased_purges":2,"victory":false,"max_hp_per_floor":[66,66,66,66,66,66,66,66,66,66,66,66,66,66,66,66,66,66,66,66,66,66,66,66,66,66,68,68,70,72,74,74,74,74,74,76,76,78,78,78,78,78,78,78,80,87,87,87,87,87,87,87,87,87,89,89],"card_choices":[{"not_picked":["Quick Slash","PiercingWail"],"picked":"Crippling Poison","floor":0.0},{"not_picked":["Bouncing Flask","Outmaneuver"],"picked":"Skewer","floor":1.0},{"not_picked":["Dagger Spray","Deadly Poison"],"picked":"Noxious Fumes","floor":2.0},{"not_picked":["Escape Plan","Quick Slash"],"picked":"Sucker Punch","floor":4.0},{"not_picked":["Eviscerate","Prepared"],"picked":"Cloak And Dagger","floor":5.0},{"not_picked":["Burst","Sucker Punch"],"picked":"Catalyst","floor":8.0},{"not_picked":["Acrobatics","Backflip","Finisher"],"picked":"SKIP","floor":11.0},{"not_picked":["Tactician","Acrobatics"],"picked":"Deflect","floor":12.0},{"not_picked":["Quick Slash","Cloak And Dagger"],"picked":"Backstab","floor":14.0},{"not_picked":["Grand Finale","Storm of Steel"],"picked":"Wraith Form v2+1","floor":16.0},{"not_picked":["Crippling Poison+1","Blade Dance"],"picked":"Dodge and Roll","floor":18.0},{"not_picked":["Deadly Poison","Distraction"],"picked":"PiercingWail","floor":20.0},{"not_picked":["Skewer+1","All Out Attack","Acrobatics"],"picked":"SKIP","floor":21.0},{"not_picked":["Slice+1","Deflect"],"picked":"Concentrate","floor":22.0},{"not_picked":["Escape Plan","Deadly Poison"],"picked":"Outmaneuver","floor":23.0},{"not_picked":["Accuracy+1","Cloak And Dagger","Crippling Poison"],"picked":"SKIP","floor":25.0},{"not_picked":["Wraith Form v2+1","Outmaneuver","Infinite Blades+1"],"picked":"Singing Bowl","floor":27.0},{"not_picked":["Poisoned Stab","Cloak And Dagger","Dagger Throw"],"picked":"Singing Bowl","floor":29.0},{"not_picked":["Backflip+1","PiercingWail","Terror"],"picked":"Singing Bowl","floor":30.0},{"not_picked":["Slice","Poisoned Stab","Cloak And Dagger"],"picked":"Singing Bowl","floor":31.0},{"not_picked":["A Thousand Cuts+1","Grand Finale"],"picked":"Corpse Explosion","floor":33.0},{"not_picked":["Dagger Throw","Deadly Poison"],"picked":"Dodge and Roll+1","floor":35.0},{"not_picked":["Deflect","Dodge and Roll+1","Backflip"],"picked":"Singing Bowl","floor":36.0},{"not_picked":["Deadly Poison","Dash","Doppelganger"],"picked":"Singing Bowl","floor":38.0},{"not_picked":["Dagger Throw","Cloak And Dagger+1"],"picked":"Prepared","floor":39.0},{"not_picked":["Prepared+1","Finisher+1"],"picked":"After Image+1","floor":42.0},{"not_picked":["Poisoned Stab+1","Slice"],"picked":"Calculated Gamble","floor":45.0},{"not_picked":["Blade Dance","Eviscerate","Slice"],"picked":"Singing Bowl","floor":45.0},{"not_picked":["Bane","Slice","Poisoned Stab"],"picked":"Singing Bowl","floor":46.0},{"not_picked":["Dodge and Roll+1","Bane"],"picked":"Blur","floor":46.0},{"not_picked":["Masterful Stab","Slice+1","Glass Knife"],"picked":"Singing Bowl","floor":55}],"player_experience":2013371,"relics_obtained":[{"floor":8.0,"key":"Frozen Egg 2"},{"floor":9.0,"key":"Art of War"},{"floor":11.0,"key":"Orichalcum"},{"floor":23.0,"key":"FossilizedHelix"},{"floor":25.0,"key":"Potion Belt"},{"floor":26.0,"key":"Bag of Preparation"},{"floor":27.0,"key":"Singing Bowl"},{"floor":42.0,"key":"Prayer Wheel"},{"floor":42.0,"key":"Bottled Flame"},{"floor":55,"key":"Ornamental Fan"},{"floor":55,"key":"Pen Nib"}],"event_choices":[{"damage_healed":0.0,"max_hp_gain":0.0,"max_hp_loss":0.0,"gold_gain":0.0,"cards_transformed":["Strike_G"],"event_name":"Transmorgrifier","player_choice":"Transformed","floor":3.0,"gold_loss":0.0,"damage_taken":0.0,"cards_obtained":["Noxious Fumes"]},{"damage_healed":0.0,"max_hp_gain":0.0,"max_hp_loss":0.0,"gold_gain":0.0,"event_name":"Match and Keep!","player_choice":"1 cards matched","floor":19.0,"gold_loss":0.0,"damage_taken":0.0,"cards_obtained":["Neutralize"]},{"damage_healed":0.0,"max_hp_gain":0.0,"max_hp_loss":0.0,"gold_gain":0.0,"event_name":"Accursed Blacksmith","player_choice":"Rummage","floor":37.0,"gold_loss":0.0,"damage_taken":0.0,"relics_obtained":["WarpedTongs"],"cards_obtained":["Pain"]}],"is_beta":false,"boss_relics":[{"not_picked":["Sozu","White Beast Statue"],"picked":"Runic Pyramid"},{"not_picked":["Ring of the Serpent","Empty Cage"],"picked":"Black Star"}],"items_purged_floors":[13,41],"is_endless":false,"potions_floor_spawned":[1,2,8,16,18,20,22,27,35,36,39,45,46],"killed_by":"The Heart","ascension_level":20}