{"gold_per_floor":[115,129,129,149,6,6,17,17,92,185,196,196,214,239,239,239],"floor_reached":16,"playtime":2324,"items_purged":[],"score":92,"play_id":"6d5562ac-b390-4db1-b5ed-2921eea9b931","local_time":"20190503194800","is_ascension_mode":false,"campfire_choices":[{"data":"Zap","floor":6,"key":"SMITH"},{"data":"Reinforced Body","floor":8,"key":"SMITH"},{"data":"Lockon","floor":12,"key":"SMITH"},{"floor":15,"key":"REST"}],"neow_cost":"NONE","seed_source_timestamp":34828613422356,"circlet_count":0,"master_deck":["Strike_B","Strike_B","Strike_B","Strike_B","Defend_B","Defend_B","Defend_B","Defend_B","Zap+1","Dualcast","Reinforced Body+1","Self Repair","Hologram","All For One","Skim","Redo","Lockon+1","Glacier"],"relics":["Cracked Core","Kunai","Tiny Chest","Happy Flower"],"potions_floor_usage":[16],"damage_taken":[{"damage":5,"enemies":"Jaw Worm","floor":1,"turns":5},{"damage":0,"enemies":"Small Slimes","floor":2,"turns":2},{"damage":2,"enemies":"Cultist","floor":4,"turns":6},{"damage":43,"enemies":"Gremlin Gang","floor":7,"turns":5},{"damage":31,"enemies":"Lagavulin Event","floor":10,"turns":6},{"damage":10,"enemies":"Looter","floor":11,"turns":4},{"damage":12,"enemies":"Exordium Thugs","floor":13,"turns":4},{"damage":75,"enemies":"Slime Boss","floor":16,"turns":16}],"seed_played":"3378730956041762851","potions_obtained":[{"floor":4,"key":"FearPotion"},{"floor":7,"key":"Ancient Potion"},{"floor":10,"key":"FairyPotion"}],"is_trial":false,"path_per_floor":["M","M","?","M","$","R","M","R","T","?","M","R","M","T","R","B"],"character_chosen":"DEFECT","items_purchased":["All For One"],"campfire_rested":1,"item_purchase_floors":[5],"current_hp_per_floor":[77,77,82,87,87,87,51,51,51,27,24,24,19,19,45,0],"gold":239,"neow_bonus":"TEN_PERCENT_HP_BONUS","is_prod":false,"is_daily":false,"chose_seed":false,"campfire_upgraded":3,"win_rate":0.0,"timestamp":1556905680,"path_taken":["M","M","?","M","$","R","M","R","T","?","M","R","M","?","R","BOSS"],"build_version":"2019-01-23","purchased_purges":0,"victory":false,"max_hp_per_floor":[82,82,87,87,87,87,87,87,87,87,87,87,87,87,87,87],"card_choices":[{"not_picked":["Go for the Eyes","Streamline"],"picked":"Reinforced Body","floor":1},{"not_picked":["Sweeping Beam","Steam"],"picked":"Self Repair","floor":2},{"not_picked":["Ball Lightning","Stack"],"picked":"Hologram","floor":4},{"not_picked":["Hologram","Compile Driver"],"picked":"Skim","floor":7},{"not_picked":["Auto Shields","Cold Snap"],"picked":"Redo","floor":10},{"not_picked":["Static Discharge","Storm"],"picked":"Lockon","floor":11},{"not_picked":["Doom and Gloom","Aggregate"],"picked":"Glacier","floor":13}],"player_experience":139170,"relics_obtained":[{"floor":9,"key":"Kunai"},{"floor":14,"key":"Happy Flower"}],"event_choices":[{"damage_healed":0,"gold_gain":0,"player_choice":"Donut","damage_taken":0,"max_hp_gain":5,"max_hp_loss":0,"event_name":"Big Fish","floor":3,"gold_loss":0},{"damage_healed":0,"gold_gain":0,"player_choice":"Searched \u00273\u0027 times","damage_taken":0,"relics_obtained":["Tiny Chest"],"max_hp_gain":0,"max_hp_loss":0,"event_name":"Dead Adventurer","floor":10,"gold_loss":0}],"is_beta":false,"boss_relics":[],"items_purged_floors":[],"is_endless":false,"potions_floor_spawned":[4,7,10,11],"killed_by":"Slime Boss","ascension_level":0}