{"gold_per_floor":[114,114,129,54,71,71,82,97,123,156,171,181,181,211,211,211],"floor_reached":16,"playtime":1136,"items_purged":[],"score":228,"play_id":"53b5bb07-4d2d-4f5e-81e7-07c0c37c0c50","local_time":"20190429134311","is_ascension_mode":true,"campfire_choices":[{"data":"Neutralize","floor":6,"key":"SMITH"},{"data":"Malaise","floor":15,"key":"SMITH"}],"neow_cost":"NONE","seed_source_timestamp":3230600198040749,"circlet_count":0,"master_deck":["AscendersBane","Defend_G","Defend_G","Defend_G","Defend_G","Defend_G","Strike_G","Strike_G","Strike_G","Strike_G","Survivor","Neutralize+1","Riddle With Holes","Choke","Dash","Noxious Fumes+1","Dodge and Roll","Cloak And Dagger","Crippling Poison","Slice","PiercingWail","Malaise+1"],"relics":["Ring of the Snake","Potion Belt","Regal Pillow","Art of War"],"potions_floor_usage":[5,7,10,14,16],"damage_taken":[{"damage":0,"enemies":"2 Louse","floor":1,"turns":4},{"damage":0,"enemies":"Cultist","floor":3,"turns":4},{"damage":0,"enemies":"Jaw Worm","floor":5,"turns":2},{"damage":6,"enemies":"Lots of Slimes","floor":7,"turns":4},{"damage":2,"enemies":"Blue Slaver","floor":8,"turns":4},{"damage":18,"enemies":"Gremlin Nob","floor":10,"turns":4},{"damage":8,"enemies":"Large Slime","floor":11,"turns":5},{"damage":1,"enemies":"Looter","floor":12,"turns":4},{"damage":9,"enemies":"3 Sentries","floor":14,"turns":6},{"damage":17,"enemies":"Hexaghost","floor":16,"turns":14}],"seed_played":"4255528096190593239","potions_obtained":[{"floor":1,"key":"Strength Potion"},{"floor":2,"key":"AttackPotion"},{"floor":8,"key":"SteroidPotion"},{"floor":11,"key":"Weak Potion"},{"floor":12,"key":"SkillPotion"},{"floor":14,"key":"AttackPotion"}],"is_trial":false,"path_per_floor":["M","?","M","$","M","R","M","M","T","E","M","M","?","E","R","B"],"character_chosen":"THE_SILENT","items_purchased":["Noxious Fumes"],"campfire_rested":0,"item_purchase_floors":[4],"current_hp_per_floor":[59,59,59,59,59,59,53,51,51,33,25,24,24,15,15,0],"gold":211,"neow_bonus":"TRANSFORM_CARD","is_prod":false,"is_daily":false,"chose_seed":false,"campfire_upgraded":2,"win_rate":0,"timestamp":1556538191,"path_taken":["M","?","M","$","M","R","M","?","T","E","?","M","?","E","R","BOSS"],"build_version":"2019-01-23","purchased_purges":0,"victory":false,"max_hp_per_floor":[66,66,66,66,66,66,66,66,66,66,66,66,66,66,66,66],"card_choices":[{"not_picked":["Dodge and Roll","Quick Slash"],"picked":"Choke","floor":1},{"not_picked":["Bane","Dodge and Roll"],"picked":"Dash","floor":3},{"not_picked":["All Out Attack","Dash"],"picked":"Dodge and Roll","floor":5},{"not_picked":["Deflect","Dodge and Roll"],"picked":"Cloak And Dagger","floor":7},{"not_picked":["Bouncing Flask","Acrobatics","Bane"],"picked":"SKIP","floor":8},{"not_picked":["Dagger Throw","Reflex"],"picked":"Crippling Poison","floor":10},{"not_picked":["Acrobatics","Backflip"],"picked":"Slice","floor":11},{"not_picked":["Infinite Blades","Choke"],"picked":"PiercingWail","floor":12},{"not_picked":["Deadly Poison","Crippling Poison"],"picked":"Malaise","floor":14}],"player_experience":1817778,"relics_obtained":[{"floor":9,"key":"Potion Belt"},{"floor":10,"key":"Regal Pillow"},{"floor":14,"key":"Art of War"}],"event_choices":[{"damage_healed":0,"gold_gain":0,"player_choice":"Got Potions","damage_taken":0,"max_hp_gain":0,"max_hp_loss":0,"event_name":"Lab","floor":2,"gold_loss":0},{"damage_healed":0,"gold_gain":0,"player_choice":"Upgraded","damage_taken":0,"max_hp_gain":0,"max_hp_loss":0,"event_name":"Upgrade Shrine","floor":13,"gold_loss":0,"cards_upgraded":["Noxious Fumes"]}],"is_beta":false,"boss_relics":[],"items_purged_floors":[],"is_endless":false,"potions_floor_spawned":[1,3,8,11,12,14],"killed_by":"Hexaghost","ascension_level":20}