{"gold_per_floor":[116,116,191,191,204,204,242,242,242,242,286,11,34,77,77,173,173,187,187,237,251,269,269,289,289,289,305,48,87,87,122,122,218,218,234,234,259,259,279,279,300,300,351,371,496,496,496],"floor_reached":47,"playtime":4427,"items_purged":["Strike_G+1"],"score":962,"play_id":"8ba30a7f-c886-4868-86fd-768e47ba0bd2","local_time":"20190401031415","is_ascension_mode":true,"campfire_choices":[{"data":"Skewer","floor":6.0,"key":"SMITH"},{"data":"Neutralize","floor":8.0,"key":"SMITH"},{"floor":10.0,"key":"REST"},{"floor":15.0,"key":"REST"},{"data":"Wraith Form v2","floor":23,"key":"SMITH"},{"data":"After Image","floor":25,"key":"SMITH"},{"floor":30,"key":"REST"},{"data":"Footwork","floor":32,"key":"SMITH"},{"floor":40,"key":"RECALL"},{"data":"Caltrops","floor":42,"key":"SMITH"},{"data":"Backflip","floor":46,"key":"SMITH"}],"neow_cost":"NONE","seed_source_timestamp":2007205499011853,"circlet_count":0,"master_deck":["AscendersBane","Defend_G+1","Defend_G+1","Defend_G+1","Defend_G+1","Defend_G+1","Strike_G+1","Strike_G+1","Strike_G+1","Strike_G+1","Survivor","Neutralize+1","Skewer+1","Backstab","Wraith Form v2+1","Well Laid Plans","Endless Agony","Predator","After Image+1","Acrobatics","Caltrops+1","Well Laid Plans","Footwork+1","PiercingWail","Backflip+1","Cloak And Dagger"],"special_seed":0,"relics":["Ring of the Snake","Strawberry","Golden Idol","The Courier","Kunai","Happy Flower","Membership Card","Mercury Hourglass","Velvet Choker","Sundial","Letter Opener","Vajra","Singing Bowl","Bird Faced Urn","Eternal Feather","Ice Cream"],"potions_floor_usage":[16,16,29,29,37,47,47],"damage_taken":[{"damage":0.0,"enemies":"Jaw Worm","floor":1.0,"turns":7.0},{"damage":0.0,"enemies":"2 Louse","floor":5.0,"turns":2.0},{"damage":25.0,"enemies":"Lagavulin","floor":7.0,"turns":5.0},{"damage":19.0,"enemies":"Gremlin Nob","floor":11.0,"turns":4.0},{"damage":0.0,"enemies":"Small Slimes","floor":13.0,"turns":1.0},{"damage":12.0,"enemies":"3 Sentries","floor":14.0,"turns":8.0},{"damage":2,"enemies":"Slime Boss","floor":16,"turns":7},{"damage":1,"enemies":"Chosen","floor":18,"turns":6},{"damage":0,"enemies":"Spheric Guardian","floor":21,"turns":3},{"damage":0,"enemies":"Cultist and Chosen","floor":22,"turns":6},{"damage":0,"enemies":"3 Cultists","floor":24,"turns":5},{"damage":6,"enemies":"Centurion and Healer","floor":27,"turns":6},{"damage":14,"enemies":"Slavers","floor":29,"turns":5},{"damage":1,"enemies":"Book of Stabbing","floor":31,"turns":5},{"damage":13,"enemies":"Champ","floor":33,"turns":13},{"damage":0,"enemies":"3 Shapes","floor":35,"turns":6},{"damage":0,"enemies":"3 Darklings","floor":37,"turns":6},{"damage":7,"enemies":"Transient","floor":39,"turns":6},{"damage":1,"enemies":"Maw","floor":41,"turns":10},{"damage":22,"enemies":"Writhing Mass","floor":44,"turns":9},{"damage":0,"enemies":"Mind Bloom Boss Battle","floor":45,"turns":7},{"damage":105,"enemies":"Giant Head","floor":47,"turns":11}],"seed_played":"-6156866418487363379","potions_obtained":[{"floor":1.0,"key":"Strength Potion"},{"floor":13.0,"key":"FearPotion"},{"floor":14.0,"key":"AttackPotion"},{"floor":18,"key":"Block Potion"},{"floor":22,"key":"GamblersBrew"},{"floor":27,"key":"Strength Potion"},{"floor":29,"key":"Explosive Potion"},{"floor":33,"key":"Fire Potion"},{"floor":45,"key":"Block Potion"}],"is_trial":false,"path_per_floor":["M","?","?","?","M","R","E","R","T","R","E","$","M","E","R","B",null,"M","?","?","M","M","R","M","R","T","M","$","E","R","E","R","B",null,"M","?","M","?","M","R","M","R","T","M","?","R","E"],"character_chosen":"THE_SILENT","items_purchased":["Membership Card","Wraith Form v2","Well Laid Plans","Footwork","PiercingWail","Letter Opener","Vajra"],"campfire_rested":3,"item_purchase_floors":[12,12,12,28,28,28,28],"current_hp_per_floor":[66,66,55,55,55,55,30,30,30,49,30,30,30,18,37,35,58,57,57,57,57,57,57,57,57,57,51,51,37,56,55,55,56,65,70,70,72,68,67,70,72,72,72,54,68,76,0],"gold":496,"neow_bonus":"RANDOM_COMMON_RELIC","is_prod":false,"is_daily":false,"chose_seed":false,"campfire_upgraded":7,"win_rate":0,"timestamp":1554084855,"path_taken":["M","?","?","?","M","R","E","R","T","R","E","$","M","E","R","BOSS","M","?","?","M","M","R","M","R","T","M","$","E","R","E","R","BOSS","M","?","?","?","M","R","M","R","T","M","?","R","E"],"build_version":"2019-01-23","purchased_purges":1,"victory":false,"max_hp_per_floor":[73,73,73,66,66,66,66,66,66,66,66,66,66,66,66,66,66,66,66,66,66,66,66,66,66,66,66,66,66,66,66,66,68,68,70,70,72,68,70,70,72,72,72,74,76,76,76],"card_choices":[{"not_picked":["Cloak And Dagger","Prepared"],"picked":"Skewer","floor":1.0},{"not_picked":["Slice","Flying Knee"],"picked":"Backstab","floor":5.0},{"not_picked":["Prepared","Caltrops","Concentrate"],"picked":"SKIP","floor":7.0},{"not_picked":["Deflect","Heel Hook","Deadly Poison"],"picked":"SKIP","floor":11.0},{"not_picked":["Terror","Catalyst"],"picked":"Endless Agony","floor":13.0},{"not_picked":["Poisoned Stab","Sucker Punch"],"picked":"Predator","floor":14.0},{"not_picked":["Grand Finale","Storm of Steel"],"picked":"After Image","floor":16},{"not_picked":["Catalyst","Skewer"],"picked":"Acrobatics","floor":18},{"not_picked":["Deadly Poison","All Out Attack","Heel Hook+1"],"picked":"SKIP","floor":21},{"not_picked":["Deadly Poison","Deflect"],"picked":"Caltrops","floor":22},{"not_picked":["Bane","Choke","Flechettes"],"picked":"SKIP","floor":24},{"not_picked":["Deflect+1","Grand Finale"],"picked":"Well Laid Plans","floor":27},{"not_picked":["Choke","Blur"],"picked":"Backflip","floor":29},{"not_picked":["Unload","Underhanded Strike"],"picked":"Cloak And Dagger","floor":31},{"not_picked":["Glass Knife","Envenom","After Image"],"picked":"Singing Bowl","floor":33},{"not_picked":["Backstab+1","Calculated Gamble","Reflex"],"picked":"Singing Bowl","floor":35},{"not_picked":["Poisoned Stab","Flying Knee","Outmaneuver"],"picked":"Singing Bowl","floor":37},{"not_picked":["Slice","Glass Knife","Dagger Spray"],"picked":"Singing Bowl","floor":39},{"not_picked":["Prepared","Underhanded Strike","Outmaneuver"],"picked":"Singing Bowl","floor":41},{"not_picked":["Endless Agony","Outmaneuver","Sucker Punch"],"picked":"Singing Bowl","floor":44},{"not_picked":["Flying Knee+1","Dagger Throw","Deadly Poison"],"picked":"Singing Bowl","floor":45}],"player_experience":1560427,"relics_obtained":[{"floor":7.0,"key":"The Courier"},{"floor":9.0,"key":"Kunai"},{"floor":11.0,"key":"Happy Flower"},{"floor":14.0,"key":"Mercury Hourglass"},{"floor":26,"key":"Sundial"},{"floor":29,"key":"Singing Bowl"},{"floor":31,"key":"Bird Faced Urn"},{"floor":45,"key":"Ice Cream"}],"event_choices":[{"damage_healed":0.0,"max_hp_gain":0.0,"max_hp_loss":0.0,"gold_gain":0.0,"event_name":"Liars Game","player_choice":"Ignored","floor":2.0,"gold_loss":0.0,"damage_taken":0.0},{"damage_healed":0.0,"max_hp_gain":0.0,"max_hp_loss":0.0,"gold_gain":75.0,"event_name":"World of Goop","player_choice":"Gather Gold","floor":3.0,"gold_loss":0.0,"damage_taken":11.0},{"damage_healed":0.0,"max_hp_gain":0.0,"max_hp_loss":7.0,"gold_gain":0.0,"event_name":"Golden Idol","player_choice":"Lose Max HP","floor":4.0,"gold_loss":0.0,"damage_taken":0.0,"relics_obtained":["Golden Idol"]},{"damage_healed":0,"gold_gain":0,"player_choice":"Simplicity","damage_taken":0,"max_hp_gain":0,"max_hp_loss":0,"event_name":"Back to Basics","floor":19,"gold_loss":0,"cards_upgraded":["Defend_G","Defend_G","Defend_G","Defend_G","Defend_G","Strike_G","Strike_G","Strike_G","Strike_G","Strike_G"]},{"damage_healed":0,"gold_gain":100,"player_choice":"Bet on Murderer","damage_taken":0,"max_hp_gain":0,"max_hp_loss":0,"event_name":"The Joust","floor":20,"gold_loss":50},{"damage_healed":0,"gold_gain":0,"player_choice":"Got Potions","damage_taken":0,"max_hp_gain":0,"max_hp_loss":0,"event_name":"Lab","floor":36,"gold_loss":0},{"damage_healed":0,"gold_gain":0,"player_choice":"Max HP","damage_taken":0,"max_hp_gain":0,"max_hp_loss":4,"event_name":"Winding Halls","floor":38,"gold_loss":0},{"damage_healed":0,"gold_gain":0,"player_choice":"Fight","damage_taken":0,"max_hp_gain":0,"max_hp_loss":0,"event_name":"MindBloom","floor":45,"gold_loss":0}],"is_beta":false,"boss_relics":[{"not_picked":["White Beast Statue","Sozu"],"picked":"Velvet Choker"},{"not_picked":["Lizard Tail","Tiny House"],"picked":"Eternal Feather"}],"items_purged_floors":[28],"is_endless":false,"potions_floor_spawned":[1,13,14,18,22,27,29,33,45],"killed_by":"Giant Head","ascension_level":20}