{"gold_per_floor":[114,12,27,27,42,42,42,72,72,87,87,102,102,117,117,217,217,232,247,247],"floor_reached":20,"playtime":900,"items_purged":[],"score":176,"play_id":"546f9d1d-9d54-444f-9c53-7da2c801ba84","local_time":"20180827214522","daily_mods":["Diverse","Time Dilation","Terminal"],"is_ascension_mode":false,"campfire_choices":[{"floor":6,"key":"REST"},{"data":"Decay","floor":11,"key":"PURGE"},{"floor":15,"key":"REST"}],"neow_cost":"","seed_source_timestamp":0,"circlet_count":0,"master_deck":["Strike_B","Strike_B","Strike_B","Strike_B","Defend_B","Defend_B","Defend_B","Defend_B","Zap","Dualcast","Sunder","Outmaneuver","Cloak And Dagger","Outmaneuver","Sword Boomerang","Doom and Gloom","Headbutt","Dash","Backstab","All For One","Anger","Warcry+1"],"special_seed":17771,"relics":["Cracked Core","Question Card","Bag of Preparation","Peace Pipe","Sozu"],"potions_floor_usage":[],"damage_taken":[{"damage":0,"enemies":"Jaw Worm","floor":1,"turns":3},{"damage":0,"enemies":"Small Slimes","floor":3,"turns":3},{"damage":0,"enemies":"Cultist","floor":5,"turns":4},{"damage":27,"enemies":"Lagavulin","floor":8,"turns":6},{"damage":2,"enemies":"3 Louse","floor":10,"turns":3},{"damage":3,"enemies":"2 Fungi Beasts","floor":12,"turns":3},{"damage":0,"enemies":"Looter","floor":14,"turns":2},{"damage":45,"enemies":"The Guardian","floor":16,"turns":10},{"damage":15,"enemies":"3 Byrds","floor":18,"turns":4},{"damage":10,"enemies":"Shell Parasite","floor":19,"turns":4},{"damage":7,"enemies":"Colosseum Slavers","floor":20,"turns":4},{"damage":26,"enemies":"Colosseum Nobs","floor":20,"turns":3}],"seed_played":"-1305355615776414321","potions_obtained":[{"floor":3,"key":"SpeedPotion"},{"floor":5,"key":"Strength Potion"},{"floor":10,"key":"Poison Potion"}],"is_trial":false,"path_per_floor":["M","$","M","?","M","R","?","E","T","M","R","M","?","M","R","B",null,"M","M"],"character_chosen":"DEFECT","items_purchased":["Outmaneuver","Cloak And Dagger"],"campfire_rested":2,"item_purchase_floors":[2,2],"current_hp_per_floor":[73,72,71,59,59,68,67,40,40,38,38,35,55,55,59,14,57,42,32,0],"gold":247,"neow_bonus":"","is_prod":false,"is_daily":true,"chose_seed":false,"campfire_upgraded":0,"win_rate":0,"timestamp":1535431522,"path_taken":["M","$","M","?","M","R","?","E","T","M","R","M","?","M","R","BOSS","M","M","?"],"build_version":"2018-08-23v2","purchased_purges":0,"victory":false,"max_hp_per_floor":[73,72,71,70,69,68,67,66,65,64,63,62,61,60,59,58,57,56,55,55],"card_choices":[{"not_picked":["Anger","Sword Boomerang"],"picked":"Sunder","floor":1},{"not_picked":["Chaos","Footwork"],"picked":"Outmaneuver","floor":3},{"not_picked":["Poisoned Stab","Flame Barrier","Uppercut"],"picked":"Sword Boomerang","floor":5},{"not_picked":["Streamline","Metallicize","Cold Snap"],"picked":"Doom and Gloom","floor":8},{"not_picked":["Body Slam","Outmaneuver","Poisoned Stab"],"picked":"Headbutt","floor":10},{"not_picked":["Cold Snap","Hologram","Shockwave"],"picked":"Dash","floor":12},{"not_picked":["Dagger Spray","Thunderclap","Calculated Gamble"],"picked":"Backstab","floor":14},{"not_picked":["Impervious","Offering","Grand Finale"],"picked":"All For One","floor":16},{"not_picked":["True Grit","Blade Dance","Sword Boomerang"],"picked":"Anger","floor":18},{"not_picked":["Dagger Spray","Clash+1","Cleave"],"picked":"Warcry+1","floor":19}],"player_experience":43663,"relics_obtained":[{"floor":8,"key":"Bag of Preparation"},{"floor":9,"key":"Peace Pipe"}],"event_choices":[{"event_name":"Scrap Ooze","player_choice":"success","floor":4,"damage_taken":12},{"event_name":"Wheel of Change","player_choice":"Curse","floor":7,"damage_taken":0},{"event_name":"Big Fish","player_choice":"Banana","floor":13,"damage_taken":0},{"event_name":"Colosseum","player_choice":"Fight","floor":20,"damage_taken":0},{"event_name":"Colosseum","player_choice":"Fought Nobs","floor":20,"damage_taken":0}],"is_beta":false,"boss_relics":[{"not_picked":["White Beast Statue","Velvet Choker"],"picked":"Sozu"}],"items_purged_floors":[],"is_endless":false,"potions_floor_spawned":[3,5,10,18],"killed_by":"Colosseum Nobs","ascension_level":0}