{"gold_per_floor":[114,19,19,35,35,35,54,67,90,15,15,15,15,32,32,127,127,145,165,165,165,41,41],"floor_reached":23,"playtime":1791,"items_purged":[],"score":181,"play_id":"e2a2e629-515b-4629-9c39-f45b4e0e9890","local_time":"20181028213449","is_ascension_mode":false,"campfire_choices":[{"data":"Fiend Fire","floor":6,"key":"SMITH"},{"floor":12,"key":"REST"},{"floor":15,"key":"REST"}],"neow_cost":"NONE","seed_source_timestamp":5370596563189,"circlet_count":0,"master_deck":["Strike_R","Strike_R","Strike_R","Strike_R","Strike_R","Defend_R","Defend_R","Defend_R","Defend_R","Bash","Fiend Fire+1","Inflame","Inflame+1","Headbutt","Metallicize","Uppercut","Warcry","Clash","Pommel Strike","Immolate","Entrench","Forethought","Bash","Demon Form","Intimidate","Blind"],"relics":["Burning Blood","Juzu Bracelet","Eternal Feather","MutagenicStrength"],"potions_floor_usage":[4,7,8,8,11,14,16],"damage_taken":[{"damage":0,"enemies":"Cultist","floor":1,"turns":2},{"damage":11,"enemies":"Small Slimes","floor":4,"turns":2},{"damage":6,"enemies":"Jaw Worm","floor":7,"turns":2},{"damage":49,"enemies":"Gremlin Gang","floor":8,"turns":5},{"damage":0,"enemies":"Red Slaver","floor":11,"turns":1},{"damage":0,"enemies":"Blue Slaver","floor":14,"turns":1},{"damage":71,"enemies":"Hexaghost","floor":16,"turns":11},{"damage":7,"enemies":"Chosen","floor":18,"turns":4},{"damage":47,"enemies":"2 Thieves","floor":19,"turns":5},{"damage":42,"enemies":"Slavers","floor":23,"turns":2}],"seed_played":"3287602611516092295","potions_obtained":[{"floor":1,"key":"Explosive Potion"},{"floor":4,"key":"Fire Potion"},{"floor":5,"key":"Fire Potion"},{"floor":5,"key":"SmokeBomb"},{"floor":7,"key":"SkillPotion"},{"floor":14,"key":"SkillPotion"}],"is_trial":false,"path_per_floor":["M","$","?","M","?","R","M","M","T","$","M","R","?","M","R","B",null,"M","M","?","?","$"],"character_chosen":"IRONCLAD","items_purchased":["Inflame","Headbutt","Fire Potion","Clash","Intimidate","Blind"],"campfire_rested":2,"item_purchase_floors":[2,2,10,10,22,22],"current_hp_per_floor":[80,80,80,75,75,75,75,32,32,32,38,62,62,68,80,15,80,79,38,38,38,38,0],"gold":41,"neow_bonus":"ONE_RANDOM_RARE_CARD","is_prod":false,"is_daily":false,"chose_seed":false,"campfire_upgraded":1,"win_rate":0,"timestamp":1540787689,"path_taken":["M","$","?","M","?","R","?","M","T","$","M","R","?","M","R","BOSS","M","M","?","?","$","E"],"build_version":"2018-10-25v2","purchased_purges":0,"victory":false,"max_hp_per_floor":[80,80,80,80,80,80,80,80,80,80,80,80,80,80,80,80,80,80,80,80,80,80,80],"card_choices":[{"not_picked":["Feel No Pain","Perfected Strike"],"picked":"Inflame","floor":1},{"not_picked":["Clothesline","Flame Barrier"],"picked":"Metallicize","floor":4},{"not_picked":["Entrench","Reckless Charge"],"picked":"Uppercut","floor":7},{"not_picked":["Corruption","Rupture"],"picked":"Warcry","floor":8},{"not_picked":["Blood for Blood","Perfected Strike"],"picked":"Pommel Strike","floor":14},{"not_picked":["Impervious","Feed"],"picked":"Immolate","floor":16},{"not_picked":["Flame Barrier+1","True Grit","Warcry"],"picked":"SKIP","floor":18},{"not_picked":["Pommel Strike","Metallicize"],"picked":"Entrench","floor":19}],"player_experience":71048,"relics_obtained":[{"floor":9,"key":"Juzu Bracelet"}],"event_choices":[{"damage_healed":0,"gold_gain":0,"player_choice":"Ignored","damage_taken":0,"max_hp_gain":0,"max_hp_loss":0,"event_name":"Liars Game","floor":3,"gold_loss":0},{"damage_healed":0,"gold_gain":0,"player_choice":"Got Potions","damage_taken":0,"max_hp_gain":0,"max_hp_loss":0,"event_name":"The Lab","floor":5,"gold_loss":0},{"damage_healed":0,"gold_gain":0,"player_choice":"Upgraded","damage_taken":0,"max_hp_gain":0,"max_hp_loss":0,"event_name":"Upgrade Shrine","floor":13,"gold_loss":0,"cards_upgraded":["Inflame"]},{"damage_healed":0,"gold_gain":0,"player_choice":"Inject Mutagens","damage_taken":0,"relics_obtained":["MutagenicStrength"],"max_hp_gain":0,"max_hp_loss":0,"event_name":"Drug Dealer","floor":20,"gold_loss":0},{"damage_healed":0,"gold_gain":0,"player_choice":"3 cards matched","damage_taken":0,"max_hp_gain":0,"max_hp_loss":0,"event_name":"Match and Keep!","floor":21,"gold_loss":0,"cards_obtained":["Forethought","Bash","Demon Form"]}],"is_beta":false,"boss_relics":[{"not_picked":["White Beast Statue","Orrery"],"picked":"Eternal Feather"}],"items_purged_floors":[],"is_endless":false,"potions_floor_spawned":[1,4,7,11,14],"killed_by":"Slavers","ascension_level":0}