{"gold_per_floor":[212,10,10,25,41,73,91,111,111,146,146,146,157,170,170,170],"floor_reached":16,"playtime":595,"items_purged":[],"score":120,"play_id":"159a447e-4b59-4e2d-a538-ba9dc13fdbed","local_time":"20181221093228","is_ascension_mode":true,"campfire_choices":[{"floor":12,"key":"REST"},{"floor":15,"key":"REST"}],"neow_cost":"NONE","seed_source_timestamp":130230250118518,"circlet_count":0,"master_deck":["Strike_R","Strike_R","Strike_R","Strike_R","Strike_R","Defend_R","Defend_R","Defend_R","Defend_R","Bash","Twin Strike","Ghostly Armor","Armaments","Anger","Clothesline","Armaments","Anger","Bash","Flex","Anger","Twin Strike","Flex"],"relics":["Burning Blood","Sling","Potion Belt","Dream Catcher"],"potions_floor_usage":[6,16],"damage_taken":[{"damage":6,"enemies":"Jaw Worm","floor":1,"turns":3},{"damage":8,"enemies":"2 Louse","floor":4,"turns":2},{"damage":4,"enemies":"Cultist","floor":5,"turns":4},{"damage":33,"enemies":"Gremlin Nob","floor":6,"turns":5},{"damage":12,"enemies":"Large Slime","floor":7,"turns":6},{"damage":16,"enemies":"Exordium Wildlife","floor":8,"turns":4},{"damage":26,"enemies":"Lagavulin","floor":10,"turns":6},{"damage":14,"enemies":"Blue Slaver","floor":13,"turns":3},{"damage":21,"enemies":"3 Louse","floor":14,"turns":3},{"damage":50,"enemies":"Hexaghost","floor":16,"turns":10}],"seed_played":"7018041008247143431","potions_obtained":[{"floor":4,"key":"Explosive Potion"},{"floor":7,"key":"SpeedPotion"},{"floor":10,"key":"SmokeBomb"},{"floor":14,"key":"Explosive Potion"}],"is_trial":false,"path_per_floor":["M","$","?","M","M","E","M","M","T","E","?","R","M","M","R","B"],"character_chosen":"IRONCLAD","items_purchased":["Sling"],"campfire_rested":2,"item_purchase_floors":[2],"current_hp_per_floor":[80,80,85,83,85,58,52,42,42,22,22,47,39,24,49,0],"gold":170,"neow_bonus":"HUNDRED_GOLD","is_prod":false,"is_daily":false,"chose_seed":false,"campfire_upgraded":0,"win_rate":0,"timestamp":1545413548,"path_taken":["M","$","?","M","M","E","M","M","T","E","?","R","?","M","R","BOSS"],"build_version":"2018-12-20","purchased_purges":0,"victory":false,"max_hp_per_floor":[80,80,85,85,85,85,85,85,85,85,85,85,85,85,85,85],"card_choices":[{"not_picked":["Iron Wave","Clash"],"picked":"Twin Strike","floor":1},{"not_picked":["Perfected Strike","Headbutt"],"picked":"Ghostly Armor","floor":4},{"not_picked":["Sentinel","Clothesline"],"picked":"Armaments","floor":5},{"not_picked":["Double Tap","Power Through"],"picked":"Anger","floor":6},{"not_picked":["Wild Strike","Bloodletting"],"picked":"Clothesline","floor":7},{"not_picked":["Reckless Charge","Battle Trance"],"picked":"Armaments","floor":8},{"not_picked":["Iron Wave","Wild Strike"],"picked":"Anger","floor":10},{"not_picked":["Fire Breathing","Clash"],"picked":"Flex","floor":12},{"not_picked":["Disarm","Flex"],"picked":"Anger","floor":13},{"not_picked":["Wild Strike","Body Slam"],"picked":"Twin Strike","floor":14},{"not_picked":["Sentinel","Battle Trance"],"picked":"Flex","floor":15}],"player_experience":309048,"relics_obtained":[{"floor":6,"key":"Potion Belt"},{"floor":10,"key":"Dream Catcher"}],"event_choices":[{"damage_healed":0,"gold_gain":0,"player_choice":"Donut","damage_taken":0,"max_hp_gain":5,"max_hp_loss":0,"event_name":"Big Fish","floor":3,"gold_loss":0},{"damage_healed":0,"gold_gain":0,"player_choice":"1 cards matched","damage_taken":0,"max_hp_gain":0,"max_hp_loss":0,"event_name":"Match and Keep!","floor":11,"gold_loss":0,"cards_obtained":["Bash"]}],"is_beta":false,"boss_relics":[],"items_purged_floors":[],"is_endless":false,"potions_floor_spawned":[4,7,10,14],"killed_by":"Hexaghost","ascension_level":1}