{"gold_per_floor":[110,125,125,0,0,0,0,16,39,50,81,91,115,215,215,312,312,324,324,524,534,547,547,84,95,95,95,112,112,15,28,28,28],"floor_reached":33,"playtime":970,"items_purged":["Strike_R","Strike_R"],"score":259,"play_id":"e3838ac4-c886-426c-926a-90901596bf1d","local_time":"20190403213119","is_ascension_mode":true,"campfire_choices":[{"data":"Flex","floor":6,"key":"SMITH"},{"floor":15,"key":"REST"},{"data":"Spot Weakness","floor":23,"key":"SMITH"},{"data":"Searing Blow","floor":27,"key":"SMITH"},{"data":"Searing Blow+1","floor":29,"key":"SMITH"},{"floor":32,"key":"REST"}],"neow_cost":"NONE","seed_source_timestamp":1378809364767344,"circlet_count":0,"master_deck":["Strike_R","Strike_R","Strike_R","Defend_R+1","Defend_R","Defend_R","Defend_R","Bash","Pommel Strike","Anger","Flex+1","Heavy Blade","Armaments+1","Cleave","Perfected Strike","Feed","Spot Weakness+1","Flex","Anger","Blood for Blood","Chrysalis","Searing Blow+2","Armaments+1"],"relics":["Burning Blood","NeowsBlessing","Anchor","Shuriken","Happy Flower","War Paint","Sozu","Membership Card","Pen Nib","Letter Opener","PrismaticShard"],"potions_floor_usage":[10,22],"damage_taken":[{"damage":0,"enemies":"Small Slimes","floor":1,"turns":1},{"damage":0,"enemies":"Cultist","floor":2,"turns":1},{"damage":0,"enemies":"2 Louse","floor":8,"turns":1},{"damage":9,"enemies":"Blue Slaver","floor":10,"turns":3},{"damage":23,"enemies":"Gremlin Nob","floor":11,"turns":4},{"damage":18,"enemies":"Large Slime","floor":12,"turns":4},{"damage":34,"enemies":"Slime Boss","floor":16,"turns":8},{"damage":5,"enemies":"Spheric Guardian","floor":18,"turns":3},{"damage":10,"enemies":"2 Thieves","floor":21,"turns":3},{"damage":22,"enemies":"Snake Plant","floor":22,"turns":3},{"damage":22,"enemies":"Cultist and Chosen","floor":25,"turns":5},{"damage":22,"enemies":"Centurion and Healer","floor":28,"turns":4},{"damage":10,"enemies":"Snecko","floor":31,"turns":3},{"damage":94,"enemies":"Automaton","floor":33,"turns":6}],"seed_played":"-8875345638064646480","potions_obtained":[{"floor":2,"key":"Poison Potion"},{"floor":8,"key":"Regen Potion"},{"floor":11,"key":"SpeedPotion"}],"is_trial":false,"path_per_floor":["M","M","?","$","$","R","?","M","T","M","E","M","T","?","R","B",null,"M","?","?","M","M","R","$","M","T","R","M","R","$","M","R","B"],"character_chosen":"IRONCLAD","items_purchased":["Flex","Membership Card","Pen Nib","Blood for Blood","Chrysalis","PrismaticShard"],"campfire_rested":2,"item_purchase_floors":[4,24,24,24,24,30],"current_hp_per_floor":[80,80,80,80,80,80,77,80,80,79,62,50,50,50,74,46,80,83,83,83,82,70,70,70,54,54,54,41,41,41,37,64,0],"gold":28,"neow_bonus":"THREE_ENEMY_KILL","is_prod":false,"is_daily":false,"chose_seed":false,"campfire_upgraded":4,"win_rate":0,"timestamp":1554352279,"path_taken":["M","M","?","?","$","R","?","M","T","M","E","M","?","?","R","BOSS","M","?","?","M","?","R","?","M","T","R","M","R","$","?","R","BOSS"],"build_version":"2019-01-23","purchased_purges":2,"victory":false,"max_hp_per_floor":[80,80,80,80,80,80,80,80,80,80,80,80,80,80,80,80,80,83,83,83,86,90,90,90,90,90,90,93,93,93,93,93,93],"card_choices":[{"not_picked":["Shrug It Off","Warcry"],"picked":"Pommel Strike","floor":1},{"not_picked":["Ghostly Armor","Hemokinesis"],"picked":"Anger","floor":2},{"not_picked":["Seeing Red","Dropkick"],"picked":"Heavy Blade","floor":8},{"not_picked":["Wild Strike","Cleave"],"picked":"Armaments","floor":10},{"not_picked":["Brutality","Clash"],"picked":"Cleave","floor":11},{"not_picked":["Flame Barrier","Sword Boomerang"],"picked":"Perfected Strike","floor":12},{"not_picked":["Fiend Fire","Brutality"],"picked":"Feed","floor":16},{"not_picked":["Twin Strike","Anger+1"],"picked":"Spot Weakness","floor":18},{"not_picked":["Havoc","Infernal Blade"],"picked":"Flex","floor":21},{"not_picked":["Wild Strike","Thunderclap"],"picked":"Anger","floor":22},{"not_picked":["Dual Wield","Evolve"],"picked":"Searing Blow","floor":25},{"not_picked":["Flex","Entrench"],"picked":"Armaments+1","floor":28},{"not_picked":["Sword Boomerang","Go for the Eyes","Reprogram"],"picked":"SKIP","floor":31}],"player_experience":397959,"relics_obtained":[{"floor":11,"key":"Happy Flower"},{"floor":13,"key":"War Paint"},{"floor":26,"key":"Letter Opener"}],"event_choices":[{"damage_healed":0,"gold_gain":0,"player_choice":"Gave Potion","damage_taken":0,"relics_obtained":["Anchor"],"max_hp_gain":0,"max_hp_loss":0,"event_name":"WeMeetAgain","floor":3,"gold_loss":0},{"damage_healed":0,"gold_gain":0,"player_choice":"Success","damage_taken":3,"relics_obtained":["Shuriken"],"max_hp_gain":0,"max_hp_loss":0,"event_name":"Scrap Ooze","floor":7,"gold_loss":0},{"damage_healed":0,"gold_gain":100,"player_choice":"Pray","damage_taken":0,"max_hp_gain":0,"max_hp_loss":0,"event_name":"Golden Shrine","floor":14,"gold_loss":0},{"damage_healed":0,"gold_gain":0,"player_choice":"Ignored","damage_taken":0,"max_hp_gain":0,"max_hp_loss":0,"event_name":"Vampires","floor":19,"gold_loss":0},{"damage_healed":0,"gold_gain":250,"player_choice":"Bet on Owner","damage_taken":0,"max_hp_gain":0,"max_hp_loss":0,"event_name":"The Joust","floor":20,"gold_loss":50}],"is_beta":false,"boss_relics":[{"not_picked":["Orrery","Eternal Feather"],"picked":"Sozu"}],"items_purged_floors":[4,24],"is_endless":false,"potions_floor_spawned":[2,8,11,18,21,25],"killed_by":"Automaton","ascension_level":1}