{"gold_per_floor":[110,56,72,72,83,83,109,109,109,128,128,142,92,24,24,103,103,118,118,118,136,149,149,159,159,159,159,159,159,172,192,192,192],"floor_reached":33,"playtime":1135,"items_purged":[],"score":445,"play_id":"f0f88b04-7b4f-4e50-9d3d-6bbacc807bb7","local_time":"20190504172927","is_ascension_mode":true,"campfire_choices":[{"data":"True Grit","floor":6,"key":"SMITH"},{"data":"Bash","floor":8,"key":"SMITH"},{"data":"Spot Weakness","floor":11,"key":"SMITH"},{"data":"Shrug It Off","floor":15,"key":"SMITH"},{"data":"Feed","floor":23,"key":"SMITH"},{"floor":25,"key":"REST"},{"data":"RitualDagger","floor":28,"key":"SMITH"},{"floor":32,"key":"REST"}],"neow_cost":"NONE","seed_source_timestamp":651708491087767,"circlet_count":0,"master_deck":["AscendersBane","Strike_R","Strike_R","Strike_R","Strike_R","Strike_R","Defend_R","Defend_R","Bash+1","Shrug It Off+1","Shrug It Off","True Grit+1","Spot Weakness+1","Feed+1","Shrug It Off","Intimidate","RitualDagger+1","Spot Weakness","Double Tap"],"relics":["Burning Blood","Torii","Letter Opener","Juzu Bracelet","Sozu","Self Forming Clay"],"potions_floor_usage":[5,7,7,7,7,16,16],"damage_taken":[{"damage":0,"enemies":"Small Slimes","floor":1,"turns":3},{"damage":2,"enemies":"Cultist","floor":3,"turns":4},{"damage":0,"enemies":"2 Louse","floor":5,"turns":1},{"damage":30,"enemies":"Lagavulin","floor":7,"turns":6},{"damage":9,"enemies":"2 Fungi Beasts","floor":10,"turns":4},{"damage":4,"enemies":"Lots of Slimes","floor":12,"turns":5},{"damage":47,"enemies":"Slime Boss","floor":16,"turns":12},{"damage":28,"enemies":"2 Thieves","floor":18,"turns":4},{"damage":22,"enemies":"Spheric Guardian","floor":21,"turns":6},{"damage":12,"enemies":"Centurion and Healer","floor":22,"turns":7},{"damage":30,"enemies":"Cultist and Chosen","floor":24,"turns":6},{"damage":7,"enemies":"Snake Plant","floor":30,"turns":4},{"damage":8,"enemies":"Centurion and Healer","floor":31,"turns":5},{"damage":63,"enemies":"Collector","floor":33,"turns":6}],"seed_played":"7826595855386268517","potions_obtained":[{"floor":4,"key":"EntropicBrew"},{"floor":4,"key":"Explosive Potion"},{"floor":5,"key":"SpeedPotion"},{"floor":7,"key":"Weak Potion"},{"floor":10,"key":"Strength Potion"}],"is_trial":false,"path_per_floor":["M","$","M","?","M","R","E","R","T","M","R","M","?","?","R","B",null,"M","?","$","M","M","R","M","R","T","?","R","$","M","M","R","B"],"character_chosen":"IRONCLAD","items_purchased":["Shrug It Off"],"campfire_rested":2,"item_purchase_floors":[2],"current_hp_per_floor":[81,81,82,82,82,82,58,58,58,55,55,57,57,57,57,16,66,47,47,47,34,31,31,11,39,39,33,33,33,36,34,63,0],"gold":192,"neow_bonus":"TEN_PERCENT_HP_BONUS","is_prod":false,"is_daily":false,"chose_seed":false,"campfire_upgraded":6,"win_rate":0,"timestamp":1556962167,"path_taken":["M","$","M","?","M","R","E","R","T","?","R","M","?","?","R","BOSS","M","?","$","M","M","R","M","R","T","?","R","$","M","M","R","BOSS"],"build_version":"2019-01-23","purchased_purges":0,"victory":false,"max_hp_per_floor":[82,82,82,82,82,82,82,82,82,82,82,82,82,82,82,82,82,85,85,85,88,91,91,95,95,95,95,95,95,99,99,99,99],"card_choices":[{"not_picked":["Havoc","Flex"],"picked":"Shrug It Off","floor":1},{"not_picked":["Thunderclap","Sever Soul"],"picked":"True Grit","floor":3},{"not_picked":["Anger","Clothesline"],"picked":"Spot Weakness","floor":5},{"not_picked":["Havoc","Perfected Strike","Dual Wield"],"picked":"SKIP","floor":7},{"not_picked":["Cleave","Anger","Wild Strike"],"picked":"SKIP","floor":10},{"not_picked":["Sword Boomerang","Iron Wave","Headbutt"],"picked":"SKIP","floor":12},{"not_picked":["Barricade","Dark Embrace"],"picked":"Feed","floor":16},{"not_picked":["Perfected Strike","Iron Wave"],"picked":"Shrug It Off","floor":18},{"not_picked":["Cleave","Clash+1","Carnage"],"picked":"SKIP","floor":21},{"not_picked":["Body Slam","Fire Breathing","Dropkick"],"picked":"SKIP","floor":22},{"not_picked":["Headbutt","Pommel Strike"],"picked":"Intimidate","floor":24},{"not_picked":["Fire Breathing","Armaments"],"picked":"Spot Weakness","floor":30},{"not_picked":["Bloodletting","Burning Pact"],"picked":"Double Tap","floor":31}],"player_experience":476768,"relics_obtained":[{"floor":7,"key":"Torii"},{"floor":9,"key":"Letter Opener"},{"floor":26,"key":"Self Forming Clay"}],"event_choices":[{"damage_healed":0,"gold_gain":0,"player_choice":"Got Potions","damage_taken":0,"max_hp_gain":0,"max_hp_loss":0,"event_name":"Lab","floor":4,"gold_loss":0},{"cards_removed":["Defend_R"],"damage_healed":0,"gold_gain":0,"player_choice":"Card Removal","damage_taken":0,"max_hp_gain":0,"max_hp_loss":0,"event_name":"The Cleric","floor":13,"gold_loss":50},{"damage_healed":0,"gold_gain":0,"player_choice":"Paid Gold","damage_taken":0,"relics_obtained":["Juzu Bracelet"],"max_hp_gain":0,"max_hp_loss":0,"event_name":"WeMeetAgain","floor":14,"gold_loss":68},{"cards_removed":["Defend_R"],"damage_healed":0,"gold_gain":0,"player_choice":"Offered Basic","damage_taken":0,"max_hp_gain":0,"max_hp_loss":0,"event_name":"Bonfire Elementals","floor":19,"gold_loss":0},{"damage_healed":0,"gold_gain":0,"player_choice":"Joined the Cult","damage_taken":6,"max_hp_gain":0,"max_hp_loss":0,"event_name":"Nest","floor":27,"gold_loss":0,"cards_obtained":["RitualDagger"]}],"is_beta":false,"boss_relics":[{"not_picked":["White Beast Statue","Runic Cube"],"picked":"Sozu"}],"items_purged_floors":[],"is_endless":false,"potions_floor_spawned":[5,7,10,18,22,24],"killed_by":"Collector","ascension_level":14}