{"gold_per_floor":[112,112,112,77,152,152,152,152,206,206,220,238,261,1,1,92,92,107,107,307,281,5,46,46,46,70,91,107,123,123,141,141,141],"floor_reached":33,"playtime":818,"items_purged":[],"score":510,"play_id":"8b4e0ed0-2c8b-4ce5-94ec-b16f203b429f","local_time":"20190501192006","is_ascension_mode":true,"campfire_choices":[{"data":"Metallicize","floor":6,"key":"SMITH"},{"data":"Defend_R","floor":8,"key":"SMITH"},{"data":"Defend_R","floor":10,"key":"SMITH"},{"data":"Metallicize","floor":15,"key":"SMITH"},{"data":"Immolate","floor":24,"key":"SMITH"},{"data":"J.A.X.","floor":30,"key":"SMITH"},{"floor":32,"key":"REST"}],"neow_cost":"NONE","seed_source_timestamp":3824742867044492,"circlet_count":0,"master_deck":["AscendersBane","Strike_R","Strike_R","Strike_R","Strike_R","Strike_R","Defend_R","Defend_R","Defend_R+1","Defend_R+1","Bash+1","Metallicize+1","Iron Wave","Iron Wave","Metallicize+1","Immolate+1","J.A.X.+1","Metallicize"],"relics":["Burning Blood","Orichalcum","Golden Idol","Omamori","Meat on the Bone","Dream Catcher","Blood Vial","Velvet Choker","Paper Frog","Sundial","Smiling Mask"],"potions_floor_usage":[1,21,21,28,33],"damage_taken":[{"damage":6,"enemies":"Jaw Worm","floor":1,"turns":2},{"damage":2,"enemies":"2 Louse","floor":11,"turns":4},{"damage":0,"enemies":"Small Slimes","floor":12,"turns":5},{"damage":5,"enemies":"Looter","floor":13,"turns":4},{"damage":43,"enemies":"The Guardian","floor":16,"turns":18},{"damage":17,"enemies":"Spheric Guardian","floor":18,"turns":7},{"damage":7,"enemies":"2 Thieves","floor":21,"turns":4},{"damage":40,"enemies":"Book of Stabbing","floor":23,"turns":6},{"damage":22,"enemies":"Snake Plant","floor":27,"turns":2},{"damage":18,"enemies":"Shelled Parasite and Fungi","floor":28,"turns":2},{"damage":15,"enemies":"Centurion and Healer","floor":29,"turns":4},{"damage":7,"enemies":"Snecko","floor":31,"turns":3},{"damage":81,"enemies":"Collector","floor":33,"turns":7}],"seed_played":"-8267728002085241740","potions_obtained":[{"floor":1,"key":"Fruit Juice"},{"floor":13,"key":"EssenceOfSteel"},{"floor":16,"key":"Explosive Potion"},{"floor":23,"key":"Ancient Potion"},{"floor":29,"key":"Poison Potion"}],"is_trial":false,"path_per_floor":["M","?","?","?","T","R","?","R","T","R","M","M","M","$","R","B",null,"M","?","?","M","$","E","R","?","T","M","M","M","R","M","R","B"],"character_chosen":"IRONCLAD","items_purchased":["Metallicize","Blood Vial","Paper Frog"],"campfire_rested":1,"item_purchase_floors":[14,14,22],"current_hp_per_floor":[73,45,27,47,47,47,47,47,47,47,51,57,58,58,58,35,69,60,60,60,61,61,41,41,33,33,31,33,38,38,51,75,0],"gold":141,"neow_bonus":"RANDOM_COMMON_RELIC","is_prod":false,"is_daily":false,"chose_seed":false,"campfire_upgraded":6,"win_rate":0,"timestamp":1556734806,"path_taken":["M","?","?","?","?","R","?","R","T","R","M","M","M","$","R","BOSS","M","?","?","?","$","E","R","?","T","M","?","M","R","M","R","BOSS"],"build_version":"2019-01-23","purchased_purges":0,"victory":false,"max_hp_per_floor":[80,80,80,80,80,80,80,80,80,80,80,80,80,80,80,80,80,80,80,80,80,80,80,80,80,80,80,80,80,80,80,80,80],"card_choices":[{"not_picked":["Rage","True Grit"],"picked":"Metallicize","floor":1},{"not_picked":["Rage","Dual Wield"],"picked":"Iron Wave","floor":11},{"not_picked":["Wild Strike","Corruption"],"picked":"Iron Wave","floor":12},{"not_picked":["Warcry","Clothesline","Wild Strike"],"picked":"SKIP","floor":13},{"not_picked":["Limit Break","Fiend Fire"],"picked":"Immolate","floor":16},{"not_picked":["Clash","Sword Boomerang+1","Entrench"],"picked":"SKIP","floor":18},{"not_picked":["Heavy Blade","True Grit+1","Armaments"],"picked":"SKIP","floor":21},{"not_picked":["Dark Embrace","Headbutt","Perfected Strike"],"picked":"SKIP","floor":23},{"not_picked":["Body Slam","Anger","Rupture"],"picked":"SKIP","floor":27},{"not_picked":["Warcry","Sword Boomerang+1","Combust"],"picked":"SKIP","floor":28},{"not_picked":["Warcry","Pommel Strike","Wild Strike"],"picked":"SKIP","floor":29},{"not_picked":["Disarm+1","Entrench"],"picked":"Metallicize","floor":31}],"player_experience":786553,"relics_obtained":[{"floor":5,"key":"Meat on the Bone"},{"floor":9,"key":"Dream Catcher"},{"floor":23,"key":"Sundial"},{"floor":26,"key":"Smiling Mask"}],"event_choices":[{"damage_healed":0,"gold_gain":0,"player_choice":"Take Damage","damage_taken":28,"relics_obtained":["Golden Idol"],"max_hp_gain":0,"max_hp_loss":0,"event_name":"Golden Idol","floor":2,"gold_loss":0},{"damage_healed":0,"gold_gain":0,"player_choice":"Success","damage_taken":18,"relics_obtained":["Omamori"],"max_hp_gain":0,"max_hp_loss":0,"event_name":"Scrap Ooze","floor":3,"gold_loss":0},{"damage_healed":20,"gold_gain":0,"player_choice":"Healed","damage_taken":0,"max_hp_gain":0,"max_hp_loss":0,"event_name":"The Cleric","floor":4,"gold_loss":35},{"damage_healed":0,"gold_gain":0,"player_choice":"Grow","damage_taken":0,"max_hp_gain":0,"max_hp_loss":0,"event_name":"Living Wall","floor":7,"gold_loss":0,"cards_upgraded":["Bash"]},{"damage_healed":0,"gold_gain":0,"player_choice":"Obtain J.A.X.","damage_taken":0,"max_hp_gain":0,"max_hp_loss":0,"event_name":"Drug Dealer","floor":19,"gold_loss":0,"cards_obtained":["J.A.X."]},{"damage_healed":0,"gold_gain":250,"player_choice":"Bet on Owner","damage_taken":0,"max_hp_gain":0,"max_hp_loss":0,"event_name":"The Joust","floor":20,"gold_loss":50},{"damage_healed":0,"gold_gain":0,"player_choice":"","damage_taken":8,"max_hp_gain":0,"max_hp_loss":0,"event_name":"Knowing Skull","floor":25,"potions_obtained":[],"gold_loss":0,"cards_obtained":[]}],"is_beta":false,"boss_relics":[{"not_picked":["Philosopher\u0027s Stone","Mark of Pain"],"picked":"Velvet Choker"}],"items_purged_floors":[],"is_endless":false,"potions_floor_spawned":[1,13,16,18,23,29],"killed_by":"Collector","ascension_level":20}