{"gold_per_floor":[113,129,129,0,0,0,0,30,83,13,13,13,13,25,25,25],"floor_reached":16,"playtime":370,"items_purged":[],"score":126,"play_id":"cfa647a9-ebf4-4496-89c2-a366dd0a165e","local_time":"20181230213905","is_ascension_mode":true,"campfire_choices":[{"floor":7,"key":"REST"},{"data":"Carnage","floor":15,"key":"SMITH"}],"neow_cost":"PERCENT_DAMAGE","seed_source_timestamp":170112954479780,"circlet_count":0,"master_deck":["Strike_R","Strike_R","Strike_R","Defend_R+1","Defend_R+1","Defend_R","Defend_R","Bash","Flex","Armaments+1","Flex","Anger","Sword Boomerang","Juggernaut","Intimidate","Carnage+1"],"relics":["Burning Blood","Juzu Bracelet"],"potions_floor_usage":[16],"damage_taken":[{"damage":2,"enemies":"Small Slimes","floor":1,"turns":3},{"damage":11,"enemies":"Jaw Worm","floor":2,"turns":2},{"damage":53,"enemies":"Lagavulin","floor":8,"turns":7},{"damage":0,"enemies":"2 Louse","floor":14,"turns":3},{"damage":65,"enemies":"Slime Boss","floor":16,"turns":12}],"seed_played":"6281280800560482135","potions_obtained":[{"floor":2,"key":"Dexterity Potion"},{"floor":14,"key":"FearPotion"}],"is_trial":false,"path_per_floor":["M","M","?","$","?","?","R","E","T","$","?","?","?","M","R","B"],"character_chosen":"IRONCLAD","items_purchased":["Flex","Anger","Sword Boomerang","Intimidate"],"campfire_rested":1,"item_purchase_floors":[4,4,4,10],"current_hp_per_floor":[76,71,64,64,45,45,73,26,26,26,26,58,58,64,64,0],"gold":25,"neow_bonus":"TWENTY_PERCENT_HP_BONUS","is_prod":false,"is_daily":false,"chose_seed":false,"campfire_upgraded":1,"win_rate":0,"timestamp":1546234745,"path_taken":["M","M","?","$","?","?","R","E","T","$","?","?","?","M","R","BOSS"],"build_version":"2018-12-20","purchased_purges":0,"victory":false,"max_hp_per_floor":[96,96,96,96,96,96,96,96,96,96,96,96,96,96,96,96],"card_choices":[{"not_picked":["Havoc","Ghostly Armor"],"picked":"Flex","floor":1},{"not_picked":["True Grit","Immolate"],"picked":"Armaments","floor":2},{"not_picked":["Pommel Strike","Warcry"],"picked":"Juggernaut","floor":8},{"not_picked":["Armaments","Shrug It Off"],"picked":"Carnage","floor":14}],"player_experience":325079,"relics_obtained":[{"floor":8,"key":"Juzu Bracelet"}],"event_choices":[{"cards_removed":["Strike_R"],"damage_healed":0,"gold_gain":0,"player_choice":"Card Removal","damage_taken":7,"max_hp_gain":0,"max_hp_loss":0,"event_name":"Golden Wing","floor":3,"gold_loss":0},{"damage_healed":0,"gold_gain":0,"player_choice":"Entered Light","damage_taken":19,"max_hp_gain":0,"max_hp_loss":0,"event_name":"Shining Light","floor":5,"gold_loss":0,"cards_upgraded":["Defend_R","Defend_R"]},{"damage_healed":0,"gold_gain":0,"player_choice":"Ignored","damage_taken":0,"max_hp_gain":0,"max_hp_loss":0,"event_name":"Golden Idol","floor":6,"gold_loss":0},{"cards_removed":["Strike_R"],"damage_healed":0,"gold_gain":0,"player_choice":"Card Removal","damage_taken":0,"max_hp_gain":0,"max_hp_loss":0,"event_name":"Wheel of Change","floor":11,"gold_loss":0},{"damage_healed":32,"gold_gain":0,"player_choice":"Banana","damage_taken":0,"max_hp_gain":0,"max_hp_loss":0,"event_name":"Big Fish","floor":12,"gold_loss":0},{"damage_healed":0,"gold_gain":0,"player_choice":"Grow","damage_taken":0,"max_hp_gain":0,"max_hp_loss":0,"event_name":"Living Wall","floor":13,"gold_loss":0,"cards_upgraded":["Armaments"]}],"is_beta":false,"boss_relics":[],"items_purged_floors":[],"is_endless":false,"potions_floor_spawned":[2,14],"killed_by":"Slime Boss","ascension_level":1}