{"gold_per_floor":[365,20,20,31,41,41,76,94,394,413,429,429,445,445,445,516,516,529,135,155,80,80,80,111,121,121,221,247,258,16,27,27,27],"floor_reached":33,"playtime":1227,"items_purged":["Injury","Parasite"],"score":578,"play_id":"acd57649-75e8-4cb6-b8e7-c8dfd42e2db4","local_time":"20190502000911","is_ascension_mode":true,"campfire_choices":[{"data":"Neutralize","floor":6,"key":"SMITH"},{"floor":15,"key":"REST"},{"floor":23,"key":"REST"},{"floor":32,"key":"REST"}],"neow_cost":"CURSE","seed_source_timestamp":3841678452363653,"circlet_count":0,"master_deck":["AscendersBane","Defend_G","Defend_G","Defend_G","Defend_G","Defend_G","Strike_G","Strike_G","Strike_G","Strike_G","Strike_G","Survivor","Neutralize+1","Cloak And Dagger","Apotheosis+1","Dash","Caltrops","Finisher","Cloak And Dagger","Quick Slash","PiercingWail","Corpse Explosion","Terror","Glass Knife","Cloak And Dagger+1","Accuracy","Dodge and Roll","Backflip","Acrobatics+1","PiercingWail","Slice","Dash","PiercingWail"],"relics":["Ring of the Snake","Ice Cream","Old Coin","Fusion Hammer","PreservedInsect","Lee\u0027s Waffle","Bird Faced Urn","Ninja Scroll","The Specimen","Mercury Hourglass","WingedGreaves"],"potions_floor_usage":[16,20,33,33],"damage_taken":[{"damage":6,"enemies":"Cultist","floor":1,"turns":4},{"damage":0,"enemies":"2 Louse","floor":4,"turns":3},{"damage":0,"enemies":"Small Slimes","floor":5,"turns":3},{"damage":12,"enemies":"Lagavulin","floor":7,"turns":8},{"damage":5,"enemies":"Exordium Wildlife","floor":8,"turns":4},{"damage":11,"enemies":"2 Fungi Beasts","floor":10,"turns":4},{"damage":16,"enemies":"Gremlin Gang","floor":11,"turns":4},{"damage":8,"enemies":"Red Slaver","floor":13,"turns":4},{"damage":28,"enemies":"Hexaghost","floor":16,"turns":9},{"damage":16,"enemies":"Spheric Guardian","floor":18,"turns":5},{"damage":0,"enemies":"3 Byrds","floor":20,"turns":3},{"damage":22,"enemies":"Book of Stabbing","floor":24,"turns":4},{"damage":18,"enemies":"Snake Plant","floor":25,"turns":4},{"damage":0,"enemies":"Colosseum Slavers","floor":27,"turns":1},{"damage":0,"enemies":"Colosseum Nobs","floor":27,"turns":4},{"damage":6,"enemies":"Slavers","floor":28,"turns":2},{"damage":0,"enemies":"Centurion and Healer","floor":29,"turns":5},{"damage":9,"enemies":"Snecko","floor":31,"turns":4},{"damage":80,"enemies":"Collector","floor":33,"turns":8}],"seed_played":"3987570345490374638","potions_obtained":[{"floor":8,"key":"GhostInAJar"},{"floor":10,"key":"SpeedPotion"},{"floor":11,"key":"Regen Potion"},{"floor":16,"key":"Explosive Potion"},{"floor":24,"key":"Poison Potion"},{"floor":25,"key":"Fire Potion"},{"floor":27,"key":"EssenceOfSteel"}],"is_trial":false,"path_per_floor":["M","$","?","M","M","R","E","M","T","M","M","?","M","?","R","B",null,"M","$","M","$","?","R","E","M","T","?","E","M","$","M","R","B"],"character_chosen":"THE_SILENT","items_purchased":["Apotheosis","Dash","Caltrops","PreservedInsect","Lee\u0027s Waffle","Dash","PowerPotion"],"campfire_rested":3,"item_purchase_floors":[2,2,2,19,19,30,30],"current_hp_per_floor":[53,53,53,53,53,53,41,36,36,25,9,25,17,17,36,23,55,39,73,73,73,73,73,51,37,37,39,33,35,35,30,51,0],"gold":27,"neow_bonus":"TWO_FIFTY_GOLD","is_prod":false,"is_daily":false,"chose_seed":false,"campfire_upgraded":1,"win_rate":0,"timestamp":1556752151,"path_taken":["M","$","?","M","?","R","E","M","T","M","M","?","M","?","R","BOSS","M","$","M","$","?","R","E","M","T","?","E","M","$","M","R","BOSS"],"build_version":"2019-01-23","purchased_purges":2,"victory":false,"max_hp_per_floor":[66,66,66,66,66,66,66,66,66,66,66,66,66,66,66,66,66,66,73,73,73,73,73,73,73,73,73,73,73,70,70,70,70],"card_choices":[{"not_picked":["Setup","Underhanded Strike"],"picked":"Cloak And Dagger","floor":1},{"not_picked":["Backstab","Heel Hook"],"picked":"Finisher","floor":4},{"not_picked":["Bane","Well Laid Plans"],"picked":"Cloak And Dagger","floor":5},{"not_picked":["Distraction","Acrobatics"],"picked":"Quick Slash","floor":7},{"not_picked":["Masterful Stab","Flying Knee","Outmaneuver"],"picked":"SKIP","floor":8},{"not_picked":["Dagger Throw","Sucker Punch"],"picked":"PiercingWail","floor":10},{"not_picked":["Finisher","Flechettes"],"picked":"Corpse Explosion","floor":11},{"not_picked":["Heel Hook","Poisoned Stab"],"picked":"Terror","floor":13},{"not_picked":["Corpse Explosion","Phantasmal Killer"],"picked":"Glass Knife","floor":16},{"not_picked":["Poisoned Stab","PiercingWail"],"picked":"Cloak And Dagger+1","floor":18},{"not_picked":["Outmaneuver","Setup"],"picked":"Accuracy","floor":20},{"not_picked":["Bullet Time","Deadly Poison"],"picked":"Dodge and Roll","floor":24},{"not_picked":["Riddle With Holes","Sucker Punch"],"picked":"Backflip","floor":25},{"not_picked":["Prepared","Dagger Spray"],"picked":"Acrobatics+1","floor":27},{"not_picked":["Tactician","A Thousand Cuts"],"picked":"PiercingWail","floor":28},{"not_picked":["Choke","Backflip"],"picked":"Slice","floor":29},{"not_picked":["Eviscerate","Quick Slash+1"],"picked":"PiercingWail","floor":31}],"player_experience":793189,"relics_obtained":[{"floor":7,"key":"Ice Cream"},{"floor":9,"key":"Old Coin"},{"floor":24,"key":"Bird Faced Urn"},{"floor":26,"key":"Ninja Scroll"},{"floor":27,"key":"The Specimen"},{"floor":27,"key":"Mercury Hourglass"},{"floor":28,"key":"WingedGreaves"}],"event_choices":[{"damage_healed":0,"gold_gain":0,"player_choice":"Forge","damage_taken":0,"max_hp_gain":0,"max_hp_loss":0,"event_name":"Accursed Blacksmith","floor":3,"gold_loss":0,"cards_upgraded":["Apotheosis"]},{"damage_healed":16,"gold_gain":0,"player_choice":"Healed and dodged fight","damage_taken":0,"max_hp_gain":0,"max_hp_loss":0,"event_name":"Mushrooms","floor":12,"gold_loss":0,"cards_obtained":["Parasite"]},{"damage_healed":0,"gold_gain":0,"player_choice":"Ignored","damage_taken":0,"max_hp_gain":0,"max_hp_loss":0,"event_name":"Golden Idol","floor":14,"gold_loss":0},{"damage_healed":0,"gold_gain":0,"player_choice":"Ignored","damage_taken":0,"max_hp_gain":0,"max_hp_loss":0,"event_name":"Ghosts","floor":22,"gold_loss":0},{"damage_healed":0,"gold_gain":0,"player_choice":"Fight","damage_taken":0,"max_hp_gain":0,"max_hp_loss":0,"event_name":"Colosseum","floor":27,"gold_loss":0},{"damage_healed":0,"gold_gain":0,"player_choice":"Fought Nobs","damage_taken":0,"max_hp_gain":0,"max_hp_loss":0,"event_name":"Colosseum","floor":27,"gold_loss":0}],"is_beta":false,"boss_relics":[{"not_picked":["Orrery","Snecko Eye"],"picked":"Fusion Hammer"}],"items_purged_floors":[21,30],"is_endless":false,"potions_floor_spawned":[8,10,11,16,18,24,25,27],"killed_by":"Collector","ascension_level":20}