{"gold_per_floor":[116,133,133,133,13,13,41,60,87,87,122,122,157,174,174,278,278,295,107,124,141,151,151,168,168,191,208,208,208,222,222,222,317,317,336,436,436,187,202,202,45,62,62,11,38,62,74,97,109,121],"floor_reached":50,"playtime":3520,"items_purged":["Pain"],"score":788,"play_id":"991dfef5-bd30-4155-b909-d9a3f173dc8f","local_time":"20190423002311","is_ascension_mode":true,"campfire_choices":[{"data":"Conserve Battery","floor":6,"key":"SMITH"},{"floor":10,"key":"REST"},{"data":"Conserve Battery","floor":12,"key":"SMITH"},{"data":"Zap","floor":15,"key":"SMITH"},{"data":"Thunder Strike","floor":23,"key":"SMITH"},{"floor":25,"key":"REST"},{"data":"Panache","floor":29,"key":"SMITH"},{"data":"All For One","floor":32,"key":"SMITH"},{"floor":40,"key":"REST"},{"floor":47,"key":"REST"},{"floor":49,"key":"REST"}],"neow_cost":"NONE","seed_source_timestamp":214202078511300,"circlet_count":0,"master_deck":["AscendersBane","Strike_B","Strike_B","Strike_B","Strike_B","Defend_B","Defend_B","Defend_B","Zap+1","Dualcast","Go for the Eyes","Steam+1","Conserve Battery+1","FTL","Conserve Battery+1","All For One+1","FTL","Thunder Strike+1","Steam+1","Panache+1","White Noise+1","Cold Snap","Rebound+1","Ball Lightning","Reinforced Body+1","Go for the Eyes+1","Barrage+1","Hologram","Streamline+1","Cold Snap+1","Leap+1","Auto Shields+1","Rip and Tear+1"],"relics":["Cracked Core","WarpedTongs","Boot","Centennial Puzzle","Ornamental Fan","Dream Catcher","Eternal Feather","Art of War","White Beast Statue","Prayer Wheel","Singing Bowl","Oddly Smooth Stone","Gremlin Horn","MawBank"],"potions_floor_usage":[11,11,22,33,33,45,46,48,50,50],"damage_taken":[{"damage":2,"enemies":"Jaw Worm","floor":1,"turns":3},{"damage":7,"enemies":"Small Slimes","floor":2,"turns":3},{"damage":20,"enemies":"Lagavulin","floor":7,"turns":5},{"damage":0,"enemies":"Cultist","floor":8,"turns":3},{"damage":4,"enemies":"Gremlin Nob","floor":11,"turns":4},{"damage":11,"enemies":"3 Sentries","floor":13,"turns":8},{"damage":2,"enemies":"Exordium Thugs","floor":14,"turns":4},{"damage":3,"enemies":"The Guardian","floor":16,"turns":9},{"damage":3,"enemies":"Chosen","floor":18,"turns":5},{"damage":3,"enemies":"Shell Parasite","floor":20,"turns":5},{"damage":7,"enemies":"Shelled Parasite and Fungi","floor":21,"turns":4},{"damage":4,"enemies":"Snake Plant","floor":22,"turns":5},{"damage":27,"enemies":"Cultist and Chosen","floor":24,"turns":7},{"damage":5,"enemies":"Centurion and Healer","floor":27,"turns":5},{"damage":3,"enemies":"Sentry and Sphere","floor":30,"turns":4},{"damage":65,"enemies":"Automaton","floor":33,"turns":9},{"damage":12,"enemies":"Orb Walker","floor":35,"turns":4},{"damage":7,"enemies":"Mind Bloom Boss Battle","floor":36,"turns":7},{"damage":32,"enemies":"3 Darklings","floor":39,"turns":7},{"damage":38,"enemies":"Writhing Mass","floor":42,"turns":6},{"damage":11,"enemies":"Nemesis","floor":45,"turns":9},{"damage":0,"enemies":"Jaw Worm Horde","floor":46,"turns":5},{"damage":2,"enemies":"3 Darklings","floor":48,"turns":5},{"damage":97,"enemies":"Donu and Deca","floor":50,"turns":9}],"seed_played":"-7601307170681877080","potions_obtained":[{"floor":1,"key":"Dexterity Potion"},{"floor":8,"key":"Poison Potion"},{"floor":16,"key":"PowerPotion"},{"floor":20,"key":"Fire Potion"},{"floor":21,"key":"FocusPotion"},{"floor":27,"key":"SkillPotion"},{"floor":35,"key":"Ancient Potion"},{"floor":36,"key":"FocusPotion"},{"floor":45,"key":"Swift Potion"},{"floor":46,"key":"Dexterity Potion"},{"floor":48,"key":"Explosive Potion"}],"is_trial":false,"path_per_floor":["M","M","?","?","$","R","E","M","T","R","E","R","E","M","R","B",null,"M","$","M","M","M","R","M","R","T","M","?","R","M","$","R","B",null,"M","?","?","$","M","R","$","M","T","$","E","M","R","M","R","B"],"character_chosen":"DEFECT","items_purchased":["Conserve Battery","Panache","Singing Bowl","Oddly Smooth Stone","Block Potion"],"campfire_rested":5,"item_purchase_floors":[5,19,38,41,44],"current_hp_per_floor":[73,66,66,66,66,66,46,46,46,70,66,66,55,53,53,50,74,71,71,68,61,57,69,42,78,78,73,73,82,79,79,82,17,66,54,47,47,47,19,61,61,23,23,23,14,16,63,61,96,0],"gold":121,"neow_bonus":"TEN_PERCENT_HP_BONUS","is_prod":false,"is_daily":false,"chose_seed":false,"campfire_upgraded":6,"win_rate":0,"timestamp":1555971791,"path_taken":["M","M","?","?","$","R","E","?","T","R","E","R","E","M","R","BOSS","M","$","M","M","M","R","M","R","T","M","?","R","?","$","R","BOSS","M","?","?","$","M","R","?","M","T","$","E","M","R","M","R","BOSS"],"build_version":"2019-01-23","purchased_purges":1,"victory":false,"max_hp_per_floor":[82,82,82,82,82,82,82,82,82,82,82,82,82,82,82,82,82,82,82,82,82,82,82,82,82,82,82,82,82,82,82,82,82,82,82,82,82,82,86,88,88,88,88,88,90,92,94,94,96,96],"card_choices":[{"not_picked":["Heatsinks","Chaos"],"picked":"Go for the Eyes","floor":1},{"not_picked":["Tempest","Ball Lightning"],"picked":"Steam","floor":2},{"not_picked":["Beam Cell","Storm"],"picked":"FTL","floor":7},{"not_picked":["Beam Cell","Stack"],"picked":"Conserve Battery","floor":8},{"not_picked":["Thunder Strike","Rip and Tear"],"picked":"All For One","floor":11},{"not_picked":["Lockon","Loop"],"picked":"FTL","floor":13},{"not_picked":["Turbo","Barrage","Doom and Gloom"],"picked":"SKIP","floor":14},{"not_picked":["Creative AI","All For One"],"picked":"Thunder Strike","floor":16},{"not_picked":["Chaos+1","Skim"],"picked":"Steam+1","floor":18},{"not_picked":["Hologram","Stack"],"picked":"White Noise+1","floor":20},{"not_picked":["Stack","Steam"],"picked":"Cold Snap","floor":21},{"not_picked":["Compile Driver","Blizzard","Beam Cell+1"],"picked":"SKIP","floor":22},{"not_picked":["Conserve Battery","Sunder"],"picked":"Rebound+1","floor":24},{"not_picked":["Thunder Strike","Steam"],"picked":"Ball Lightning","floor":25},{"not_picked":["Beam Cell","Aggregate"],"picked":"Reinforced Body+1","floor":27},{"not_picked":["Barrage+1","Reprogram"],"picked":"Go for the Eyes+1","floor":30},{"not_picked":["Coolheaded","Compile Driver+1"],"picked":"Barrage+1","floor":35},{"not_picked":["Gash+1","Barrage"],"picked":"Hologram","floor":36},{"not_picked":["Consume+1","Ball Lightning","Sunder"],"picked":"Singing Bowl","floor":39},{"not_picked":["Chill","Chaos","Skim"],"picked":"Singing Bowl","floor":39},{"not_picked":["Multi-Cast","Barrage","Genetic Algorithm+1"],"picked":"Singing Bowl","floor":40},{"not_picked":["Heatsinks","Aggregate"],"picked":"Streamline+1","floor":42},{"not_picked":["Coolheaded+1","Streamline"],"picked":"Cold Snap+1","floor":42},{"not_picked":["Rebound","Sunder","BootSequence"],"picked":"Singing Bowl","floor":45},{"not_picked":["Genetic Algorithm+1","Fusion"],"picked":"Leap+1","floor":46},{"not_picked":["Coolheaded","Sunder+1","Scrape"],"picked":"Singing Bowl","floor":46},{"not_picked":["Redo","Gash+1","Turbo+1"],"picked":"Singing Bowl","floor":47},{"not_picked":["Barrage","Sweeping Beam"],"picked":"Auto Shields+1","floor":48},{"not_picked":["Steam+1","Beam Cell+1"],"picked":"Rip and Tear+1","floor":48},{"not_picked":["Machine Learning","Skim","Steam"],"picked":"Singing Bowl","floor":49}],"player_experience":692261,"relics_obtained":[{"floor":7,"key":"Boot"},{"floor":9,"key":"Centennial Puzzle"},{"floor":11,"key":"Ornamental Fan"},{"floor":13,"key":"Dream Catcher"},{"floor":26,"key":"Art of War"},{"floor":36,"key":"Prayer Wheel"},{"floor":43,"key":"Gremlin Horn"},{"floor":45,"key":"MawBank"}],"event_choices":[{"damage_healed":0,"gold_gain":0,"player_choice":"Grow","damage_taken":0,"max_hp_gain":0,"max_hp_loss":0,"event_name":"Living Wall","floor":3,"gold_loss":0,"cards_upgraded":["Steam"]},{"damage_healed":0,"gold_gain":0,"player_choice":"Rummage","damage_taken":0,"relics_obtained":["WarpedTongs"],"max_hp_gain":0,"max_hp_loss":0,"event_name":"Accursed Blacksmith","floor":4,"gold_loss":0,"cards_obtained":["Pain"]},{"cards_removed":["Defend_B"],"damage_healed":0,"gold_gain":0,"player_choice":"Offered Basic","damage_taken":0,"max_hp_gain":0,"max_hp_loss":0,"event_name":"Bonfire Elementals","floor":28,"gold_loss":0},{"damage_healed":0,"gold_gain":0,"player_choice":"Fight","damage_taken":0,"max_hp_gain":0,"max_hp_loss":0,"event_name":"MindBloom","floor":36,"gold_loss":0},{"damage_healed":0,"gold_gain":0,"player_choice":"Ignored","damage_taken":0,"max_hp_gain":0,"max_hp_loss":0,"event_name":"Tomb of Lord Red Mask","floor":37,"gold_loss":0}],"is_beta":false,"boss_relics":[{"not_picked":["Empty Cage","FrozenCore"],"picked":"Eternal Feather"},{"not_picked":["Busted Crown","Runic Pyramid"],"picked":"White Beast Statue"}],"items_purged_floors":[5],"is_endless":false,"potions_floor_spawned":[1,8,16,20,21,27,30,35,36,39,42,45,46,48],"killed_by":"Donu and Deca","ascension_level":11}