{"gold_per_floor":[110,121,74,84,94,152,152,163,163,163,11,11,11,29,29,29],"floor_reached":16,"playtime":535,"items_purged":["Defend_B"],"score":102,"play_id":"052595cb-4ac4-4a1d-bec9-28398a1e220b","local_time":"20181105234732","is_ascension_mode":false,"campfire_choices":[{"floor":7,"key":"REST"},{"floor":12,"key":"REST"},{"floor":15,"key":"REST"}],"neow_cost":"PERCENT_DAMAGE","seed_source_timestamp":184155524446745,"circlet_count":0,"master_deck":["Strike_B","Strike_B","Strike_B","Defend_B","Defend_B","Defend_B","Zap","Dualcast","Redo","Stack","Rebound","Streamline","Rebound","Fusion","Auto Shields","Rebound","Genetic Algorithm+1"],"relics":["Cracked Core","Tiny Chest","Toxic Egg 2"],"potions_floor_usage":[8,8,14,16],"damage_taken":[{"damage":2,"enemies":"Small Slimes","floor":1,"turns":3},{"damage":1,"enemies":"Cultist","floor":2,"turns":3},{"damage":9,"enemies":"2 Louse","floor":4,"turns":3},{"damage":24,"enemies":"Lots of Slimes","floor":5,"turns":3},{"damage":21,"enemies":"Lagavulin","floor":6,"turns":5},{"damage":11,"enemies":"Exordium Wildlife","floor":8,"turns":3},{"damage":12,"enemies":"Gremlin Gang","floor":14,"turns":3},{"damage":69,"enemies":"Hexaghost","floor":16,"turns":9}],"seed_played":"-4448213472189867407","potions_obtained":[{"floor":2,"key":"SteroidPotion"},{"floor":5,"key":"Ancient Potion"},{"floor":8,"key":"GamblersBrew"},{"floor":14,"key":"SmokeBomb"}],"is_trial":false,"path_per_floor":["M","M","$","M","M","E","R","M","T","?","$","R","$","M","R","B"],"character_chosen":"DEFECT","items_purchased":["Rebound","Rebound","Poison Potion"],"campfire_rested":3,"item_purchase_floors":[3,11,11],"current_hp_per_floor":[66,65,65,56,32,11,37,26,26,26,26,52,52,40,66,0],"gold":29,"neow_bonus":"TWENTY_PERCENT_HP_BONUS","is_prod":false,"is_daily":false,"chose_seed":false,"campfire_upgraded":0,"win_rate":0,"timestamp":1541490452,"path_taken":["M","M","$","M","M","E","R","M","T","?","$","R","?","M","R","BOSS"],"build_version":"2018-11-01","purchased_purges":1,"victory":false,"max_hp_per_floor":[89,89,89,89,89,89,89,89,89,89,89,89,89,89,89,89],"card_choices":[{"not_picked":["Beam Cell","Conserve Battery"],"picked":"Redo","floor":1},{"not_picked":["FTL","Leap"],"picked":"Stack","floor":2},{"not_picked":["Consume","Skim"],"picked":"Streamline","floor":4},{"not_picked":["Go for the Eyes","Sweeping Beam"],"picked":"Rebound","floor":5},{"not_picked":["Echo Form","Gash"],"picked":"Fusion","floor":6},{"not_picked":["Gash","Stack"],"picked":"Auto Shields","floor":8},{"not_picked":["Steam+1","White Noise+1"],"picked":"Genetic Algorithm+1","floor":14}],"player_experience":85180,"relics_obtained":[{"floor":6,"key":"Tiny Chest"},{"floor":9,"key":"Toxic Egg 2"}],"event_choices":[{"cards_removed":["Strike_B"],"damage_healed":0,"gold_gain":0,"player_choice":"Purged","damage_taken":0,"max_hp_gain":0,"max_hp_loss":0,"event_name":"Purifier","floor":10,"gold_loss":0}],"is_beta":false,"boss_relics":[],"items_purged_floors":[11],"is_endless":false,"potions_floor_spawned":[2,5,8,14],"killed_by":"Hexaghost","ascension_level":0}