{"gold_per_floor":[117,292,70,80,98,128,128,155,182,182,201,151,170,180,180,283,283,302,302,302,321,338,338],"floor_reached":23,"playtime":835,"items_purged":["Doubt"],"score":203,"play_id":"31418439-e32d-42aa-a552-d59a339f1adc","local_time":"20181106225513","daily_mods":["Draft"],"is_ascension_mode":false,"campfire_choices":[{"data":"Fusion","floor":7,"key":"SMITH"},{"data":"Rainbow","floor":10,"key":"SMITH"},{"floor":15,"key":"REST"}],"neow_cost":"","seed_source_timestamp":266644503611171,"circlet_count":0,"master_deck":["Melter","Hologram","Lockon","Ball Lightning","Go for the Eyes","Sunder","Doom and Gloom","Fusion+1","Stack","BootSequence","BootSequence","Ball Lightning","Rebound","Double Energy","Rainbow+1","Thunder Strike"],"relics":["Cracked Core","Lantern","PreservedInsect","Pen Nib","Anchor","Empty Cage"],"potions_floor_usage":[6,13,18,22,23],"damage_taken":[{"damage":0,"enemies":"Jaw Worm","floor":1,"turns":2},{"damage":0,"enemies":"2 Louse","floor":4,"turns":2},{"damage":0,"enemies":"Small Slimes","floor":5,"turns":2},{"damage":19,"enemies":"Gremlin Nob","floor":6,"turns":4},{"damage":9,"enemies":"3 Sentries","floor":8,"turns":3},{"damage":0,"enemies":"Exordium Wildlife","floor":11,"turns":2},{"damage":0,"enemies":"2 Fungi Beasts","floor":13,"turns":2},{"damage":0,"enemies":"3 Louse","floor":14,"turns":2},{"damage":67,"enemies":"The Guardian","floor":16,"turns":8},{"damage":0,"enemies":"Spheric Guardian","floor":18,"turns":1},{"damage":23,"enemies":"Colosseum Slavers","floor":20,"turns":4},{"damage":30,"enemies":"3 Byrds","floor":21,"turns":4},{"damage":9,"enemies":"Sentry and Sphere","floor":22,"turns":3},{"damage":22,"enemies":"Book of Stabbing","floor":23,"turns":3}],"seed_played":"-4416446672379683787","potions_obtained":[{"floor":1,"key":"Energy Potion"},{"floor":4,"key":"Poison Potion"},{"floor":11,"key":"SkillPotion"},{"floor":16,"key":"Fire Potion"},{"floor":21,"key":"SteroidPotion"},{"floor":22,"key":"Weak Potion"}],"is_trial":true,"path_per_floor":["M","?","$","M","M","E","R","E","T","R","M","?","M","M","R","B",null,"M","?","?","M","M","E"],"character_chosen":"DEFECT","items_purchased":["Lantern"],"campfire_rested":1,"item_purchase_floors":[3],"current_hp_per_floor":[75,75,75,75,75,56,56,47,47,47,47,47,47,47,69,2,75,75,75,52,22,13,0],"gold":338,"neow_bonus":"","is_prod":false,"is_daily":false,"chose_seed":false,"campfire_upgraded":2,"win_rate":0,"timestamp":1541573713,"path_taken":["M","?","$","M","M","E","R","E","T","R","M","?","M","M","R","BOSS","M","?","?","M","?","E"],"build_version":"2018-11-01","purchased_purges":1,"victory":false,"max_hp_per_floor":[75,75,75,75,75,75,75,75,75,75,75,75,75,75,75,75,75,75,75,75,75,75,75],"card_choices":[{"not_picked":["Defragment","Recycle"],"picked":"Melter","floor":0},{"not_picked":["Self Repair","White Noise"],"picked":"Cold Snap","floor":0},{"not_picked":["Scrape","Conserve Battery"],"picked":"Hologram","floor":0},{"not_picked":["Sunder","Leap"],"picked":"Lockon","floor":0},{"not_picked":["Gash","Beam Cell"],"picked":"Ball Lightning","floor":0},{"not_picked":["Recycle","FTL"],"picked":"Ball Lightning","floor":0},{"not_picked":["Gash","Ball Lightning"],"picked":"Go for the Eyes","floor":0},{"not_picked":["Go for the Eyes","Gash"],"picked":"Sunder","floor":0},{"not_picked":["Turbo","Rebound"],"picked":"Doom and Gloom","floor":0},{"not_picked":["Turbo","Sunder"],"picked":"Fusion","floor":0},{"not_picked":["Storm","Conserve Battery"],"picked":"Beam Cell","floor":0},{"not_picked":["Leap","Melter"],"picked":"Stack","floor":0},{"not_picked":["Lockon","Conserve Battery"],"picked":"BootSequence","floor":0},{"not_picked":["Melter","Compile Driver"],"picked":"BootSequence","floor":0},{"not_picked":["Go for the Eyes","Skim"],"picked":"Ball Lightning","floor":0},{"not_picked":["Ball Lightning","Barrage"],"picked":"Rebound","floor":1},{"not_picked":["Steam","Ball Lightning","Storm"],"picked":"SKIP","floor":4},{"not_picked":["Redo","Ball Lightning","Rebound"],"picked":"SKIP","floor":5},{"not_picked":["Compile Driver","Chill"],"picked":"Double Energy","floor":6},{"not_picked":["Coolheaded","Go for the Eyes"],"picked":"Rainbow","floor":8},{"not_picked":["Consume","Ball Lightning","Turbo"],"picked":"SKIP","floor":11},{"not_picked":["Turbo","Storm","Stack"],"picked":"SKIP","floor":13},{"not_picked":["Hologram","Rip and Tear","Stack"],"picked":"SKIP","floor":14},{"not_picked":["Fission","Buffer"],"picked":"Thunder Strike","floor":16},{"not_picked":["Self Repair","Cold Snap","Barrage"],"picked":"SKIP","floor":18},{"not_picked":["Rebound","Sweeping Beam+1","Beam Cell+1"],"picked":"SKIP","floor":21},{"not_picked":["Recycle","Cold Snap","Redo"],"picked":"SKIP","floor":22}],"player_experience":88575,"relics_obtained":[{"floor":6,"key":"PreservedInsect"},{"floor":8,"key":"Pen Nib"},{"floor":9,"key":"Anchor"}],"event_choices":[{"damage_healed":0,"gold_gain":175,"player_choice":"AGREE","damage_taken":0,"max_hp_gain":0,"max_hp_loss":0,"event_name":"Liars Game","floor":2,"gold_loss":0,"cards_obtained":["Doubt"]},{"cards_removed":["Ball Lightning"],"damage_healed":0,"gold_gain":0,"player_choice":"Card Removal","damage_taken":0,"max_hp_gain":0,"max_hp_loss":0,"event_name":"The Cleric","floor":12,"gold_loss":50},{"damage_healed":0,"gold_gain":0,"player_choice":"Ignored","damage_taken":0,"max_hp_gain":0,"max_hp_loss":0,"event_name":"Ghosts","floor":19,"gold_loss":0},{"damage_healed":0,"gold_gain":0,"player_choice":"Fight","damage_taken":0,"max_hp_gain":0,"max_hp_loss":0,"event_name":"Colosseum","floor":20,"gold_loss":0},{"damage_healed":0,"gold_gain":0,"player_choice":"Fled From Nobs","damage_taken":0,"max_hp_gain":0,"max_hp_loss":0,"event_name":"Colosseum","floor":20,"gold_loss":0}],"is_beta":false,"boss_relics":[{"not_picked":["Tiny House","Black Star"],"picked":"Empty Cage"}],"items_purged_floors":[3],"is_endless":false,"potions_floor_spawned":[1,4,11,16,21,22],"killed_by":"Book of Stabbing","ascension_level":0}