{"gold_per_floor":[117,45,62,62,62,62,80,105,158,168,168,188,208,38,38,140,140,156,156,156,156,175,175,189,222,222,222,256,256,33,50,50,50],"floor_reached":33,"playtime":1128,"items_purged":["Regret"],"score":299,"play_id":"427550c5-4bde-4148-95c2-0f8d978040fe","local_time":"20181221081946","is_ascension_mode":true,"campfire_choices":[{"floor":6,"key":"REST"},{"floor":11,"key":"REST"},{"floor":15,"key":"REST"},{"floor":23,"key":"RECALL"},{"floor":27,"key":"REST"},{"floor":29,"key":"REST"},{"floor":32,"key":"REST"}],"neow_cost":"NONE","seed_source_timestamp":125335138255291,"circlet_count":0,"master_deck":["Defend_G+1","Defend_G+1","Defend_G+1","Defend_G+1","Strike_G+1","Strike_G+1","Strike_G+1","Strike_G+1","Strike_G+1","Survivor","Neutralize","Terror","Noxious Fumes","Bane+1","Poisoned Stab","PiercingWail","Flying Knee","Heel Hook","Bouncing Flask+1","PiercingWail","Malaise","PiercingWail","Footwork","Eviscerate","Night Terror","Bane","Enlightenment","Terror"],"relics":["Ring of the Snake","Boot","Whetstone","War Paint","Sozu","Bottled Lightning","Dodecahedron","FossilizedHelix"],"potions_floor_usage":[13,13,18],"damage_taken":[{"damage":9,"enemies":"2 Louse","floor":1,"turns":3},{"damage":0,"enemies":"Jaw Worm","floor":3,"turns":3},{"damage":0,"enemies":"Cultist","floor":7,"turns":3},{"damage":27,"enemies":"Lagavulin","floor":8,"turns":6},{"damage":19,"enemies":"Exordium Wildlife","floor":10,"turns":4},{"damage":11,"enemies":"2 Fungi Beasts","floor":12,"turns":3},{"damage":3,"enemies":"3 Louse","floor":13,"turns":3},{"damage":9,"enemies":"Hexaghost","floor":16,"turns":7},{"damage":4,"enemies":"Shell Parasite","floor":18,"turns":4},{"damage":0,"enemies":"Spheric Guardian","floor":22,"turns":4},{"damage":9,"enemies":"Snake Plant","floor":24,"turns":4},{"damage":32,"enemies":"Gremlin Leader","floor":25,"turns":6},{"damage":34,"enemies":"Book of Stabbing","floor":28,"turns":6},{"damage":37,"enemies":"Snecko","floor":31,"turns":7},{"damage":32,"enemies":"Champ","floor":33,"turns":6}],"seed_played":"5537361427880573597","potions_obtained":[{"floor":10,"key":"EssenceOfSteel"},{"floor":12,"key":"SpeedPotion"},{"floor":13,"key":"Weak Potion"}],"is_trial":false,"path_per_floor":["M","$","M","?","?","R","M","E","T","M","R","M","M","$","R","B",null,"M","?","?","?","M","R","M","E","T","R","E","R","$","M","R","B"],"character_chosen":"THE_SILENT","items_purchased":["Noxious Fumes","War Paint","PiercingWail","Bane","Enlightenment"],"campfire_rested":6,"item_purchase_floors":[2,14,14,30,30],"current_hp_per_floor":[68,68,68,68,53,76,76,49,49,30,53,42,39,39,62,53,77,73,73,73,73,73,73,64,32,32,55,21,44,44,7,30,0],"gold":50,"neow_bonus":"TEN_PERCENT_HP_BONUS","is_prod":false,"is_daily":false,"chose_seed":false,"campfire_upgraded":0,"win_rate":0,"timestamp":1545409186,"path_taken":["M","$","M","?","?","R","M","E","T","M","R","?","M","?","R","BOSS","M","?","?","?","M","R","?","E","T","R","E","R","$","M","R","BOSS"],"build_version":"2018-12-20","purchased_purges":1,"victory":false,"max_hp_per_floor":[77,77,77,77,77,77,77,77,77,77,77,77,77,77,77,77,77,77,77,77,77,77,77,77,77,77,77,77,77,77,77,77,77],"card_choices":[{"not_picked":["Bane","Outmaneuver"],"picked":"Terror","floor":1},{"not_picked":["Cloak And Dagger","Eviscerate"],"picked":"Bane","floor":3},{"not_picked":["All Out Attack","Dagger Spray"],"picked":"Poisoned Stab","floor":7},{"not_picked":["Accuracy","Prepared"],"picked":"PiercingWail","floor":8},{"not_picked":["Blade Dance","All Out Attack"],"picked":"Flying Knee","floor":10},{"not_picked":["Quick Slash","Adrenaline"],"picked":"Heel Hook","floor":12},{"not_picked":["Flying Knee","Acrobatics"],"picked":"Bouncing Flask","floor":13},{"not_picked":["Tools of the Trade","Burst"],"picked":"Malaise","floor":16},{"not_picked":["Cloak And Dagger+1","Accuracy"],"picked":"PiercingWail","floor":18},{"not_picked":["Accuracy+1","Underhanded Strike"],"picked":"Footwork","floor":22},{"not_picked":["Dagger Spray","Underhanded Strike"],"picked":"Eviscerate","floor":24},{"not_picked":["Infinite Blades","Setup","Finisher"],"picked":"SKIP","floor":25},{"not_picked":["Outmaneuver","Cloak And Dagger"],"picked":"Night Terror","floor":28},{"not_picked":["Dagger Throw","Prepared"],"picked":"Terror","floor":31}],"player_experience":307357,"relics_obtained":[{"floor":8,"key":"Whetstone"},{"floor":25,"key":"Bottled Lightning"},{"floor":26,"key":"Dodecahedron"},{"floor":28,"key":"FossilizedHelix"}],"event_choices":[{"damage_healed":0,"gold_gain":0,"player_choice":"Box","damage_taken":0,"relics_obtained":["Boot"],"max_hp_gain":0,"max_hp_loss":0,"event_name":"Big Fish","floor":4,"gold_loss":0,"cards_obtained":["Regret"]},{"damage_healed":0,"gold_gain":0,"player_choice":"Entered Light","damage_taken":15,"max_hp_gain":0,"max_hp_loss":0,"event_name":"Shining Light","floor":5,"gold_loss":0,"cards_upgraded":["Defend_G","Bane"]},{"damage_healed":0,"gold_gain":0,"player_choice":"Simplicity","damage_taken":0,"max_hp_gain":0,"max_hp_loss":0,"event_name":"Back to Basics","floor":19,"gold_loss":0,"cards_upgraded":["Defend_G","Defend_G","Defend_G","Strike_G","Strike_G","Strike_G"]},{"damage_healed":0,"gold_gain":0,"player_choice":"Ignored","damage_taken":0,"max_hp_gain":0,"max_hp_loss":0,"event_name":"Cursed Tome","floor":20,"gold_loss":0},{"cards_removed":["Defend_G"],"damage_healed":0,"gold_gain":0,"player_choice":"Purged","damage_taken":0,"max_hp_gain":0,"max_hp_loss":0,"event_name":"Purifier","floor":21,"gold_loss":0}],"is_beta":false,"boss_relics":[{"not_picked":["Fusion Hammer","Snecko Eye"],"picked":"Sozu"}],"items_purged_floors":[30],"is_endless":false,"potions_floor_spawned":[10,12,13,18,31],"killed_by":"Champ","ascension_level":1}