{"gold_per_floor":[116,128,145,320,336,336,336,336],"floor_reached":8,"playtime":414,"items_purged":[],"score":50,"play_id":"6e76a827-cf13-40d8-8e59-62055c3fa2d6","local_time":"20190405182440","is_ascension_mode":true,"campfire_choices":[{"floor":6,"key":"REST"}],"neow_cost":"NONE","seed_source_timestamp":2757558402150,"circlet_count":0,"master_deck":["Defend_G","Defend_G","Defend_G","Defend_G","Defend_G","Strike_G","Strike_G","Strike_G","Strike_G","Strike_G","Survivor","Neutralize","Crippling Poison","Skewer","PiercingWail","Doubt","Leg Sweep","Regret"],"relics":["Ring of the Snake","NeowsBlessing","Bag of Preparation"],"potions_floor_usage":[5],"damage_taken":[{"damage":0,"enemies":"Cultist","floor":1,"turns":1},{"damage":0,"enemies":"Jaw Worm","floor":2,"turns":1},{"damage":0,"enemies":"Small Slimes","floor":3,"turns":1},{"damage":34,"enemies":"Gremlin Gang","floor":5,"turns":8},{"damage":72,"enemies":"3 Sentries","floor":8,"turns":12}],"seed_played":"-1544415538352708066","potions_obtained":[{"floor":1,"key":"FairyPotion"},{"floor":2,"key":"Energy Potion"}],"is_trial":false,"path_per_floor":["M","M","M","?","M","R","?","E"],"character_chosen":"THE_SILENT","items_purchased":[],"campfire_rested":1,"item_purchase_floors":[],"current_hp_per_floor":[70,70,70,70,36,57,57,0],"gold":336,"neow_bonus":"THREE_ENEMY_KILL","is_prod":false,"is_daily":false,"chose_seed":false,"campfire_upgraded":0,"win_rate":0,"timestamp":1554513880,"path_taken":["M","M","M","?","M","R","?","E"],"build_version":"2019-01-23","purchased_purges":0,"victory":false,"max_hp_per_floor":[70,70,70,70,70,70,70,70],"card_choices":[{"not_picked":["Bouncing Flask","Outmaneuver"],"picked":"Crippling Poison","floor":1},{"not_picked":["Underhanded Strike","Dagger Throw"],"picked":"Skewer","floor":2},{"not_picked":["Accuracy","Skewer"],"picked":"PiercingWail","floor":3},{"not_picked":["Accuracy","PiercingWail"],"picked":"Leg Sweep","floor":5}],"player_experience":402650,"relics_obtained":[],"event_choices":[{"damage_healed":0,"gold_gain":175,"player_choice":"AGREE","damage_taken":0,"max_hp_gain":0,"max_hp_loss":0,"event_name":"Liars Game","floor":4,"gold_loss":0,"cards_obtained":["Doubt"]},{"damage_healed":0,"gold_gain":0,"player_choice":"Box","damage_taken":0,"relics_obtained":["Bag of Preparation"],"max_hp_gain":0,"max_hp_loss":0,"event_name":"Big Fish","floor":7,"gold_loss":0,"cards_obtained":["Regret"]}],"is_beta":false,"boss_relics":[],"items_purged_floors":[],"is_endless":false,"potions_floor_spawned":[1,2],"killed_by":"3 Sentries","ascension_level":1}