{"gold_per_floor":[364,364,19,34,49,75,75,75,75,0,175,175,175,26,26,130,130,143,159,137,154,154,154,174,189,189,217,232,232,260,12,12,116,116,126,126,86,136,136,136,171,184,184,61,0,30,30,42,42,42,42,42,8,34,34],"floor_reached":55,"playtime":2382,"items_purged":["Strike_G","Doubt"],"score":909,"play_id":"8916ddab-3ae0-4060-b85d-9389358b513f","local_time":"20190505182949","is_ascension_mode":false,"campfire_choices":[{"floor":7,"key":"REST"},{"data":"Blade Dance","floor":13,"key":"SMITH"},{"floor":15,"key":"RECALL"},{"floor":32,"key":"REST"},{"floor":40,"key":"REST"},{"data":"Well Laid Plans","floor":47,"key":"SMITH"},{"data":"Caltrops","floor":49,"key":"SMITH"},{"data":"Neutralize","floor":52,"key":"SMITH"}],"neow_cost":"TEN_PERCENT_HP_LOSS","seed_source_timestamp":4165774487798255,"circlet_count":0,"master_deck":["Defend_G","Defend_G","Defend_G","Defend_G","Defend_G","Strike_G","Strike_G","Strike_G","Survivor","Neutralize+1","Deadly Poison","Blade Dance+1","Blade Dance+1","Leg Sweep","Dash","Corpse Explosion+1","Dodge and Roll+1","Bane+1","Cloak And Dagger+1","Acrobatics+1","Calculated Gamble+1","Escape Plan+1","Crippling Poison+1","Heel Hook","Cloak And Dagger+1","Caltrops+1","Burst+1","Leg Sweep+1","Madness+1","Madness+1","Well Laid Plans+1","Terror+1","Purity+1","Secret Weapon+1","Purity+1","Caltrops+1","Well Laid Plans+1","Calculated Gamble+1"],"relics":["Ring of the Snake","Dead Branch","Toxic Egg 2","Pear","Sozu","Oddly Smooth Stone","MutagenicStrength","Darkstone Periapt","Regal Pillow","Busted Crown","Turnip","Bag of Marbles","Frozen Egg 2","Red Mask","Gremlin Horn","Mercury Hourglass"],"potions_floor_usage":[27,30],"damage_taken":[{"damage":2,"enemies":"Small Slimes","floor":1,"turns":5},{"damage":6,"enemies":"2 Louse","floor":4,"turns":3},{"damage":0,"enemies":"Jaw Worm","floor":5,"turns":4},{"damage":26,"enemies":"Lagavulin","floor":6,"turns":5},{"damage":25,"enemies":"Hexaghost","floor":16,"turns":10},{"damage":4,"enemies":"Shell Parasite","floor":18,"turns":5},{"damage":0,"enemies":"Spheric Guardian","floor":19,"turns":3},{"damage":1,"enemies":"Chosen and Byrds","floor":21,"turns":4},{"damage":10,"enemies":"Snake Plant","floor":24,"turns":6},{"damage":0,"enemies":"Cultist and Chosen","floor":25,"turns":4},{"damage":23,"enemies":"Gremlin Leader","floor":27,"turns":7},{"damage":0,"enemies":"Snecko","floor":28,"turns":2},{"damage":5,"enemies":"Slavers","floor":30,"turns":2},{"damage":39,"enemies":"Champ","floor":33,"turns":8},{"damage":0,"enemies":"3 Darklings","floor":35,"turns":2},{"damage":30,"enemies":"2 Orb Walkers","floor":38,"turns":4},{"damage":0,"enemies":"Reptomancer","floor":41,"turns":4},{"damage":0,"enemies":"3 Shapes","floor":42,"turns":4},{"damage":0,"enemies":"Giant Head","floor":46,"turns":7},{"damage":0,"enemies":"3 Darklings","floor":48,"turns":2},{"damage":0,"enemies":"Donu and Deca","floor":50,"turns":3},{"damage":12,"enemies":"Shield and Spear","floor":54,"turns":4},{"damage":71,"enemies":"The Heart","floor":55,"turns":6}],"seed_played":"-3314379303654533348","potions_obtained":[{"floor":4,"key":"SpeedPotion"},{"floor":16,"key":"SmokeBomb"}],"is_trial":false,"path_per_floor":["M","?","$","M","M","E","R","?","T","$","?","?","R","$","R","B",null,"M","M","$","M","?","?","M","M","T","E","M","?","E","$","R","B",null,"M","?","$","?","?","R","E","M","T","$","?","E","R","M","R","B",null,"R","$","E","B"],"character_chosen":"THE_SILENT","items_purchased":["Dead Branch","Blade Dance","PowerPotion","Cloak And Dagger+1","Regal Pillow","Cloak And Dagger+1","Caltrops","Well Laid Plans","Purity+1","Caltrops+1","Well Laid Plans+1"],"campfire_rested":3,"item_purchase_floors":[3,3,14,20,31,31,31,37,44,44,53],"current_hp_per_floor":[61,54,54,48,48,22,40,45,55,55,55,55,55,55,55,30,78,74,74,74,73,73,58,48,48,48,25,25,25,20,20,59,20,83,83,73,73,43,33,72,72,72,72,72,72,72,72,72,72,72,83,83,83,71,0],"gold":34,"neow_bonus":"TWO_FIFTY_GOLD","is_prod":false,"is_daily":false,"chose_seed":false,"campfire_upgraded":4,"win_rate":0,"timestamp":1557077389,"path_taken":["M","?","$","M","M","E","R","?","T","?","?","?","R","$","R","BOSS","M","?","$","M","?","?","M","M","T","E","M","?","E","$","R","BOSS","M","?","$","?","?","R","E","M","T","$","?","E","R","?","R","BOSS","R","$","E","BOSS"],"build_version":"2019-01-23","purchased_purges":2,"victory":false,"max_hp_per_floor":[63,63,63,63,63,63,63,68,78,78,78,78,78,78,78,78,78,78,78,78,78,78,83,83,83,83,83,83,83,83,83,83,83,83,83,83,83,83,83,83,83,83,83,83,83,83,83,83,83,83,83,83,83,83,83],"card_choices":[{"not_picked":["Backflip","Prepared"],"picked":"Deadly Poison","floor":1},{"not_picked":["Noxious Fumes","Deflect"],"picked":"Blade Dance","floor":4},{"not_picked":["Riddle With Holes","Underhanded Strike"],"picked":"Leg Sweep","floor":5},{"not_picked":["Phantasmal Killer","Quick Slash"],"picked":"Dash","floor":6},{"not_picked":["Glass Knife","Night Terror+1"],"picked":"Corpse Explosion+1","floor":16},{"not_picked":["Underhanded Strike","Flying Knee"],"picked":"Dodge and Roll+1","floor":18},{"not_picked":["Underhanded Strike+1","All Out Attack"],"picked":"Bane+1","floor":19},{"not_picked":["Underhanded Strike","Deadly Poison+1","Setup+1"],"picked":"SKIP","floor":21},{"not_picked":["Dagger Spray","Bane"],"picked":"Acrobatics+1","floor":24},{"not_picked":["Masterful Stab","Deflect+1"],"picked":"Calculated Gamble+1","floor":25},{"not_picked":["Prepared+1","Flying Knee"],"picked":"Escape Plan+1","floor":27},{"not_picked":["Phantasmal Killer+1","Terror+1"],"picked":"Crippling Poison+1","floor":28},{"not_picked":["Dagger Spray","Corpse Explosion+1"],"picked":"Heel Hook","floor":30},{"not_picked":["Envenom","A Thousand Cuts"],"picked":"Burst+1","floor":33},{"not_picked":[],"picked":"Leg Sweep+1","floor":35},{"not_picked":[],"picked":"Terror+1","floor":38},{"not_picked":[],"picked":"Purity+1","floor":39},{"not_picked":[],"picked":"Secret Weapon+1","floor":39},{"not_picked":["Sucker Punch+1"],"picked":"SKIP","floor":41},{"not_picked":["Bane"],"picked":"SKIP","floor":42},{"not_picked":["Eviscerate+1"],"picked":"SKIP","floor":46},{"not_picked":["Eviscerate+1"],"picked":"SKIP","floor":48},{"not_picked":[],"picked":"Calculated Gamble+1","floor":54}],"player_experience":819571,"relics_obtained":[{"floor":6,"key":"Toxic Egg 2"},{"floor":9,"key":"Pear"},{"floor":27,"key":"Oddly Smooth Stone"},{"floor":30,"key":"Darkstone Periapt"},{"floor":38,"key":"Turnip"},{"floor":41,"key":"Bag of Marbles"},{"floor":43,"key":"Frozen Egg 2"},{"floor":46,"key":"Gremlin Horn"},{"floor":54,"key":"Mercury Hourglass"}],"event_choices":[{"cards_removed":["Strike_G"],"damage_healed":0,"gold_gain":0,"player_choice":"Card Removal","damage_taken":7,"max_hp_gain":0,"max_hp_loss":0,"event_name":"Golden Wing","floor":2,"gold_loss":0},{"damage_healed":0,"gold_gain":0,"player_choice":"Donut","damage_taken":0,"max_hp_gain":5,"max_hp_loss":0,"event_name":"Big Fish","floor":8,"gold_loss":0},{"damage_healed":0,"gold_gain":175,"player_choice":"AGREE","damage_taken":0,"max_hp_gain":0,"max_hp_loss":0,"event_name":"Liars Game","floor":11,"gold_loss":0,"cards_obtained":["Doubt"]},{"damage_healed":0,"gold_gain":0,"player_choice":"Upgraded","damage_taken":0,"max_hp_gain":0,"max_hp_loss":0,"event_name":"Upgrade Shrine","floor":12,"gold_loss":0,"cards_upgraded":["Blade Dance"]},{"damage_healed":0,"gold_gain":0,"player_choice":"Ignored","damage_taken":0,"max_hp_gain":0,"max_hp_loss":0,"event_name":"Ghosts","floor":22,"gold_loss":0},{"damage_healed":0,"gold_gain":0,"player_choice":"Shed Blood","damage_taken":20,"max_hp_gain":5,"max_hp_loss":0,"event_name":"Forgotten Altar","floor":23,"gold_loss":0},{"damage_healed":0,"gold_gain":0,"player_choice":"Inject Mutagens","damage_taken":0,"relics_obtained":["MutagenicStrength"],"max_hp_gain":0,"max_hp_loss":0,"event_name":"Drug Dealer","floor":29,"gold_loss":0},{"damage_healed":0,"gold_gain":0,"player_choice":"Embrace Madness","damage_taken":10,"max_hp_gain":0,"max_hp_loss":0,"event_name":"Winding Halls","floor":36,"gold_loss":0,"cards_obtained":["Madness","Madness"]},{"damage_healed":0,"gold_gain":0,"player_choice":"Fight","damage_taken":0,"max_hp_gain":0,"max_hp_loss":0,"event_name":"Mysterious Sphere","floor":38,"gold_loss":0},{"damage_healed":0,"gold_gain":0,"player_choice":"Memory 3","damage_taken":10,"max_hp_gain":0,"max_hp_loss":0,"event_name":"SensoryStone","floor":39,"gold_loss":0},{"damage_healed":0,"gold_gain":0,"player_choice":"Paid","damage_taken":0,"relics_obtained":["Red Mask"],"max_hp_gain":0,"max_hp_loss":0,"event_name":"Tomb of Lord Red Mask","floor":45,"gold_loss":61}],"is_beta":false,"boss_relics":[{"not_picked":["Eternal Feather","HoveringKite"],"picked":"Sozu"},{"not_picked":["White Beast Statue","Runic Pyramid"],"picked":"Busted Crown"}],"items_purged_floors":[10,14],"is_endless":false,"potions_floor_spawned":[4,16,19,21,24,33,35,48],"killed_by":"The Heart","ascension_level":0}