{"gold_per_floor":[119,132,132,145,115,115,127,127,209,219,239,189,189,223,223,328,328,338,350,350,363,166,166,180,180,205,205,216,216,216,234,234,234],"floor_reached":33,"playtime":4158,"items_purged":[],"score":299,"play_id":"1cddb9bb-4106-4962-a54c-9c474062cd09","local_time":"20190412111100","is_ascension_mode":false,"campfire_choices":[{"data":"Neutralize","floor":6,"key":"SMITH"},{"data":"Well Laid Plans","floor":8,"key":"SMITH"},{"data":"Infinite Blades","floor":13,"key":"SMITH"},{"data":"Adrenaline","floor":15,"key":"SMITH"},{"data":"Terror","floor":23,"key":"SMITH"},{"data":"Bouncing Flask","floor":25,"key":"SMITH"},{"data":"Venomology","floor":29,"key":"SMITH"},{"data":"Prepared","floor":32,"key":"SMITH"}],"neow_cost":"NONE","seed_source_timestamp":4983424079135,"circlet_count":0,"master_deck":["Defend_G","Defend_G","Defend_G","Defend_G","Defend_G","Survivor","Neutralize+1","Well Laid Plans+1","Backstab+1","Infinite Blades+1","Adrenaline+1","Venomology+1","Poisoned Stab","Terror+1","Prepared+1","Bouncing Flask+1","Deflect","Bite","Bite","Bite","Bite","Bite","Prepared"],"relics":["Ring of the Snake","NeowsBlessing","Mercury Hourglass","Whetstone","WristBlade","Boot","Juzu Bracelet"],"potions_floor_usage":[14,19,21,21,24,28,33,33],"damage_taken":[{"damage":0,"enemies":"2 Louse","floor":1,"turns":1},{"damage":0,"enemies":"Cultist","floor":2,"turns":1},{"damage":0,"enemies":"Small Slimes","floor":4,"turns":1},{"damage":0,"enemies":"Looter","floor":5,"turns":4},{"damage":6,"enemies":"3 Louse","floor":7,"turns":8},{"damage":0,"enemies":"2 Fungi Beasts","floor":10,"turns":3},{"damage":0,"enemies":"Blue Slaver","floor":11,"turns":3},{"damage":0,"enemies":"3 Sentries","floor":14,"turns":5},{"damage":35,"enemies":"Slime Boss","floor":16,"turns":11},{"damage":0,"enemies":"Shell Parasite","floor":18,"turns":5},{"damage":5,"enemies":"3 Byrds","floor":19,"turns":2},{"damage":1,"enemies":"Cultist and Chosen","floor":21,"turns":5},{"damage":19,"enemies":"Snake Plant","floor":24,"turns":4},{"damage":8,"enemies":"Shelled Parasite and Fungi","floor":28,"turns":4},{"damage":0,"enemies":"Centurion and Healer","floor":31,"turns":5},{"damage":64,"enemies":"Collector","floor":33,"turns":7}],"seed_played":"6070255757997695574","potions_obtained":[{"floor":2,"key":"LiquidBronze"},{"floor":4,"key":"Explosive Potion"},{"floor":10,"key":"SpeedPotion"},{"floor":11,"key":"Regen Potion"},{"floor":14,"key":"Weak Potion"},{"floor":28,"key":"EssenceOfSteel"},{"floor":31,"key":"SneckoOil"}],"is_trial":false,"path_per_floor":["M","M","?","M","M","R","M","R","T","M","M","?","R","E","R","B",null,"M","M","?","M","$","R","M","R","T","?","M","R","?","M","R","B"],"character_chosen":"THE_SILENT","items_purchased":["Prepared","Boot"],"campfire_rested":0,"item_purchase_floors":[22,22],"current_hp_per_floor":[70,70,70,70,70,70,64,64,64,64,64,64,64,64,64,29,70,70,65,65,64,64,64,54,54,54,54,46,46,46,49,49,0],"gold":234,"neow_bonus":"THREE_ENEMY_KILL","is_prod":false,"is_daily":false,"chose_seed":false,"campfire_upgraded":8,"win_rate":0.0,"timestamp":1555060260,"path_taken":["M","M","?","M","?","R","?","R","T","M","M","?","R","E","R","BOSS","M","M","?","M","$","R","M","R","T","?","M","R","?","M","R","BOSS"],"build_version":"2019-01-23","purchased_purges":0,"victory":false,"max_hp_per_floor":[70,70,70,70,70,70,70,70,70,70,70,70,70,70,70,70,70,70,70,70,70,70,70,70,70,70,70,70,70,49,49,49,49],"card_choices":[{"not_picked":["Sucker Punch","Underhanded Strike","PiercingWail"],"picked":"SKIP","floor":1},{"not_picked":["Tactician","PiercingWail","Dodge and Roll"],"picked":"SKIP","floor":2},{"not_picked":["Dodge and Roll","All Out Attack","Tools of the Trade"],"picked":"SKIP","floor":4},{"not_picked":["Outmaneuver","All Out Attack"],"picked":"Well Laid Plans","floor":5},{"not_picked":["Calculated Gamble","Quick Slash","Prepared"],"picked":"SKIP","floor":7},{"not_picked":["Calculated Gamble","Quick Slash","Prepared"],"picked":"SKIP","floor":7},{"not_picked":["Escape Plan","Finisher"],"picked":"Backstab","floor":10},{"not_picked":["Sucker Punch","Calculated Gamble"],"picked":"Infinite Blades","floor":11},{"not_picked":["Footwork","Finisher"],"picked":"Adrenaline","floor":14},{"not_picked":["Malaise","Bullet Time"],"picked":"Venomology","floor":16},{"not_picked":["Acrobatics","Eviscerate+1","Deflect"],"picked":"SKIP","floor":18},{"not_picked":["Noxious Fumes","Underhanded Strike"],"picked":"Poisoned Stab","floor":19},{"not_picked":["Underhanded Strike+1","PiercingWail+1"],"picked":"Terror","floor":21},{"not_picked":["Tactician","Predator"],"picked":"Bouncing Flask","floor":24},{"not_picked":["Masterful Stab","Quick Slash+1"],"picked":"Deflect","floor":28},{"not_picked":["Poisoned Stab+1","Quick Slash"],"picked":"Prepared","floor":31}],"player_experience":75142,"relics_obtained":[{"floor":9,"key":"Mercury Hourglass"},{"floor":14,"key":"Whetstone"},{"floor":26,"key":"Juzu Bracelet"}],"event_choices":[{"damage_healed":0,"gold_gain":0,"player_choice":"Bought 0 Potions","damage_taken":0,"max_hp_gain":0,"max_hp_loss":0,"event_name":"The Woman in Blue","floor":3,"gold_loss":0},{"cards_removed":["Strike_G"],"damage_healed":0,"gold_gain":0,"player_choice":"Card Removal","damage_taken":0,"max_hp_gain":0,"max_hp_loss":0,"event_name":"The Cleric","floor":12,"gold_loss":50},{"damage_healed":0,"gold_gain":0,"player_choice":"Ignored","damage_taken":0,"max_hp_gain":0,"max_hp_loss":0,"event_name":"Cursed Tome","floor":20,"gold_loss":0},{"damage_healed":0,"gold_gain":0,"player_choice":"Ignored","damage_taken":0,"max_hp_gain":0,"max_hp_loss":0,"event_name":"The Mausoleum","floor":27,"gold_loss":0},{"damage_healed":0,"gold_gain":0,"player_choice":"Became a vampire","damage_taken":0,"max_hp_gain":0,"max_hp_loss":21,"event_name":"Vampires","floor":30,"gold_loss":0,"cards_obtained":["Bite","Bite","Bite","Bite","Bite"]}],"is_beta":false,"boss_relics":[{"not_picked":["Runic Pyramid","Snecko Eye"],"picked":"WristBlade"}],"items_purged_floors":[],"is_endless":false,"potions_floor_spawned":[2,4,10,11,14,28,31],"killed_by":"Collector","ascension_level":0}