{"gold_per_floor":[115,190,200,218,183,183,212,226,253,265,39,49,77,97,97,97],"floor_reached":16,"playtime":907,"items_purged":[],"score":102,"play_id":"21b3e60d-66bc-4b64-8a59-815df587ed51","local_time":"20180817164036","is_ascension_mode":false,"campfire_choices":[{"data":"Survivor","floor":6,"key":"SMITH"},{"floor":10,"key":"REST"},{"floor":15,"key":"REST"}],"neow_cost":"","seed_source_timestamp":274562448313461,"circlet_count":0,"master_deck":["Defend_G","Defend_G","Defend_G","Defend_G","Defend_G","Strike_G","Strike_G","Strike_G","Strike_G","Strike_G","Survivor+1","Neutralize","PiercingWail","Terror","Endless Agony","Heel Hook","Deflect","Sucker Punch","Blade Dance","Outmaneuver","Predator"],"relics":["Ring of the Snake","Bag of Marbles","MawBank","Strange Spoon","Odd Mushroom"],"potions_floor_usage":[],"damage_taken":[{"damage":11,"enemies":"2 Louse","floor":1,"turns":3},{"damage":1,"enemies":"Jaw Worm","floor":3,"turns":5},{"damage":1,"enemies":"Cultist","floor":4,"turns":4},{"damage":41,"enemies":"3 Sentries","floor":7,"turns":13},{"damage":8,"enemies":"Large Slime","floor":8,"turns":7},{"damage":0,"enemies":"Looter","floor":12,"turns":3},{"damage":32,"floor":13,"turns":5},{"damage":0,"enemies":"2 Fungi Beasts","floor":14,"turns":2},{"damage":29,"enemies":"The Guardian","floor":16,"turns":7}],"seed_played":"-5138276114927425420","potions_obtained":[{"floor":1,"key":"Explosive Potion"},{"floor":7,"key":"SkillPotion"},{"floor":8,"key":"Swift Potion"},{"floor":14,"key":"FearPotion"}],"is_trial":false,"path_per_floor":["M","?","M","M","?","R","E","M","T","R","$","M","?","M","R"],"character_chosen":"THE_SILENT","items_purchased":["Strange Spoon","Sucker Punch"],"campfire_rested":2,"item_purchase_floors":[11,11],"current_hp_per_floor":[59,48,47,46,63,63,22,14,14,35,35,35,3,3,24,0],"gold":97,"neow_bonus":"","is_prod":false,"is_daily":false,"chose_seed":false,"campfire_upgraded":1,"win_rate":0.0,"timestamp":1534549236,"path_taken":["M","?","?","M","?","R","E","M","T","R","$","M","?","?","R","BOSS"],"build_version":"2018-08-16","purchased_purges":0,"victory":false,"max_hp_per_floor":[70,70,70,70,70,70,70,70,70,70,70,70,70,70,70,70],"card_choices":[{"not_picked":["Finisher","Slice"],"picked":"PiercingWail","floor":1},{"not_picked":["Calculated Gamble","Finisher"],"picked":"Terror","floor":3},{"not_picked":["Backflip","Terror"],"picked":"Endless Agony","floor":4},{"not_picked":["Escape Plan","Bane"],"picked":"Heel Hook","floor":7},{"not_picked":["Acrobatics","Terror"],"picked":"Deflect","floor":8},{"not_picked":["Riddle With Holes","Deflect"],"picked":"Blade Dance","floor":12},{"not_picked":["Flying Knee","Terror"],"picked":"Outmaneuver","floor":13},{"not_picked":["Quick Slash","Blade Dance"],"picked":"Predator","floor":14}],"player_experience":19794,"relics_obtained":[{"floor":7,"key":"Bag of Marbles"},{"floor":9,"key":"MawBank"},{"floor":13,"key":"Odd Mushroom"}],"event_choices":[{"event_name":"World of Goop","player_choice":"Gather Gold","floor":2,"damage_taken":0},{"event_name":"The Cleric","player_choice":"Healed","floor":5,"damage_taken":0},{"event_name":"Mushrooms","player_choice":"Fought Mushrooms","floor":13,"damage_taken":0}],"is_beta":false,"boss_relics":[],"items_purged_floors":[],"is_endless":false,"potions_floor_spawned":[1,7,8,14],"killed_by":"The Guardian","ascension_level":0}