{"gold_per_floor":[210,56,56,56,72,104,104,6,30,30,30,60,76,92,92,191,191,205,225,32,32,49,0,0,32,83,96,96,125,125,29,29,29],"floor_reached":33,"playtime":2159,"items_purged":[],"score":341,"play_id":"6c789230-7cde-4e27-b893-80ab1854106e","local_time":"20181215134853","is_ascension_mode":false,"campfire_choices":[{"floor":7,"key":"RECALL"},{"data":"Demon Form","floor":11,"key":"SMITH"},{"floor":15,"key":"REST"},{"floor":24,"key":"REST"},{"floor":28,"key":"REST"},{"floor":30,"key":"REST"},{"floor":32,"key":"REST"}],"neow_cost":"NONE","seed_source_timestamp":65895832134896,"circlet_count":0,"master_deck":["Bash","Heavy Blade","Demon Form+1","Thunderclap","Inflame","Heavy Blade","Pommel Strike","Anger","Impervious","Berserk","Seeing Red","Immolate","Headbutt","Sever Soul","Burning Pact","Cleave","True Grit","Shrug It Off","Shrug It Off","Clash","Inflame","Armaments","Iron Wave"],"relics":["Burning Blood","Ancient Tea Set","Matryoshka","Singing Bowl","Shuriken","Strawberry","Pandora\u0027s Box","ClockworkSouvenir","Bag of Preparation","Mummified Hand","Vajra","Oddly Smooth Stone"],"potions_floor_usage":[6,12,14,25,29,29],"damage_taken":[{"damage":5,"enemies":"Cultist","floor":1,"turns":4},{"damage":0,"enemies":"2 Louse","floor":5,"turns":2},{"damage":6,"enemies":"Gremlin Nob","floor":6,"turns":3},{"damage":31,"enemies":"Lagavulin","floor":12,"turns":5},{"damage":15,"enemies":"Jaw Worm","floor":13,"turns":4},{"damage":15,"enemies":"Exordium Thugs","floor":14,"turns":3},{"damage":35,"enemies":"The Guardian","floor":16,"turns":9},{"damage":45,"enemies":"Shell Parasite","floor":18,"turns":5},{"damage":30,"enemies":"2 Thieves","floor":19,"turns":4},{"damage":27,"enemies":"Snake Plant","floor":22,"turns":4},{"damage":10,"enemies":"Gremlin Leader","floor":25,"turns":6},{"damage":29,"enemies":"Sentry and Sphere","floor":27,"turns":6},{"damage":0,"enemies":"Slavers","floor":29,"turns":1},{"damage":107,"enemies":"Automaton","floor":33,"turns":8}],"seed_played":"7197849256325299513","potions_obtained":[{"floor":5,"key":"FearPotion"},{"floor":12,"key":"Fruit Juice"},{"floor":13,"key":"SkillPotion"},{"floor":18,"key":"Explosive Potion"},{"floor":19,"key":"SkillPotion"},{"floor":27,"key":"Regen Potion"}],"is_trial":false,"path_per_floor":["M","$","?","?","M","E","R","$","T","?","R","E","M","M","R","B",null,"M","M","$","?","M","?","R","E","T","M","R","E","R","$","R","B"],"character_chosen":"IRONCLAD","items_purchased":["Ancient Tea Set","Inflame","Heavy Blade","ClockworkSouvenir","Armaments","Iron Wave"],"campfire_rested":5,"item_purchase_floors":[2,8,8,20,31,31],"current_hp_per_floor":[80,80,80,80,80,80,80,80,80,80,80,67,60,51,79,50,94,55,33,33,33,12,12,40,36,36,13,41,49,78,78,98,0],"gold":29,"neow_bonus":"HUNDRED_GOLD","is_prod":false,"is_daily":false,"chose_seed":false,"campfire_upgraded":1,"win_rate":0,"timestamp":1544910533,"path_taken":["M","$","?","?","M","E","R","$","T","?","R","E","M","M","R","BOSS","M","M","$","?","M","?","R","E","T","M","R","E","R","?","R","BOSS"],"build_version":"2018-12-13","purchased_purges":0,"victory":false,"max_hp_per_floor":[80,80,80,80,80,80,80,80,80,80,80,92,94,94,94,94,94,94,96,96,96,96,96,96,96,96,96,96,98,98,98,98,98],"card_choices":[{"not_picked":["Havoc","Dual Wield"],"picked":"Heavy Blade","floor":1},{"not_picked":["Thunderclap","Clash"],"picked":"Demon Form","floor":5},{"not_picked":["Second Wind","Power Through"],"picked":"Thunderclap","floor":6},{"not_picked":["Havoc","Iron Wave"],"picked":"Pommel Strike","floor":12},{"not_picked":["Wild Strike","Cleave","Sever Soul"],"picked":"Singing Bowl","floor":13},{"not_picked":["Armaments","Hemokinesis"],"picked":"Anger","floor":14},{"not_picked":["Brutality","Barricade"],"picked":"Impervious","floor":16},{"not_picked":["Ghostly Armor+1","Anger"],"picked":"Shrug It Off","floor":18},{"not_picked":["Cleave","True Grit","Body Slam+1"],"picked":"Singing Bowl","floor":19},{"not_picked":["True Grit","Sword Boomerang"],"picked":"Shrug It Off","floor":22},{"not_picked":["Cleave","Exhume"],"picked":"Clash","floor":25},{"not_picked":["Cleave","Flex+1"],"picked":"Inflame","floor":27},{"not_picked":["True Grit+1","Headbutt","Clothesline"],"picked":"Singing Bowl","floor":29}],"player_experience":267218,"relics_obtained":[{"floor":6,"key":"Singing Bowl"},{"floor":9,"key":"Shuriken"},{"floor":12,"key":"Strawberry"},{"floor":25,"key":"Bag of Preparation"},{"floor":26,"key":"Mummified Hand"},{"floor":26,"key":"Vajra"},{"floor":29,"key":"Oddly Smooth Stone"}],"event_choices":[{"damage_healed":0,"gold_gain":0,"player_choice":"Box","damage_taken":0,"relics_obtained":["Matryoshka"],"max_hp_gain":0,"max_hp_loss":0,"event_name":"Big Fish","floor":3,"gold_loss":0,"cards_obtained":["Regret"]},{"cards_removed":["Regret"],"damage_healed":0,"gold_gain":0,"player_choice":"Forget","damage_taken":0,"max_hp_gain":0,"max_hp_loss":0,"event_name":"Living Wall","floor":4,"gold_loss":0},{"cards_removed":["Strike_R"],"damage_healed":0,"gold_gain":0,"player_choice":"Card Removal","damage_taken":0,"max_hp_gain":0,"max_hp_loss":0,"event_name":"Wheel of Change","floor":10,"gold_loss":0},{"damage_healed":0,"gold_gain":0,"player_choice":"Ignored","damage_taken":0,"max_hp_gain":0,"max_hp_loss":0,"event_name":"Vampires","floor":21,"gold_loss":0},{"damage_healed":0,"gold_gain":0,"player_choice":"Paid Fearfully","damage_taken":0,"max_hp_gain":0,"max_hp_loss":0,"event_name":"Masked Bandits","floor":23,"gold_loss":49}],"is_beta":false,"boss_relics":[{"not_picked":["Astrolabe","Sozu"],"picked":"Pandora\u0027s Box"}],"items_purged_floors":[],"is_endless":false,"potions_floor_spawned":[5,12,13,18,19,27],"killed_by":"Automaton","ascension_level":0}