{"gold_per_floor":[114,129,304,334,12,12,27,27,27,27,27,27,42,72,72,172,222,237,37,37,52,67,82,82,97,97,109,9,24,39,54,54,154,154,169,184,184,1,16,16,16,16,16,16,31,46,61,76,76,76],"floor_reached":51,"playtime":1518,"items_purged":[],"score":703,"play_id":"858ffd41-4aea-469a-b32f-0efb78b8622b","local_time":"20190430185432","daily_mods":["Draft","Vintage","Night Terrors"],"is_ascension_mode":false,"campfire_choices":[{"data":"Searing Blow","floor":6,"key":"SMITH"},{"data":"Flex","floor":8,"key":"SMITH"},{"data":"Searing Blow+1","floor":12,"key":"SMITH"},{"data":"Heavy Blade","floor":15,"key":"SMITH"},{"data":"Rampage","floor":24,"key":"SMITH"},{"data":"Limit Break","floor":32,"key":"SMITH"},{"floor":40,"key":"REST"},{"data":"The Bomb","floor":42,"key":"SMITH"},{"data":"Searing Blow+2","floor":49,"key":"SMITH"}],"neow_cost":"","seed_source_timestamp":0,"circlet_count":0,"master_deck":["Thunderclap+1","Flex+1","Blood for Blood","Heavy Blade+1","Twin Strike","Twin Strike","Flex+1","Iron Wave","Anger","Whirlwind","Searing Blow+3","Ghostly Armor","Headbutt","Flex+1","Rampage+1","Warcry","Limit Break+1","Anger","Whirlwind","Ghostly Armor","Juggernaut","The Bomb+1","Limit Break+1"],"special_seed":18017,"relics":["Burning Blood","Gremlin Horn","Omamori","Tiny Chest","Orichalcum","Darkstone Periapt","Kunai","Matryoshka","War Paint","Tiny House","Bronze Scales","Chemical X","Shuriken","Vajra","Bottled Lightning","Bag of Marbles","MawBank","Potion Belt","Enchiridion","Smiling Mask","Blood Vial","Pantograph","Runic Cube","Happy Flower","Ginger","Ornamental Fan","Question Card","Centennial Puzzle","Blue Candle","The Courier","Pear","Toxic Egg 2"],"potions_floor_usage":[2,13,14,14,20,25,31,31,48],"damage_taken":[{"damage":6,"enemies":"Jaw Worm","floor":1,"turns":2},{"damage":0,"enemies":"2 Louse","floor":2,"turns":1},{"damage":0,"enemies":"Small Slimes","floor":7,"turns":2},{"damage":0,"enemies":"Exordium Wildlife","floor":13,"turns":1},{"damage":10,"enemies":"Gremlin Nob","floor":14,"turns":3},{"damage":38,"enemies":"Hexaghost","floor":16,"turns":7},{"damage":4,"enemies":"Spheric Guardian","floor":18,"turns":3},{"damage":4,"enemies":"Colosseum Slavers","floor":20,"turns":3},{"damage":0,"enemies":"3 Byrds","floor":21,"turns":1},{"damage":0,"enemies":"Snake Plant","floor":22,"turns":2},{"damage":6,"enemies":"Snecko","floor":23,"turns":3},{"damage":0,"enemies":"3 Cultists","floor":25,"turns":1},{"damage":0,"enemies":"Centurion and Healer","floor":29,"turns":1},{"damage":0,"enemies":"Snake Plant","floor":30,"turns":1},{"damage":0,"enemies":"Sentry and Sphere","floor":31,"turns":1},{"damage":22,"enemies":"Automaton","floor":33,"turns":6},{"damage":35,"enemies":"3 Shapes","floor":35,"turns":2},{"damage":9,"enemies":"Orb Walker","floor":36,"turns":2},{"damage":25,"enemies":"Transient","floor":39,"turns":5},{"damage":9,"enemies":"4 Shapes","floor":45,"turns":1},{"damage":9,"enemies":"Sphere and 2 Shapes","floor":46,"turns":1},{"damage":0,"enemies":"3 Darklings","floor":47,"turns":1},{"damage":10,"enemies":"Transient","floor":48,"turns":5},{"damage":86,"enemies":"Time Eater","floor":50,"turns":6}],"seed_played":"-5970224170056604862","potions_obtained":[{"floor":1,"key":"SteroidPotion"},{"floor":2,"key":"LiquidBronze"},{"floor":7,"key":"SpeedPotion"},{"floor":17,"key":"Dexterity Potion"},{"floor":22,"key":"BloodPotion"},{"floor":29,"key":"AttackPotion"},{"floor":30,"key":"Dexterity Potion"},{"floor":39,"key":"FairyPotion"},{"floor":45,"key":"Fire Potion"}],"is_trial":false,"path_per_floor":["M","M","?","T","$","R","M","R","T","$","?","R","M","E","R","B",null,"M","$","?","M","M","M","R","M","T","?","$","M","M","M","R","B",null,"M","M","?","$","M","R","?","R","T","$","M","M","M","M","R","B",null],"character_chosen":"IRONCLAD","items_purchased":["Flex","Orichalcum","Rampage","AttackPotion","Chemical X","Whirlwind","Ghostly Armor","The Bomb"],"campfire_rested":1,"item_purchase_floors":[5,5,5,5,19,28,28,38],"current_hp_per_floor":[80,80,80,80,80,80,80,80,80,80,73,73,79,75,75,43,85,85,85,85,85,85,85,85,85,85,69,69,75,81,85,85,69,85,56,55,55,55,38,80,80,80,80,80,77,76,90,86,86,10],"gold":76,"neow_bonus":"","is_prod":false,"is_daily":true,"chose_seed":false,"campfire_upgraded":8,"win_rate":0,"timestamp":1556675672,"path_taken":["M","M","?","?","$","R","M","R","T","$","?","R","M","E","R","BOSS","M","$","?","M","M","M","R","M","T","?","$","M","M","M","R","BOSS","M","M","?","$","M","R","?","R","T","$","M","M","M","M","R","BOSS"],"build_version":"2019-01-23","purchased_purges":0,"victory":true,"max_hp_per_floor":[80,80,80,80,80,80,80,80,80,80,80,80,80,80,80,80,85,85,85,85,85,85,85,85,85,85,85,85,85,85,85,85,85,85,85,85,85,85,85,80,80,80,80,80,80,80,90,90,90,90],"card_choices":[{"not_picked":["Seeing Red","Body Slam"],"picked":"Thunderclap","floor":0},{"not_picked":["Reckless Charge","Shrug It Off"],"picked":"Flex","floor":0},{"not_picked":["Sword Boomerang","Body Slam"],"picked":"Blood for Blood","floor":0},{"not_picked":["Rampage","Shrug It Off"],"picked":"Heavy Blade","floor":0},{"not_picked":["Shockwave","Wild Strike"],"picked":"Twin Strike","floor":0},{"not_picked":["Sever Soul","Carnage"],"picked":"Twin Strike","floor":0},{"not_picked":["True Grit","Disarm"],"picked":"Flex","floor":0},{"not_picked":["Clash","Thunderclap"],"picked":"Iron Wave","floor":0},{"not_picked":["Twin Strike","Clash"],"picked":"Shrug It Off","floor":0},{"not_picked":["Twin Strike","Feel No Pain"],"picked":"Anger","floor":0},{"not_picked":["Sever Soul","Warcry"],"picked":"Whirlwind","floor":0},{"not_picked":["Metallicize","Iron Wave"],"picked":"Searing Blow","floor":0},{"not_picked":["Perfected Strike","Whirlwind"],"picked":"Ghostly Armor","floor":0},{"not_picked":["Shrug It Off","Sever Soul"],"picked":"Headbutt","floor":0},{"not_picked":["Perfected Strike","Clothesline"],"picked":"Infernal Blade","floor":0},{"not_picked":["Second Wind","Power Through"],"picked":"Warcry","floor":14},{"not_picked":["Feed","Fiend Fire"],"picked":"Limit Break","floor":16},{"not_picked":["Sentinel","Clash"],"picked":"Anger","floor":17},{"not_picked":["Reaper","Immolate"],"picked":"Juggernaut","floor":33}],"player_experience":519299,"relics_obtained":[{"floor":1,"key":"Gremlin Horn"},{"floor":2,"key":"Omamori"},{"floor":4,"key":"Tiny Chest"},{"floor":7,"key":"Darkstone Periapt"},{"floor":9,"key":"Kunai"},{"floor":13,"key":"Matryoshka"},{"floor":14,"key":"War Paint"},{"floor":18,"key":"Bronze Scales"},{"floor":21,"key":"Shuriken"},{"floor":22,"key":"Vajra"},{"floor":23,"key":"Bottled Lightning"},{"floor":25,"key":"Bag of Marbles"},{"floor":26,"key":"MawBank"},{"floor":26,"key":"Potion Belt"},{"floor":27,"key":"Enchiridion"},{"floor":29,"key":"Smiling Mask"},{"floor":30,"key":"Blood Vial"},{"floor":31,"key":"Pantograph"},{"floor":35,"key":"Happy Flower"},{"floor":36,"key":"Ginger"},{"floor":39,"key":"Ornamental Fan"},{"floor":43,"key":"Question Card"},{"floor":43,"key":"Centennial Puzzle"},{"floor":45,"key":"Blue Candle"},{"floor":46,"key":"The Courier"},{"floor":47,"key":"Pear"},{"floor":48,"key":"Toxic Egg 2"}],"event_choices":[{"damage_healed":0,"gold_gain":175,"player_choice":"AGREE","damage_taken":0,"max_hp_gain":0,"max_hp_loss":0,"event_name":"Liars Game","floor":3,"gold_loss":0,"cards_obtained":["Doubt"]},{"cards_removed":["Infernal Blade"],"damage_healed":0,"gold_gain":0,"player_choice":"Card Removal","damage_taken":7,"max_hp_gain":0,"max_hp_loss":0,"event_name":"Golden Wing","floor":11,"gold_loss":0},{"damage_healed":0,"gold_gain":0,"player_choice":"Fight","damage_taken":0,"max_hp_gain":0,"max_hp_loss":0,"event_name":"Colosseum","floor":20,"gold_loss":0},{"damage_healed":0,"gold_gain":0,"player_choice":"Fled From Nobs","damage_taken":0,"max_hp_gain":0,"max_hp_loss":0,"event_name":"Colosseum","floor":20,"gold_loss":0},{"damage_healed":0,"gold_gain":0,"player_choice":"Obtained Book","damage_taken":16,"max_hp_gain":0,"max_hp_loss":0,"event_name":"Cursed Tome","floor":27,"gold_loss":0},{"cards_removed":["Shrug It Off"],"damage_healed":0,"gold_gain":0,"player_choice":"Removed Skill","damage_taken":0,"max_hp_gain":0,"max_hp_loss":0,"event_name":"Falling","floor":37,"gold_loss":0},{"damage_healed":0,"gold_gain":0,"player_choice":"Copied","damage_taken":0,"max_hp_gain":0,"max_hp_loss":0,"event_name":"Duplicator","floor":41,"gold_loss":0,"cards_obtained":["Limit Break"]}],"is_beta":false,"boss_relics":[{"not_picked":["Empty Cage","Busted Crown"],"picked":"Tiny House"},{"not_picked":["White Beast Statue","Orrery"],"picked":"Runic Cube"}],"items_purged_floors":[],"is_endless":false,"potions_floor_spawned":[1,2,7,20,22,29,30,39,45],"ascension_level":0}