{"gold_per_floor":[114,40,40,40,55,55,85,100,100,100,100,115,115,130,130,130],"floor_reached":16,"playtime":457,"items_purged":[],"score":100,"play_id":"90399283-754b-47ab-895b-af43d16bfa6d","local_time":"20181216213620","daily_mods":["SealedDeck","Diverse","Lethality"],"is_ascension_mode":false,"campfire_choices":[{"data":"Defragment","floor":6,"key":"SMITH"},{"floor":10,"key":"REST"},{"floor":13,"key":"REST"},{"floor":15,"key":"REST"}],"neow_cost":"","seed_source_timestamp":0,"circlet_count":0,"master_deck":["Aggregate","Melter","Ghostly Armor","Spot Weakness","Heavy Blade","Deadly Poison","Loop","Tempest","Consume","Deflect","Defragment+1","Deadly Poison","Masterful Stab"],"special_seed":17882,"relics":["Cracked Core","Bottled Tornado","Ancient Tea Set","Gremlin Horn","Girya"],"potions_floor_usage":[5],"damage_taken":[{"damage":0,"enemies":"2 Louse","floor":1,"turns":1},{"damage":4,"enemies":"Jaw Worm","floor":5,"turns":3},{"damage":44,"enemies":"3 Sentries","floor":7,"turns":5},{"damage":0,"enemies":"Small Slimes","floor":8,"turns":2},{"damage":27,"enemies":"2 Fungi Beasts","floor":12,"turns":3},{"damage":5,"enemies":"Blue Slaver","floor":14,"turns":2},{"damage":47,"enemies":"Hexaghost","floor":16,"turns":3}],"seed_played":"-6342804351849904112","potions_obtained":[{"floor":1,"key":"Ancient Potion"},{"floor":8,"key":"Dexterity Potion"}],"is_trial":false,"path_per_floor":["M","$","?","T","M","R","E","M","T","R","?","M","R","M","R","B"],"character_chosen":"DEFECT","items_purchased":["Defragment"],"campfire_rested":3,"item_purchase_floors":[2],"current_hp_per_floor":[75,75,68,68,64,64,20,20,20,42,35,8,30,25,47,0],"gold":130,"neow_bonus":"","is_prod":false,"is_daily":true,"chose_seed":false,"campfire_upgraded":1,"win_rate":0,"timestamp":1545024980,"path_taken":["M","$","?","?","M","R","E","M","T","R","?","M","R","M","R","BOSS"],"build_version":"2018-12-13","purchased_purges":0,"victory":false,"max_hp_per_floor":[75,75,75,75,75,75,75,75,75,75,75,75,75,75,75,75],"card_choices":[{"not_picked":["Coolheaded","Rebound"],"picked":"Deflect","floor":1},{"not_picked":["Perfected Strike","Clothesline"],"picked":"Deadly Poison","floor":5},{"not_picked":["Clothesline","Carnage"],"picked":"Masterful Stab","floor":7},{"not_picked":["Calculated Gamble","Choke","Sword Boomerang"],"picked":"SKIP","floor":8},{"not_picked":["Dagger Spray","Body Slam","Flying Knee"],"picked":"SKIP","floor":12},{"not_picked":["Coolheaded","Go for the Eyes","Quick Slash"],"picked":"SKIP","floor":14}],"player_experience":283833,"relics_obtained":[{"floor":4,"key":"Bottled Tornado"},{"floor":7,"key":"Ancient Tea Set"},{"floor":9,"key":"Gremlin Horn"}],"event_choices":[{"cards_removed":["Feel No Pain"],"damage_healed":0,"gold_gain":0,"player_choice":"Card Removal","damage_taken":7,"max_hp_gain":0,"max_hp_loss":0,"event_name":"Golden Wing","floor":3,"gold_loss":0},{"damage_healed":0,"gold_gain":0,"player_choice":"Success","damage_taken":7,"relics_obtained":["Girya"],"max_hp_gain":0,"max_hp_loss":0,"event_name":"Scrap Ooze","floor":11,"gold_loss":0}],"is_beta":false,"boss_relics":[],"items_purged_floors":[],"is_endless":false,"potions_floor_spawned":[1,8],"killed_by":"Hexaghost","ascension_level":0}