{"gold_per_floor":[116,132,144,154,66,66,101,101,152,164,164],"floor_reached":11,"playtime":276,"items_purged":[],"score":75,"play_id":"e4a363ca-c78f-400b-8a9f-26228d902aa3","local_time":"20190501220859","is_ascension_mode":false,"campfire_choices":[{"data":"Capacitor","floor":6,"key":"SMITH"}],"neow_cost":"NONE","seed_source_timestamp":385499748506483,"circlet_count":0,"master_deck":["Strike_B","Strike_B","Strike_B","Strike_B","Defend_B","Defend_B","Defend_B","Defend_B","Zap","Dualcast","Fusion","Ball Lightning","Redo","Reinforced Body","Capacitor+1","Sweeping Beam","Echo Form","Ball Lightning"],"relics":["Cracked Core","NeowsBlessing","Pantograph","DataDisk","PreservedInsect"],"potions_floor_usage":[7,7],"damage_taken":[{"damage":0,"enemies":"Small Slimes","floor":1,"turns":1},{"damage":0,"enemies":"Cultist","floor":2,"turns":1},{"damage":0,"enemies":"2 Louse","floor":3,"turns":1},{"damage":20,"enemies":"Exordium Thugs","floor":4,"turns":4},{"damage":11,"enemies":"Gremlin Nob","floor":7,"turns":3},{"damage":43,"enemies":"Gremlin Gang","floor":10,"turns":4},{"damage":12,"enemies":"Blue Slaver","floor":11,"turns":2}],"seed_played":"2893196667341123954","potions_obtained":[{"floor":1,"key":"Dexterity Potion"},{"floor":3,"key":"AttackPotion"},{"floor":4,"key":"Regen Potion"}],"is_trial":false,"path_per_floor":["M","M","M","M","$","R","E","?","T","M","M"],"character_chosen":"DEFECT","items_purchased":["Capacitor","Sweeping Beam"],"campfire_rested":0,"item_purchase_floors":[5,5],"current_hp_per_floor":[75,75,75,55,55,55,53,53,53,10,0],"gold":164,"neow_bonus":"THREE_ENEMY_KILL","is_prod":false,"is_daily":false,"chose_seed":false,"campfire_upgraded":1,"win_rate":0,"timestamp":1556773739,"path_taken":["M","M","M","M","$","R","E","?","T","M","?"],"build_version":"2019-01-23","purchased_purges":0,"victory":false,"max_hp_per_floor":[75,75,75,75,75,75,75,75,75,75,75],"card_choices":[{"not_picked":["Blizzard","Streamline"],"picked":"Fusion","floor":1},{"not_picked":["Darkness","Hologram"],"picked":"Ball Lightning","floor":2},{"not_picked":["Leap","Blizzard"],"picked":"Redo","floor":3},{"not_picked":["Force Field","Gash"],"picked":"Reinforced Body","floor":4},{"not_picked":["Leap","Auto Shields"],"picked":"Echo Form","floor":7},{"not_picked":["Barrage","Turbo"],"picked":"Ball Lightning","floor":10}],"player_experience":525960,"relics_obtained":[{"floor":7,"key":"Pantograph"},{"floor":9,"key":"PreservedInsect"}],"event_choices":[{"damage_healed":0,"gold_gain":0,"player_choice":"Gave Potion","damage_taken":0,"relics_obtained":["DataDisk"],"max_hp_gain":0,"max_hp_loss":0,"event_name":"WeMeetAgain","floor":8,"gold_loss":0}],"is_beta":false,"boss_relics":[],"items_purged_floors":[],"is_endless":false,"potions_floor_spawned":[1,3,4],"killed_by":"Blue Slaver","ascension_level":0}