{"gold_per_floor":[114,114,129,144,20,20,50,50,50,80,80,95,125,125,125,225,225,240,5,5,20,20,20,35,50,105,105,120,120,48,63,63,63],"floor_reached":33,"playtime":1304,"items_purged":["Defend_R","Strike_R"],"score":265,"play_id":"6224e127-dda2-47dc-a9b3-07e85fd688e9","local_time":"20181201225704","daily_mods":["Heirloom","Blue Cards","Elite Swarm"],"is_ascension_mode":false,"campfire_choices":[{"floor":6,"key":"REST"},{"data":"Flex","floor":8,"key":"SMITH"},{"data":"Glacier","floor":11,"key":"SMITH"},{"floor":15,"key":"REST"},{"data":"Heavy Blade","floor":23,"key":"SMITH"},{"floor":27,"key":"REST"},{"floor":29,"key":"REST"},{"data":"Loop","floor":32,"key":"SMITH"}],"neow_cost":"","seed_source_timestamp":0,"circlet_count":0,"master_deck":["Strike_R+1","Strike_R","Defend_R+1","Defend_R","Bash","Glacier+1","Go for the Eyes","Uppercut","Flex+1","Pummel","Hyperbeam","Impervious","Cleave","Heavy Blade+1","Swift Strike","Armaments+1","Finesse","Doom and Gloom","Body Slam+1","Loop+1"],"special_seed":17867,"relics":["Burning Blood","Calipers","Anchor","Red Skull","PreservedInsect","Orichalcum","Empty Cage","Tiny Chest"],"potions_floor_usage":[3,7,10,21,31,33],"damage_taken":[{"damage":11,"enemies":"Jaw Worm","floor":1,"turns":4},{"damage":6,"enemies":"Small Slimes","floor":3,"turns":5},{"damage":0,"enemies":"Cultist","floor":4,"turns":4},{"damage":10,"enemies":"Gremlin Nob","floor":7,"turns":4},{"damage":7,"enemies":"Lagavulin","floor":10,"turns":6},{"damage":9,"enemies":"Exordium Thugs","floor":12,"turns":5},{"damage":16,"enemies":"Gremlin Nob","floor":13,"turns":4},{"damage":55,"enemies":"Hexaghost","floor":16,"turns":10},{"damage":17,"enemies":"2 Thieves","floor":18,"turns":4},{"damage":12,"enemies":"Shell Parasite","floor":21,"turns":6},{"damage":37,"enemies":"Snake Plant","floor":24,"turns":5},{"damage":17,"enemies":"Snecko","floor":25,"turns":4},{"damage":0,"enemies":"Cultist and Chosen","floor":28,"turns":5},{"damage":10,"enemies":"Snake Plant","floor":31,"turns":6},{"damage":73,"enemies":"Automaton","floor":33,"turns":6}],"seed_played":"-7513026677109115873","potions_obtained":[{"floor":1,"key":"FearPotion"},{"floor":3,"key":"Strength Potion"},{"floor":7,"key":"Block Potion"},{"floor":18,"key":"Explosive Potion"},{"floor":28,"key":"Block Potion"},{"floor":31,"key":"Energy Potion"}],"is_trial":false,"path_per_floor":["M","?","M","M","$","R","E","R","T","E","R","M","E","?","R","B",null,"M","$","?","M","?","R","M","M","T","R","M","R","$","M","R","B"],"character_chosen":"IRONCLAD","items_purchased":["Flex","Heavy Blade","Swift Strike","Loop"],"campfire_rested":4,"item_purchase_floors":[5,19,19,30],"current_hp_per_floor":[75,59,59,65,65,80,76,76,76,75,75,72,62,55,79,30,80,69,69,69,63,63,63,32,21,21,45,51,75,75,71,71,0],"gold":63,"neow_bonus":"","is_prod":false,"is_daily":true,"chose_seed":false,"campfire_upgraded":4,"win_rate":0,"timestamp":1543733824,"path_taken":["M","?","M","M","$","R","E","R","T","E","R","M","E","?","R","BOSS","M","$","?","M","?","R","M","M","T","R","?","R","$","M","R","BOSS"],"build_version":"2018-11-15","purchased_purges":2,"victory":false,"max_hp_per_floor":[80,80,80,80,80,80,80,80,80,80,80,80,80,80,80,80,80,80,80,80,80,80,80,80,80,80,80,80,80,80,80,80,80],"card_choices":[{"not_picked":["Double Energy","Spot Weakness"],"picked":"Glacier","floor":1},{"not_picked":["Clash","Barrage"],"picked":"Go for the Eyes","floor":3},{"not_picked":["Wild Strike","Perfected Strike"],"picked":"Uppercut","floor":4},{"not_picked":["Amplify","Thunder Strike","Juggernaut"],"picked":"SKIP","floor":7},{"not_picked":["Biased Cognition","Amplify","Brutality"],"picked":"SKIP","floor":10},{"not_picked":["Headbutt","Barrage"],"picked":"Pummel","floor":12},{"not_picked":["Fiend Fire","Echo Form"],"picked":"Hyperbeam","floor":13},{"not_picked":["Brutality","Echo Form"],"picked":"Impervious","floor":16},{"not_picked":["Redo","Clash"],"picked":"Cleave","floor":18},{"not_picked":["Pommel Strike","Iron Wave"],"picked":"Armaments+1","floor":21},{"not_picked":["Turbo","Anger","Power Through"],"picked":"SKIP","floor":24},{"not_picked":["FTL","Perfected Strike+1"],"picked":"Body Slam+1","floor":25},{"not_picked":["Beam Cell","Bloodletting+1","Sweeping Beam+1"],"picked":"SKIP","floor":28},{"not_picked":["Iron Wave","Compile Driver+1","Thunder Strike"],"picked":"SKIP","floor":31}],"player_experience":102601,"relics_obtained":[{"floor":7,"key":"Anchor"},{"floor":9,"key":"Red Skull"},{"floor":10,"key":"PreservedInsect"},{"floor":13,"key":"Orichalcum"},{"floor":26,"key":"Tiny Chest"}],"event_choices":[{"damage_healed":0,"gold_gain":0,"player_choice":"Entered Light","damage_taken":16,"max_hp_gain":0,"max_hp_loss":0,"event_name":"Shining Light","floor":2,"gold_loss":0,"cards_upgraded":["Defend_R","Strike_R"]},{"cards_removed":["Strike_R"],"damage_healed":0,"gold_gain":0,"player_choice":"Card Removal","damage_taken":7,"max_hp_gain":0,"max_hp_loss":0,"event_name":"Golden Wing","floor":14,"gold_loss":0},{"damage_healed":0,"gold_gain":0,"player_choice":"Ignored","damage_taken":0,"max_hp_gain":0,"max_hp_loss":0,"event_name":"The Mausoleum","floor":20,"gold_loss":0},{"damage_healed":0,"gold_gain":0,"player_choice":"2 cards matched","damage_taken":0,"max_hp_gain":0,"max_hp_loss":0,"event_name":"Match and Keep!","floor":22,"gold_loss":0,"cards_obtained":["Finesse","Doom and Gloom"]}],"is_beta":false,"boss_relics":[{"not_picked":["Calling Bell","Tiny House"],"picked":"Empty Cage"}],"items_purged_floors":[5,19],"is_endless":false,"potions_floor_spawned":[1,3,7,18,28,31],"killed_by":"Automaton","ascension_level":0}