{"gold_per_floor":[365,11,21,36,36,63,63,63,63,63,63,23,37,68,68,144,144,144,64,64,64,64,64,64,64,64,64,64,64,64,64,64,64,64,64,64,64,64,64,64,64,64,64,64,64,64,64,64,64,64,64],"floor_reached":51,"playtime":4957,"items_purged":["Strike_G"],"score":1589,"play_id":"df29007e-b117-4d8f-bec6-6f3696ba9687","local_time":"20190503165232","is_ascension_mode":true,"campfire_choices":[{"data":"Neutralize","floor":8.0,"key":"SMITH"},{"data":"Venomology","floor":11.0,"key":"SMITH"},{"data":"Panache","floor":15.0,"key":"SMITH"},{"floor":24.0,"key":"REST"},{"floor":27.0,"key":"REST"},{"floor":32.0,"key":"REST"},{"floor":40.0,"key":"RECALL"},{"data":"Deflect","floor":42.0,"key":"SMITH"},{"data":"Survivor","floor":47.0,"key":"SMITH"},{"floor":49.0,"key":"REST"}],"neow_cost":"TEN_PERCENT_HP_LOSS","seed_source_timestamp":178598901435065,"circlet_count":0,"master_deck":["AscendersBane","Defend_G","Defend_G","Defend_G","Defend_G","Defend_G","Strike_G","Strike_G","Strike_G","Survivor+1","Neutralize+1","Dagger Throw","Predator+1","Panache+1","Deflect+1","Venomology+1","Heel Hook","Unload","Terror+1","Deflect+1","Distraction+1","Storm of Steel+1","Bouncing Flask+1","Acrobatics+1","Caltrops+1","Blade Dance+1","Blade Dance+1","Backflip+1","Backstab","Dodge and Roll+1","Cloak And Dagger+1","Burst+1","Outmaneuver+1","Dodge and Roll+1","Madness+1","Madness+1","Finisher+1","Corpse Explosion+1","Cloak And Dagger+1","Panache+1","Expertise+1"],"special_seed":0,"relics":["Ring of the Snake","Bird Faced Urn","Toxic Egg 2","Ninja Scroll","Ectoplasm","Darkstone Periapt","Blood Vial","Oddly Smooth Stone","Runic Pyramid","Mummified Hand","Omamori","Bottled Lightning","Regal Pillow"],"potions_floor_usage":[50,50,51,51],"damage_taken":[{"damage":1.0,"enemies":"Cultist","floor":1.0,"turns":3.0},{"damage":3.0,"enemies":"Small Slimes","floor":3.0,"turns":3.0},{"damage":0.0,"enemies":"Jaw Worm","floor":4.0,"turns":4.0},{"damage":26.0,"enemies":"Gremlin Nob","floor":6.0,"turns":4.0},{"damage":4.0,"enemies":"Large Slime","floor":13.0,"turns":5.0},{"damage":11.0,"enemies":"Lagavulin","floor":14.0,"turns":5.0},{"damage":1.0,"enemies":"Hexaghost","floor":16.0,"turns":10.0},{"damage":0.0,"enemies":"Spheric Guardian","floor":18.0,"turns":3.0},{"damage":13.0,"enemies":"2 Thieves","floor":19.0,"turns":4.0},{"damage":19.0,"enemies":"Shelled Parasite and Fungi","floor":20.0,"turns":7.0},{"damage":18.0,"enemies":"Centurion and Healer","floor":21.0,"turns":2.0},{"damage":0.0,"enemies":"Slavers","floor":23.0,"turns":2.0},{"damage":13.0,"enemies":"Snecko","floor":25.0,"turns":3.0},{"damage":23.0,"enemies":"Chosen and Byrds","floor":28.0,"turns":5.0},{"damage":7.0,"enemies":"Gremlin Leader","floor":29.0,"turns":4.0},{"damage":23.0,"enemies":"Cultist and Chosen","floor":31.0,"turns":4.0},{"damage":27.0,"enemies":"Champ","floor":33.0,"turns":13.0},{"damage":0.0,"enemies":"3 Shapes","floor":35.0,"turns":4.0},{"damage":0.0,"enemies":"Orb Walker","floor":36.0,"turns":2.0},{"damage":9.0,"enemies":"Maw","floor":39.0,"turns":7.0},{"damage":5.0,"enemies":"Reptomancer","floor":41.0,"turns":4.0},{"damage":14.0,"enemies":"Giant Head","floor":44.0,"turns":6.0},{"damage":0.0,"enemies":"Transient","floor":45.0,"turns":6.0},{"damage":35.0,"enemies":"Writhing Mass","floor":48.0,"turns":3.0},{"damage":35,"enemies":"Donu and Deca","floor":50,"turns":6},{"damage":45,"enemies":"Time Eater","floor":51,"turns":3}],"seed_played":"-5161505276376972614","potions_obtained":[{"floor":3.0,"key":"Strength Potion"},{"floor":13.0,"key":"AttackPotion"},{"floor":14.0,"key":"SpeedPotion"},{"floor":21.0,"key":"SteroidPotion"},{"floor":23.0,"key":"Explosive Potion"},{"floor":25.0,"key":"PowerPotion"},{"floor":31.0,"key":"Fruit Juice"},{"floor":39.0,"key":"Swift Potion"},{"floor":44.0,"key":"Block Potion"}],"is_trial":false,"path_per_floor":["M","$","M","M","$","E","?","R","T","?","R","$","M","E","R","B",null,"M","M","M","M","?","E","R","M","T","R","M","E","?","M","R","B",null,"M","M","T","?","M","R","E","R","T","E","M","?","R","M","R","B","B"],"character_chosen":"THE_SILENT","items_purchased":["Predator","Panache","Terror+1"],"campfire_rested":4,"item_purchase_floors":[2,2,12],"current_hp_per_floor":[58,58,55,55,55,29,49,49,49,49,49,49,47,38,38,39,55,57,46,29,13,13,15,33,22,22,40,23,24,24,5,28,7,51,55,57,57,45,56,56,55,55,55,47,53,53,53,24,58,31,0],"gold":64,"neow_bonus":"TWO_FIFTY_GOLD","is_prod":false,"is_daily":false,"chose_seed":false,"campfire_upgraded":5,"win_rate":0,"timestamp":1556895152,"path_taken":["M","$","M","?","?","E","?","R","T","?","R","$","?","E","R","BOSS","M","M","M","M","?","E","R","M","T","R","M","E","?","M","R","BOSS","M","M","?","?","M","R","E","R","T","E","M","?","R","M","R","BOSS","BOSS"],"build_version":"2019-01-23","purchased_purges":1,"victory":false,"max_hp_per_floor":[60,60,60,60,60,60,60,60,60,60,60,60,60,60,60,60,60,60,60,60,60,60,60,60,60,60,60,60,60,60,60,65,65,65,65,65,65,65,65,65,65,65,65,65,65,65,65,65,65,65,65],"card_choices":[{"not_picked":["Prepared","Catalyst"],"picked":"Dagger Throw","floor":1.0},{"not_picked":["Flying Knee","Deadly Poison"],"picked":"Deflect","floor":3.0},{"not_picked":["All Out Attack","Leg Sweep"],"picked":"Venomology","floor":4.0},{"not_picked":["Accuracy","Flying Knee"],"picked":"Heel Hook","floor":6.0},{"not_picked":["Crippling Poison+1","Bouncing Flask+1"],"picked":"Deflect+1","floor":13.0},{"not_picked":["Slice","Deflect+1"],"picked":"Distraction+1","floor":14.0},{"not_picked":["Glass Knife","Die Die Die"],"picked":"Storm of Steel+1","floor":16.0},{"not_picked":["Bane","Eviscerate"],"picked":"Bouncing Flask+1","floor":18.0},{"not_picked":["Riddle With Holes","Bane"],"picked":"Acrobatics+1","floor":19.0},{"not_picked":["Cloak And Dagger+1","Blade Dance+1"],"picked":"Caltrops+1","floor":20.0},{"not_picked":["Underhanded Strike","Deadly Poison+1"],"picked":"Blade Dance+1","floor":21.0},{"not_picked":["Envenom","Crippling Poison+1"],"picked":"Blade Dance+1","floor":23.0},{"not_picked":["Crippling Poison+1","Poisoned Stab"],"picked":"Backflip+1","floor":25.0},{"not_picked":["Underhanded Strike","Terror+1"],"picked":"Backstab","floor":28.0},{"not_picked":["Outmaneuver+1","Underhanded Strike"],"picked":"Dodge and Roll+1","floor":29.0},{"not_picked":["Poisoned Stab","Accuracy"],"picked":"Cloak And Dagger+1","floor":31.0},{"not_picked":["Wraith Form v2","Unload"],"picked":"Burst+1","floor":33.0},{"not_picked":["Sucker Punch+1","Setup+1"],"picked":"Outmaneuver+1","floor":35.0},{"not_picked":["Underhanded Strike","Acrobatics+1"],"picked":"Dodge and Roll+1","floor":36.0},{"not_picked":["Acrobatics+1","Poisoned Stab","Underhanded Strike+1"],"picked":"SKIP","floor":39.0},{"not_picked":["Quick Slash+1","Grand Finale"],"picked":"Finisher+1","floor":41.0},{"not_picked":["Dash","Sucker Punch"],"picked":"Corpse Explosion+1","floor":44.0},{"not_picked":["Blur+1","Backflip+1"],"picked":"Cloak And Dagger+1","floor":45.0},{"not_picked":["Dagger Throw","Acrobatics+1"],"picked":"Expertise+1","floor":48.0}],"player_experience":1943693,"relics_obtained":[{"floor":6.0,"key":"Bird Faced Urn"},{"floor":9.0,"key":"Toxic Egg 2"},{"floor":14.0,"key":"Ninja Scroll"},{"floor":23.0,"key":"Darkstone Periapt"},{"floor":26.0,"key":"Blood Vial"},{"floor":29.0,"key":"Oddly Smooth Stone"},{"floor":37.0,"key":"Mummified Hand"},{"floor":41.0,"key":"Omamori"},{"floor":43.0,"key":"Bottled Lightning"},{"floor":44.0,"key":"Regal Pillow"}],"event_choices":[{"damage_healed":20.0,"max_hp_gain":0.0,"max_hp_loss":0.0,"gold_gain":0.0,"event_name":"Big Fish","player_choice":"Banana","floor":7.0,"gold_loss":0.0,"damage_taken":0.0},{"damage_healed":0.0,"max_hp_gain":0.0,"max_hp_loss":0.0,"gold_gain":0.0,"cards_transformed":["Strike_G"],"event_name":"Transmorgrifier","player_choice":"Transformed","floor":10.0,"gold_loss":0.0,"damage_taken":0.0,"cards_obtained":["Unload"]},{"damage_healed":0.0,"max_hp_gain":0.0,"max_hp_loss":0.0,"gold_gain":50.0,"event_name":"Nest","player_choice":"Stole From Cult","floor":22.0,"gold_loss":0.0,"damage_taken":0.0},{"damage_healed":0.0,"max_hp_gain":0.0,"max_hp_loss":0.0,"gold_gain":0.0,"event_name":"Upgrade Shrine","player_choice":"Upgraded","floor":30.0,"gold_loss":0.0,"damage_taken":0.0,"cards_upgraded":["Predator"]},{"damage_healed":0.0,"max_hp_gain":0.0,"max_hp_loss":0.0,"gold_gain":0.0,"event_name":"Winding Halls","player_choice":"Embrace Madness","floor":38.0,"gold_loss":0.0,"damage_taken":12.0,"cards_obtained":["Madness","Madness"]},{"damage_healed":0.0,"max_hp_gain":0.0,"max_hp_loss":0.0,"gold_gain":0.0,"event_name":"Duplicator","player_choice":"Copied","floor":46.0,"gold_loss":0.0,"damage_taken":0.0,"cards_obtained":["Panache"]}],"is_beta":false,"boss_relics":[{"not_picked":["Black Star","Calling Bell"],"picked":"Ectoplasm"},{"not_picked":["White Beast Statue","Philosopher\u0027s Stone"],"picked":"Runic Pyramid"}],"items_purged_floors":[2],"is_endless":false,"potions_floor_spawned":[3,13,14,21,23,25,31,39,44],"killed_by":"Time Eater","ascension_level":20}