{"gold_per_floor":[112,129,129,140,154,154,173,173,173,173,173,190,209,238,238,337,337,356,356,367,347,357,357,368,380,404,404,404,404,419,492,492,492],"floor_reached":33,"playtime":2674,"items_purged":[],"score":251,"play_id":"83d411be-2b7a-4027-a193-15d94c8c11f0","local_time":"20181206174339","is_ascension_mode":false,"campfire_choices":[{"data":"Flying Knee","floor":6,"key":"SMITH"},{"data":"Outmaneuver","floor":8,"key":"SMITH"},{"floor":15,"key":"REST"},{"floor":23,"key":"REST"},{"floor":27,"key":"REST"},{"data":"Outmaneuver","floor":29,"key":"SMITH"},{"floor":32,"key":"REST"}],"neow_cost":"NONE","seed_source_timestamp":154636914360482,"circlet_count":0,"master_deck":["Survivor","Neutralize","Flying Knee+1","Quick Slash","Terror","Blade Dance","Outmaneuver+1","Parasite","Dagger Spray","Outmaneuver+1","Finisher","After Image","PiercingWail","Backflip","Choke","Deadly Poison","Crippling Poison","Prepared","Sucker Punch","Distraction","Backflip","Backflip","Underhanded Strike","Blur","Dash","Poisoned Stab","Skewer","Bouncing Flask+1"],"relics":["Ring of the Snake","Oddly Smooth Stone","Ice Cream","StoneCalendar","Tough Bandages","Pandora\u0027s Box","Enchiridion","Anchor","Darkstone Periapt","Meat on the Bone"],"potions_floor_usage":[14,16,16,33,33],"damage_taken":[{"damage":4,"enemies":"2 Louse","floor":1,"turns":3},{"damage":2,"enemies":"Jaw Worm","floor":2,"turns":3},{"damage":0,"enemies":"Small Slimes","floor":4,"turns":3},{"damage":0,"enemies":"Exordium Wildlife","floor":5,"turns":2},{"damage":10,"enemies":"Large Slime","floor":7,"turns":5},{"damage":9,"enemies":"Red Slaver","floor":12,"turns":3},{"damage":9,"enemies":"3 Louse","floor":13,"turns":3},{"damage":30,"enemies":"Gremlin Nob","floor":14,"turns":5},{"damage":42,"enemies":"Slime Boss","floor":16,"turns":8},{"damage":18,"enemies":"2 Thieves","floor":18,"turns":5},{"damage":11,"enemies":"Spheric Guardian","floor":20,"turns":5},{"damage":0,"enemies":"Snake Plant","floor":22,"turns":4},{"damage":9,"enemies":"Shelled Parasite and Fungi","floor":24,"turns":6},{"damage":15,"enemies":"Cultist and Chosen","floor":25,"turns":7},{"damage":16,"enemies":"Snecko","floor":30,"turns":5},{"damage":68,"enemies":"Collector","floor":33,"turns":6}],"seed_played":"5376721070055016610","potions_obtained":[{"floor":2,"key":"PowerPotion"},{"floor":4,"key":"Ancient Potion"},{"floor":14,"key":"GhostInAJar"},{"floor":16,"key":"Weak Potion"},{"floor":20,"key":"LiquidBronze"},{"floor":21,"key":"GamblersBrew"},{"floor":25,"key":"Energy Potion"},{"floor":30,"key":"Regen Potion"}],"is_trial":false,"path_per_floor":["M","M","?","M","M","R","M","R","T","T","?","M","M","E","R","B",null,"M","?","M","?","M","R","M","M","T","R","?","R","M","T","R","B"],"character_chosen":"THE_SILENT","items_purchased":[],"campfire_rested":4,"item_purchase_floors":[],"current_hp_per_floor":[66,64,64,64,64,64,54,54,54,54,70,61,52,22,43,1,70,52,36,25,25,25,46,37,22,22,43,43,43,27,27,48,0],"gold":492,"neow_bonus":"RANDOM_COMMON_RELIC","is_prod":false,"is_daily":false,"chose_seed":false,"campfire_upgraded":3,"win_rate":0.0,"timestamp":1544147019,"path_taken":["M","M","?","M","M","R","M","R","T","?","?","?","M","E","R","BOSS","M","?","M","?","?","R","M","M","T","R","?","R","M","?","R","BOSS"],"build_version":"2018-11-15","purchased_purges":0,"victory":false,"max_hp_per_floor":[70,70,70,70,70,70,70,70,70,70,70,70,70,70,70,70,70,70,70,70,70,70,70,70,70,70,70,70,70,70,70,70,70],"card_choices":[{"not_picked":["Bane","Catalyst"],"picked":"Flying Knee","floor":1},{"not_picked":["Prepared","PiercingWail"],"picked":"Quick Slash","floor":2},{"not_picked":["Dodge and Roll","Malaise"],"picked":"Terror","floor":4},{"not_picked":["Bane","Well Laid Plans"],"picked":"Blade Dance","floor":5},{"not_picked":["Skewer","Acrobatics"],"picked":"Outmaneuver","floor":7},{"not_picked":["Poisoned Stab","Dagger Throw"],"picked":"Dagger Spray","floor":12},{"not_picked":["Expertise","Leg Sweep"],"picked":"Outmaneuver","floor":13},{"not_picked":["Catalyst","Tactician"],"picked":"Finisher","floor":14},{"not_picked":["Tools of the Trade","Wraith Form v2"],"picked":"After Image","floor":16},{"not_picked":["Deflect","Dodge and Roll"],"picked":"Underhanded Strike","floor":18},{"not_picked":["Dagger Throw","Cloak And Dagger"],"picked":"Blur","floor":20},{"not_picked":["Acrobatics","Caltrops"],"picked":"Dash","floor":22},{"not_picked":["Underhanded Strike","Dodge and Roll"],"picked":"Poisoned Stab","floor":24},{"not_picked":["Quick Slash","Dagger Throw+1"],"picked":"Skewer","floor":25},{"not_picked":["Bane","Tactician"],"picked":"Bouncing Flask+1","floor":30}],"player_experience":118769,"relics_obtained":[{"floor":9,"key":"Ice Cream"},{"floor":10,"key":"StoneCalendar"},{"floor":14,"key":"Tough Bandages"},{"floor":19,"key":"Enchiridion"},{"floor":26,"key":"Anchor"},{"floor":31,"key":"Meat on the Bone"}],"event_choices":[{"damage_healed":0,"gold_gain":0,"player_choice":"Ignored","damage_taken":0,"max_hp_gain":0,"max_hp_loss":0,"event_name":"Liars Game","floor":3,"gold_loss":0},{"damage_healed":17,"gold_gain":0,"player_choice":"Healed and dodged fight","damage_taken":0,"max_hp_gain":0,"max_hp_loss":0,"event_name":"Mushrooms","floor":11,"gold_loss":0,"cards_obtained":["Parasite"]},{"damage_healed":0,"gold_gain":0,"player_choice":"Obtained Book","damage_taken":16,"max_hp_gain":0,"max_hp_loss":0,"event_name":"Cursed Tome","floor":19,"gold_loss":0},{"damage_healed":0,"gold_gain":0,"player_choice":"Bought 1 Potion","damage_taken":0,"max_hp_gain":0,"max_hp_loss":0,"event_name":"The Woman in Blue","floor":21,"gold_loss":0},{"damage_healed":0,"gold_gain":0,"player_choice":"Opened","damage_taken":0,"relics_obtained":["Darkstone Periapt"],"max_hp_gain":0,"max_hp_loss":0,"event_name":"The Mausoleum","floor":28,"gold_loss":0}],"is_beta":false,"boss_relics":[{"not_picked":["Fusion Hammer","Runic Dome"],"picked":"Pandora\u0027s Box"}],"items_purged_floors":[],"is_endless":false,"potions_floor_spawned":[2,4,14,16,20,25,30],"killed_by":"Collector","ascension_level":0}