{"gold_per_floor":[117,117,117,20,34,34,34,34,34,52,70,70,1,12,12,107,107,127,46,56,56],"floor_reached":21,"playtime":855,"items_purged":[],"score":169,"play_id":"56e4c439-6bd3-4860-9aff-f75d963c55aa","local_time":"20190324213203","daily_mods":["SealedDeck","Chimera","Diverse","Time Dilation","Binary"],"is_ascension_mode":false,"campfire_choices":[{"floor":6,"key":"REST"},{"data":"Armaments","floor":12,"key":"SMITH"},{"data":"Bouncing Flask","floor":15,"key":"SMITH"}],"neow_cost":"","seed_source_timestamp":512866822550524,"circlet_count":0,"master_deck":["Bash+1","Survivor","Zap","Strike_R","Strike_G+1","Strike_B","Defend_R","Defend_G","Defend_B","Blur","Flying Knee","Ghostly Armor","Blade Dance","Bouncing Flask+1","Loop","Streamline","Slice","Deadly Poison","Anger","Armaments+1","Lockon","Ball Lightning","Rampage","Poisoned Stab","Self Repair","Blur","Multi-Cast","Capacitor","Panacea","Hologram"],"relics":["Black Blood","Shuriken","Regal Pillow","FossilizedHelix"],"potions_floor_usage":[16],"damage_taken":[{"damage":11,"enemies":"Jaw Worm","floor":1,"turns":2},{"damage":6,"enemies":"2 Louse","floor":5,"turns":2},{"damage":0,"enemies":"Small Slimes","floor":10,"turns":3},{"damage":16,"enemies":"Gremlin Gang","floor":11,"turns":4},{"damage":13,"enemies":"3 Louse","floor":14,"turns":3},{"damage":43,"enemies":"The Guardian","floor":16,"turns":7},{"damage":42,"enemies":"3 Byrds","floor":18,"turns":5},{"damage":53,"enemies":"2 Thieves","floor":20,"turns":4},{"damage":32,"enemies":"Shelled Parasite and Fungi","floor":21,"turns":6}],"seed_played":"-3331376231111728127","potions_obtained":[{"floor":14,"key":"Poison Potion"}],"is_trial":true,"path_per_floor":["M","?","?","$","M","R","?","T","T","M","M","R","$","M","R","B",null,"M","$","M","M"],"character_chosen":"IRONCLAD","items_purchased":["Armaments","Lockon","Self Repair","Panacea"],"campfire_rested":1,"item_purchase_floors":[4,4,13,19],"current_hp_per_floor":[75,63,68,68,68,85,68,68,68,74,64,64,64,57,57,27,85,60,60,27,0],"gold":56,"neow_bonus":"","is_prod":false,"is_daily":false,"chose_seed":false,"campfire_upgraded":2,"win_rate":0,"timestamp":1553488323,"path_taken":["M","?","?","$","?","R","?","?","T","M","M","R","$","M","R","BOSS","M","$","M","M"],"build_version":"2019-01-23","purchased_purges":0,"victory":false,"max_hp_per_floor":[80,80,85,85,85,85,85,85,85,85,85,85,85,85,85,85,85,85,85,85,85],"card_choices":[{"not_picked":["True Grit","Warcry"],"picked":"SKIP","floor":1},{"not_picked":["Flex"],"picked":"Ball Lightning","floor":5},{"not_picked":["Barrage"],"picked":"Rampage","floor":10},{"not_picked":["Melter"],"picked":"Poisoned Stab","floor":11},{"not_picked":["Bloodletting"],"picked":"Blur","floor":14},{"not_picked":["Glass Knife"],"picked":"Multi-Cast","floor":16},{"not_picked":["Metallicize"],"picked":"Capacitor","floor":18},{"not_picked":["Bloodletting"],"picked":"Hologram","floor":20}],"player_experience":369118,"relics_obtained":[{"floor":8,"key":"Regal Pillow"},{"floor":9,"key":"FossilizedHelix"}],"event_choices":[{"damage_healed":0,"gold_gain":0,"player_choice":"Success","damage_taken":12,"relics_obtained":["Shuriken"],"max_hp_gain":0,"max_hp_loss":0,"event_name":"Scrap Ooze","floor":2,"gold_loss":0},{"damage_healed":0,"gold_gain":0,"player_choice":"Donut","damage_taken":0,"max_hp_gain":5,"max_hp_loss":0,"event_name":"Big Fish","floor":3,"gold_loss":0},{"damage_healed":0,"gold_gain":0,"player_choice":"Entered Light","damage_taken":17,"max_hp_gain":0,"max_hp_loss":0,"event_name":"Shining Light","floor":7,"gold_loss":0,"cards_upgraded":["Bash","Strike_G"]}],"is_beta":false,"boss_relics":[{"not_picked":["Black Star","Ectoplasm"],"picked":"Black Blood"}],"items_purged_floors":[],"is_endless":false,"potions_floor_spawned":[14],"killed_by":"Shelled Parasite and Fungi","ascension_level":0}