{"gold_per_floor":[116,291,310,330,330,330,343,361,361,311,321,321,337,116,116,220,270,280,280,280,23,39,39,55,55,55,71,71,71,88,118,118,118],"floor_reached":33,"playtime":2457,"items_purged":["Doubt"],"score":259,"play_id":"4edcf815-f174-4f10-868b-7614156ea981","local_time":"20181208142743","is_ascension_mode":false,"campfire_choices":[{"floor":12,"key":"REST"},{"floor":15,"key":"REST"},{"data":"A Thousand Cuts","floor":23,"key":"SMITH"},{"floor":29,"key":"REST"},{"floor":32,"key":"REST"}],"neow_cost":"TEN_PERCENT_HP_LOSS","seed_source_timestamp":315898286330789,"circlet_count":0,"master_deck":["Defend_G+1","Defend_G+1","Defend_G+1","Defend_G+1","Defend_G+1","Strike_G+1","Strike_G+1","Strike_G+1","Strike_G+1","Strike_G+1","Survivor","Neutralize","A Thousand Cuts+1","Dagger Spray","Heel Hook","Cloak And Dagger","A Thousand Cuts","Finesse","Flying Knee","Deadly Poison","Noxious Fumes","Crippling Poison","Die Die Die","Dodge and Roll","PiercingWail+1","Quick Slash+1","Slice+1","Skewer","Cloak And Dagger+1","Flechettes"],"relics":["Ring of the Snake","Bag of Marbles","Bottled Lightning","Omamori","Tiny House","Ginger","Meat on the Bone","Bottled Flame","Juzu Bracelet","Dodecahedron"],"potions_floor_usage":[16,16,16,33,33,33],"damage_taken":[{"damage":0,"enemies":"Jaw Worm","floor":1,"turns":6},{"damage":0,"enemies":"Small Slimes","floor":3,"turns":3},{"damage":7,"enemies":"Cultist","floor":4,"turns":6},{"damage":8,"enemies":"Looter","floor":7,"turns":5},{"damage":0,"enemies":"3 Louse","floor":8,"turns":1},{"damage":9,"enemies":"Blue Slaver","floor":11,"turns":5},{"damage":1,"enemies":"Looter","floor":13,"turns":4},{"damage":38,"enemies":"Hexaghost","floor":16,"turns":10},{"damage":13,"enemies":"Chosen","floor":18,"turns":6},{"damage":16,"enemies":"2 Thieves","floor":22,"turns":5},{"damage":18,"enemies":"Centurion and Healer","floor":24,"turns":7},{"damage":8,"enemies":"Snecko","floor":27,"turns":5},{"damage":12,"enemies":"3 Cultists","floor":30,"turns":5},{"damage":22,"enemies":"Gremlin Leader","floor":31,"turns":7},{"damage":79,"enemies":"Automaton","floor":33,"turns":12}],"seed_played":"264039345935233565","potions_obtained":[{"floor":4,"key":"EssenceOfSteel"},{"floor":11,"key":"Energy Potion"},{"floor":13,"key":"FearPotion"},{"floor":17,"key":"Energy Potion"},{"floor":18,"key":"FearPotion"},{"floor":27,"key":"GhostInAJar"}],"is_trial":false,"path_per_floor":["M","?","M","M","?","?","M","M","T","?","M","R","M","$","R","B",null,"M","?","?","$","M","R","M","T","T","M","?","R","M","E","R","B"],"character_chosen":"THE_SILENT","items_purchased":["Omamori","Meat on the Bone"],"campfire_rested":4,"item_purchase_floors":[14,21],"current_hp_per_floor":[63,63,63,56,49,49,41,41,41,41,32,50,49,49,63,25,68,55,55,55,55,39,39,33,33,33,37,37,57,45,35,55,0],"gold":118,"neow_bonus":"THREE_RARE_CARDS","is_prod":false,"is_daily":false,"chose_seed":false,"campfire_upgraded":1,"win_rate":0.0,"timestamp":1544308063,"path_taken":["M","?","M","M","?","?","M","?","T","?","M","R","M","$","R","BOSS","M","?","?","$","M","R","M","?","T","M","?","R","M","E","R","BOSS"],"build_version":"2018-12-06","purchased_purges":1,"victory":false,"max_hp_per_floor":[63,63,63,63,63,63,63,63,63,63,63,63,63,63,63,63,68,68,68,68,68,68,68,68,68,68,68,68,68,68,68,68,68],"card_choices":[{"not_picked":["Tools of the Trade","Doppelganger"],"picked":"A Thousand Cuts","floor":0},{"not_picked":["Finisher","Sucker Punch"],"picked":"Dagger Spray","floor":1},{"not_picked":["Prepared","Bane"],"picked":"Heel Hook","floor":3},{"not_picked":["Dagger Spray","Finisher"],"picked":"Cloak And Dagger","floor":4},{"not_picked":["Underhanded Strike","Eviscerate"],"picked":"Flying Knee","floor":7},{"not_picked":["Flying Knee","Dagger Spray"],"picked":"Deadly Poison","floor":8},{"not_picked":["Venomology","Deflect"],"picked":"Noxious Fumes","floor":11},{"not_picked":["Deadly Poison","Slice"],"picked":"Crippling Poison","floor":13},{"not_picked":["Malaise","Night Terror"],"picked":"Die Die Die","floor":16},{"not_picked":["Well Laid Plans","Predator"],"picked":"Dodge and Roll","floor":17},{"not_picked":["Choke+1","Leg Sweep"],"picked":"PiercingWail+1","floor":18},{"not_picked":["Blade Dance","Heel Hook+1"],"picked":"Quick Slash+1","floor":22},{"not_picked":["Eviscerate","Dash"],"picked":"Slice","floor":24},{"not_picked":["Sucker Punch","Underhanded Strike"],"picked":"Skewer","floor":27},{"not_picked":["Crippling Poison+1","Dash"],"picked":"Cloak And Dagger+1","floor":30},{"not_picked":["Die Die Die","Envenom"],"picked":"Flechettes","floor":31}],"player_experience":172319,"relics_obtained":[{"floor":9,"key":"Bottled Lightning"},{"floor":25,"key":"Bottled Flame"},{"floor":26,"key":"Juzu Bracelet"},{"floor":31,"key":"Dodecahedron"}],"event_choices":[{"damage_healed":0,"gold_gain":175,"player_choice":"AGREE","damage_taken":0,"max_hp_gain":0,"max_hp_loss":0,"event_name":"Liars Game","floor":2,"gold_loss":0,"cards_obtained":["Doubt"]},{"damage_healed":0,"gold_gain":0,"player_choice":"Success","damage_taken":7,"relics_obtained":["Bag of Marbles"],"max_hp_gain":0,"max_hp_loss":0,"event_name":"Scrap Ooze","floor":5,"gold_loss":0},{"damage_healed":0,"gold_gain":0,"player_choice":"3 cards matched","damage_taken":0,"max_hp_gain":0,"max_hp_loss":0,"event_name":"Match and Keep!","floor":6,"gold_loss":0,"cards_obtained":["Decay","A Thousand Cuts","Finesse"]},{"cards_removed":["Decay"],"damage_healed":0,"gold_gain":0,"player_choice":"Card Removal","damage_taken":0,"max_hp_gain":0,"max_hp_loss":0,"event_name":"The Cleric","floor":10,"gold_loss":50},{"damage_healed":0,"gold_gain":0,"player_choice":"Simplicity","damage_taken":0,"max_hp_gain":0,"max_hp_loss":0,"event_name":"Back to Basics","floor":19,"gold_loss":0,"cards_upgraded":["Defend_G","Defend_G","Defend_G","Defend_G","Defend_G","Strike_G","Strike_G","Strike_G","Strike_G"]},{"damage_healed":0,"gold_gain":0,"player_choice":"Stole Relic","damage_taken":0,"relics_obtained":["Ginger"],"max_hp_gain":0,"max_hp_loss":0,"event_name":"Addict","floor":20,"gold_loss":0,"cards_obtained":["Shame"]},{"damage_healed":0,"gold_gain":0,"player_choice":"Upgraded","damage_taken":0,"max_hp_gain":0,"max_hp_loss":0,"event_name":"Upgrade Shrine","floor":28,"gold_loss":0,"cards_upgraded":["Slice"]}],"is_beta":false,"boss_relics":[{"not_picked":["Cursed Key","Coffee Dripper"],"picked":"Tiny House"}],"items_purged_floors":[14],"is_endless":false,"potions_floor_spawned":[4,11,13,18,27,31],"killed_by":"Automaton","ascension_level":0}