{"gold_per_floor":[112,125,17,17,36,36,56,56,56,67,82,82,82,82],"floor_reached":14,"playtime":460,"items_purged":[],"score":97,"play_id":"e185064c-00d9-4069-bda6-a1f85d397da7","local_time":"20190423221508","is_ascension_mode":true,"campfire_choices":[{"data":"Limit Break","floor":8,"key":"SMITH"},{"floor":12,"key":"REST"}],"neow_cost":"CURSE","seed_source_timestamp":519717340280710,"circlet_count":0,"master_deck":["Strike_R","Strike_R","Strike_R","Strike_R","Strike_R","Defend_R","Defend_R","Defend_R","Defend_R","Bash","Writhe","Limit Break+1","Sword Boomerang","Flex","Thunderclap","Shrug It Off","Uppercut","Shrug It Off","Shrug It Off","Warcry"],"relics":["Burning Blood"],"potions_floor_usage":[6,11],"damage_taken":[{"damage":9,"enemies":"Cultist","floor":1,"turns":4},{"damage":0,"enemies":"Small Slimes","floor":2,"turns":3},{"damage":0,"enemies":"2 Louse","floor":5,"turns":2},{"damage":0,"enemies":"Gremlin Nob","floor":6,"turns":1},{"damage":28,"enemies":"Exordium Thugs","floor":7,"turns":4},{"damage":11,"enemies":"Large Slime","floor":10,"turns":3},{"damage":9,"enemies":"Looter","floor":11,"turns":4},{"damage":88,"enemies":"Lagavulin","floor":14,"turns":12}],"seed_played":"4035574320343384330","potions_obtained":[{"floor":2,"key":"GamblersBrew"},{"floor":5,"key":"SmokeBomb"}],"is_trial":false,"path_per_floor":["M","M","$","T","M","E","M","R","T","M","M","R","?","E"],"character_chosen":"IRONCLAD","items_purchased":["Thunderclap","Shrug It Off"],"campfire_rested":1,"item_purchase_floors":[3,3],"current_hp_per_floor":[77,80,80,80,80,80,58,58,58,53,50,74,74,0],"gold":82,"neow_bonus":"THREE_RARE_CARDS","is_prod":false,"is_daily":false,"chose_seed":false,"campfire_upgraded":1,"win_rate":0,"timestamp":1556082908,"path_taken":["M","M","$","?","M","E","M","R","T","M","M","R","?","E"],"build_version":"2019-01-23","purchased_purges":0,"victory":false,"max_hp_per_floor":[80,80,80,80,80,80,80,80,80,80,80,80,80,80],"card_choices":[{"not_picked":["Fiend Fire","Feed"],"picked":"Limit Break","floor":0},{"not_picked":["Rage","Havoc"],"picked":"Sword Boomerang","floor":1},{"not_picked":["Twin Strike","Second Wind"],"picked":"Flex","floor":2},{"not_picked":["Blood for Blood","Bloodletting"],"picked":"Uppercut","floor":5},{"not_picked":["Cleave","Sword Boomerang"],"picked":"Shrug It Off","floor":7},{"not_picked":["Offering","Wild Strike"],"picked":"Shrug It Off","floor":10},{"not_picked":["Entrench","Second Wind"],"picked":"Warcry","floor":11}],"player_experience":444799,"relics_obtained":[],"event_choices":[{"damage_healed":0,"gold_gain":0,"player_choice":"Searched \u00270\u0027 times","damage_taken":0,"max_hp_gain":0,"max_hp_loss":0,"event_name":"Dead Adventurer","floor":13,"gold_loss":0}],"is_beta":false,"boss_relics":[],"items_purged_floors":[],"is_endless":false,"potions_floor_spawned":[2,5,6],"killed_by":"Lagavulin","ascension_level":1}