{"gold_per_floor":[116,76,76,93,93,118,143,143,143,160,176,206,177,187,187,284,284,303,323,323,323,238,238,253,253,277,292,38,38,49,59,59,59],"floor_reached":33,"playtime":1918,"items_purged":[],"score":272,"play_id":"7ed749b2-9be9-4295-bcff-593103bca387","local_time":"20181208163640","is_ascension_mode":false,"campfire_choices":[{"data":"Flying Knee","floor":8,"key":"SMITH"},{"floor":15,"key":"REST"},{"floor":23,"key":"REST"},{"data":"Terror","floor":25,"key":"SMITH"},{"floor":32,"key":"REST"}],"neow_cost":"NONE","seed_source_timestamp":324173804815636,"circlet_count":0,"master_deck":["Defend_G","Defend_G","Defend_G","Defend_G","Defend_G","Strike_G","Strike_G","Strike_G","Strike_G","Strike_G","Survivor","Neutralize","Flying Knee+1","Crippling Poison","Outmaneuver","Deadly Poison","Terror+1","Catalyst","Deflect","Corpse Explosion","Slice","Dash+1","Escape Plan","Poisoned Stab","Bane"],"relics":["Ring of the Snake","NeowsBlessing","Bronze Scales","Mercury Hourglass","Potion Belt","Letter Opener","Darkstone Periapt","Anchor","Happy Flower","Lee\u0027s Waffle"],"potions_floor_usage":[16,16,16,33,33,33],"damage_taken":[{"damage":0,"enemies":"Cultist","floor":1,"turns":1},{"damage":0,"enemies":"Small Slimes","floor":4,"turns":1},{"damage":0,"enemies":"3 Sentries","floor":6,"turns":1},{"damage":6,"enemies":"Jaw Worm","floor":10,"turns":3},{"damage":4,"enemies":"2 Fungi Beasts","floor":11,"turns":3},{"damage":0,"enemies":"3 Louse","floor":14,"turns":2},{"damage":27,"enemies":"Hexaghost","floor":16,"turns":6},{"damage":10,"enemies":"Shell Parasite","floor":18,"turns":4},{"damage":15,"enemies":"2 Thieves","floor":19,"turns":2},{"damage":0,"enemies":"Cultist and Chosen","floor":24,"turns":3},{"damage":11,"enemies":"Centurion and Healer","floor":27,"turns":5},{"damage":3,"enemies":"Chosen and Byrds","floor":30,"turns":5},{"damage":30,"enemies":"Snecko","floor":31,"turns":5},{"damage":69,"enemies":"Automaton","floor":33,"turns":10}],"seed_played":"5554568337218931943","potions_obtained":[{"floor":1,"key":"SteroidPotion"},{"floor":6,"key":"SteroidPotion"},{"floor":11,"key":"SteroidPotion"},{"floor":19,"key":"PowerPotion"},{"floor":30,"key":"Ancient Potion"},{"floor":31,"key":"Weak Potion"}],"is_trial":false,"path_per_floor":["M","$","?","M","?","E","T","R","T","M","M","?","?","M","R","B",null,"M","M","?","?","?","R","M","R","T","M","$","?","M","M","R","B"],"character_chosen":"THE_SILENT","items_purchased":["Crippling Poison","Lee\u0027s Waffle","AttackPotion"],"campfire_rested":3,"item_purchase_floors":[2,28,28],"current_hp_per_floor":[70,70,70,70,63,63,63,63,63,57,53,53,53,53,70,43,70,60,45,45,45,45,66,66,66,66,55,77,77,74,44,67,0],"gold":59,"neow_bonus":"THREE_ENEMY_KILL","is_prod":false,"is_daily":false,"chose_seed":false,"campfire_upgraded":2,"win_rate":0.0,"timestamp":1544315800,"path_taken":["M","$","?","M","?","E","?","R","T","M","M","?","?","?","R","BOSS","M","M","?","?","?","R","M","R","T","M","?","?","M","M","R","BOSS"],"build_version":"2018-12-06","purchased_purges":0,"victory":false,"max_hp_per_floor":[70,70,70,70,70,70,70,70,70,70,70,70,70,70,70,70,70,70,70,70,70,70,70,70,70,70,70,77,77,77,77,77,77],"card_choices":[{"not_picked":["Noxious Fumes","Dodge and Roll"],"picked":"Flying Knee","floor":1},{"not_picked":["Footwork","Noxious Fumes"],"picked":"Outmaneuver","floor":4},{"not_picked":["Finisher","Envenom"],"picked":"Deadly Poison","floor":6},{"not_picked":["Choke","Tactician"],"picked":"Terror","floor":10},{"not_picked":["Dagger Throw","Cloak And Dagger"],"picked":"Catalyst","floor":11},{"not_picked":["Deadly Poison","Choke"],"picked":"Deflect","floor":14},{"not_picked":["Burst","Doppelganger"],"picked":"Corpse Explosion","floor":16},{"not_picked":["Infinite Blades+1","Masterful Stab"],"picked":"Slice","floor":18},{"not_picked":["Dagger Throw","Reflex"],"picked":"Dash+1","floor":19},{"not_picked":["Sucker Punch","Flechettes"],"picked":"Escape Plan","floor":24},{"not_picked":["PiercingWail","Slice","Flying Knee"],"picked":"SKIP","floor":27},{"not_picked":["Calculated Gamble","Deadly Poison"],"picked":"Bane","floor":30},{"not_picked":["Crippling Poison","Infinite Blades","Well Laid Plans"],"picked":"SKIP","floor":31}],"player_experience":180474,"relics_obtained":[{"floor":6,"key":"Mercury Hourglass"},{"floor":7,"key":"Potion Belt"},{"floor":9,"key":"Letter Opener"},{"floor":26,"key":"Happy Flower"}],"event_choices":[{"damage_healed":0,"gold_gain":0,"player_choice":"Ignored","damage_taken":0,"max_hp_gain":0,"max_hp_loss":0,"event_name":"Golden Wing","floor":3,"gold_loss":0},{"damage_healed":0,"gold_gain":0,"player_choice":"Success","damage_taken":7,"relics_obtained":["Bronze Scales"],"max_hp_gain":0,"max_hp_loss":0,"event_name":"Scrap Ooze","floor":5,"gold_loss":0},{"damage_healed":0,"gold_gain":30,"player_choice":"Searched \u00272\u0027 times","damage_taken":0,"relics_obtained":["Darkstone Periapt"],"max_hp_gain":0,"max_hp_loss":0,"event_name":"Dead Adventurer","floor":12,"gold_loss":0},{"damage_healed":0,"gold_gain":0,"player_choice":"Left Gold","damage_taken":0,"max_hp_gain":0,"max_hp_loss":0,"event_name":"World of Goop","floor":13,"gold_loss":29},{"damage_healed":0,"gold_gain":0,"player_choice":"Ignored","damage_taken":0,"max_hp_gain":0,"max_hp_loss":0,"event_name":"Beggar","floor":20,"gold_loss":0},{"damage_healed":0,"gold_gain":0,"player_choice":"Ignored","damage_taken":0,"max_hp_gain":0,"max_hp_loss":0,"event_name":"Ghosts","floor":21,"gold_loss":0},{"damage_healed":0,"gold_gain":0,"player_choice":"Obtained Relic","damage_taken":0,"relics_obtained":["Anchor"],"max_hp_gain":0,"max_hp_loss":0,"event_name":"Addict","floor":22,"gold_loss":85},{"damage_healed":0,"gold_gain":0,"player_choice":"Read","damage_taken":0,"max_hp_gain":0,"max_hp_loss":0,"event_name":"The Library","floor":29,"gold_loss":0,"cards_obtained":["Poisoned Stab"]}],"is_beta":false,"boss_relics":[{"not_picked":["Cursed Key","Snecko Eye","Sozu"]}],"items_purged_floors":[],"is_endless":false,"potions_floor_spawned":[1,6,11,19,30,31],"killed_by":"Automaton","ascension_level":0}