{"gold_per_floor":[114,114,129,144,19,19,49,49,49,79,79,94,124,200,200,200],"floor_reached":16,"playtime":527,"items_purged":["Strike_R"],"score":118,"play_id":"34dde38a-fa8f-42e2-bce0-79721f77bd2f","local_time":"20181201230612","daily_mods":["Heirloom","Blue Cards","Elite Swarm"],"is_ascension_mode":false,"campfire_choices":[{"data":"Uppercut","floor":6,"key":"SMITH"},{"floor":8,"key":"REST"},{"data":"Bash","floor":11,"key":"SMITH"},{"floor":15,"key":"REST"}],"neow_cost":"","seed_source_timestamp":0,"circlet_count":0,"master_deck":["Strike_R+1","Strike_R","Strike_R","Strike_R","Defend_R+1","Defend_R","Defend_R","Defend_R","Bash+1","Glacier","Go for the Eyes","Uppercut+1"],"special_seed":17867,"relics":["Burning Blood","Calipers","Anchor","Red Skull","PreservedInsect","Orichalcum"],"potions_floor_usage":[7,7,7,10],"damage_taken":[{"damage":11,"enemies":"Jaw Worm","floor":1,"turns":3},{"damage":2,"enemies":"Small Slimes","floor":3,"turns":4},{"damage":0,"enemies":"Cultist","floor":4,"turns":3},{"damage":32,"enemies":"Gremlin Nob","floor":7,"turns":5},{"damage":13,"enemies":"Lagavulin","floor":10,"turns":7},{"damage":25,"enemies":"Exordium Thugs","floor":12,"turns":8},{"damage":5,"enemies":"Gremlin Nob","floor":13,"turns":4},{"damage":67,"enemies":"Hexaghost","floor":16,"turns":16}],"seed_played":"-7513026677109115873","potions_obtained":[{"floor":1,"key":"FearPotion"},{"floor":3,"key":"Strength Potion"},{"floor":7,"key":"Block Potion"}],"is_trial":false,"path_per_floor":["M","?","M","M","$","R","E","R","T","E","R","M","E","?","R","B"],"character_chosen":"IRONCLAD","items_purchased":["Explosive Potion"],"campfire_rested":2,"item_purchase_floors":[5],"current_hp_per_floor":[75,59,63,69,69,69,43,67,67,60,60,41,42,42,66,0],"gold":200,"neow_bonus":"","is_prod":false,"is_daily":true,"chose_seed":false,"campfire_upgraded":2,"win_rate":0,"timestamp":1543734372,"path_taken":["M","?","M","M","$","R","E","R","T","E","R","M","E","?","R","BOSS"],"build_version":"2018-11-15","purchased_purges":1,"victory":false,"max_hp_per_floor":[80,80,80,80,80,80,80,80,80,80,80,80,80,80,80,80],"card_choices":[{"not_picked":["Double Energy","Spot Weakness"],"picked":"Glacier","floor":1},{"not_picked":["Clash","Barrage"],"picked":"Go for the Eyes","floor":3},{"not_picked":["Wild Strike","Perfected Strike"],"picked":"Uppercut","floor":4},{"not_picked":["Amplify","Thunder Strike","Juggernaut"],"picked":"SKIP","floor":7},{"not_picked":["Biased Cognition","Amplify","Brutality"],"picked":"SKIP","floor":10},{"not_picked":["Headbutt","Barrage","Pummel"],"picked":"SKIP","floor":12},{"not_picked":["Fiend Fire","Echo Form","Hyperbeam"],"picked":"SKIP","floor":13}],"player_experience":103905,"relics_obtained":[{"floor":7,"key":"Anchor"},{"floor":9,"key":"Red Skull"},{"floor":10,"key":"PreservedInsect"},{"floor":13,"key":"Orichalcum"}],"event_choices":[{"damage_healed":0,"gold_gain":0,"player_choice":"Entered Light","damage_taken":16,"max_hp_gain":0,"max_hp_loss":0,"event_name":"Shining Light","floor":2,"gold_loss":0,"cards_upgraded":["Defend_R","Strike_R"]},{"damage_healed":0,"gold_gain":76,"player_choice":"Gained Gold","damage_taken":0,"max_hp_gain":0,"max_hp_loss":0,"event_name":"Golden Wing","floor":14,"gold_loss":0}],"is_beta":false,"boss_relics":[],"items_purged_floors":[5],"is_endless":false,"potions_floor_spawned":[1,3,7],"killed_by":"Hexaghost","ascension_level":0}