{"gold_per_floor":[114,129,129,144,100,100,115,145,145,145,160,190,205,30,30,130,130,145,160,175,175,175],"floor_reached":22,"playtime":684,"items_purged":[],"score":188,"play_id":"3c68e7a0-3b0c-449c-afe3-da74554b7f3b","local_time":"20190208212220","daily_mods":["Chimera","Uncertain Future","Binary"],"is_ascension_mode":false,"campfire_choices":[{"data":"Streamline","floor":6,"key":"SMITH"},{"floor":10,"key":"REST"},{"data":"Defragment","floor":15,"key":"SMITH"}],"neow_cost":"","seed_source_timestamp":0,"circlet_count":0,"master_deck":["Bash","Survivor","Zap","Strike_R","Strike_G","Strike_B","Defend_R","Defend_G","Defend_B","Melter","Tempest+1","Streamline+1","Coolheaded","Streamline","Rebound","Skim","Defragment+1","Static Discharge","Loop","Core Surge","Tempest+1"],"special_seed":17936,"relics":["Cracked Core","Omamori","The Courier","Nuclear Battery"],"potions_floor_usage":[8,16,22],"damage_taken":[{"damage":0,"enemies":"Small Slimes","floor":1,"turns":3},{"damage":0,"enemies":"2 Louse","floor":2,"turns":2},{"damage":0,"enemies":"Cultist","floor":4,"turns":3},{"damage":6,"enemies":"2 Fungi Beasts","floor":7,"turns":2},{"damage":16,"enemies":"Gremlin Nob","floor":8,"turns":3},{"damage":10,"enemies":"Looter","floor":11,"turns":2},{"damage":10,"enemies":"Exordium Thugs","floor":13,"turns":3},{"damage":51,"enemies":"The Guardian","floor":16,"turns":8},{"damage":10,"enemies":"Chosen","floor":18,"turns":4},{"damage":27,"enemies":"3 Byrds","floor":19,"turns":2},{"damage":20,"enemies":"Sentry and Sphere","floor":20,"turns":3},{"damage":33,"enemies":"Cultist and Chosen","floor":22,"turns":4}],"seed_played":"-7331181694979665872","potions_obtained":[{"floor":1,"key":"SneckoOil"},{"floor":2,"key":"Poison Potion"},{"floor":13,"key":"LiquidBronze"},{"floor":16,"key":"FocusPotion"}],"is_trial":false,"path_per_floor":["M","M","?","M","?","R","M","E","T","R","M","?","M","$","R","B",null,"M","M","M","?","M"],"character_chosen":"DEFECT","items_purchased":["Defragment","Static Discharge","Loop"],"campfire_rested":1,"item_purchase_floors":[14,14,14],"current_hp_per_floor":[75,75,75,75,75,75,69,53,53,75,65,65,55,55,55,4,75,65,38,18,23,0],"gold":175,"neow_bonus":"","is_prod":false,"is_daily":true,"chose_seed":false,"campfire_upgraded":2,"win_rate":0,"timestamp":1549689740,"path_taken":["M","M","?","M","?","R","M","E","T","R","M","?","M","$","R","BOSS","M","M","M","?","?"],"build_version":"2019-01-23","purchased_purges":0,"victory":false,"max_hp_per_floor":[75,75,75,75,75,75,75,75,75,75,75,75,75,75,75,75,75,75,75,75,75,75],"card_choices":[{"not_picked":["Gash"],"picked":"Melter","floor":1},{"not_picked":["Hello World"],"picked":"Tempest","floor":2},{"not_picked":["Steam"],"picked":"Streamline","floor":4},{"not_picked":["Auto Shields"],"picked":"Coolheaded","floor":7},{"not_picked":["Scrape"],"picked":"Streamline","floor":8},{"not_picked":["Gash"],"picked":"Rebound","floor":11},{"not_picked":["Beam Cell"],"picked":"Skim","floor":13},{"not_picked":["Fission"],"picked":"Core Surge","floor":16},{"not_picked":["Go for the Eyes"],"picked":"Tempest+1","floor":18},{"not_picked":["Steam","Ball Lightning+1"],"picked":"SKIP","floor":19},{"not_picked":["Go for the Eyes"],"picked":"Conserve Battery","floor":20}],"player_experience":352950,"relics_obtained":[{"floor":8,"key":"Omamori"},{"floor":9,"key":"The Courier"}],"event_choices":[{"damage_healed":0,"gold_gain":0,"player_choice":"Grow","damage_taken":0,"max_hp_gain":0,"max_hp_loss":0,"event_name":"Living Wall","floor":3,"gold_loss":0,"cards_upgraded":["Tempest"]},{"damage_healed":0,"gold_gain":0,"player_choice":"Left Gold","damage_taken":0,"max_hp_gain":0,"max_hp_loss":0,"event_name":"World of Goop","floor":5,"gold_loss":44},{"damage_healed":0,"gold_gain":30,"player_choice":"Searched \u00271\u0027 times","damage_taken":0,"max_hp_gain":0,"max_hp_loss":0,"event_name":"Dead Adventurer","floor":12,"gold_loss":0},{"cards_removed":["Conserve Battery"],"damage_healed":5,"gold_gain":0,"player_choice":"Offered Common","damage_taken":0,"max_hp_gain":0,"max_hp_loss":0,"event_name":"Bonfire Elementals","floor":21,"gold_loss":0},{"cards_removed":["Conserve Battery"],"damage_healed":5,"gold_gain":0,"player_choice":"Offered Special","damage_taken":0,"max_hp_gain":0,"max_hp_loss":0,"event_name":"Bonfire Elementals","floor":21,"gold_loss":0}],"is_beta":false,"boss_relics":[{"not_picked":["Philosopher\u0027s Stone","FrozenCore"],"picked":"Nuclear Battery"}],"items_purged_floors":[],"is_endless":false,"potions_floor_spawned":[1,2,13,16],"killed_by":"Cultist and Chosen","ascension_level":0}