{"gold_per_floor":[117,133,153,165,165,194,194,224,249,259,279,36,69,80,80,151,151,170,170,189,204,229,229,256,256,331,331,344,31,31,62,62,140,140,151,161,161,61,73,73,73,73,73,83,100,100,100,134,134,134],"floor_reached":50,"playtime":4028,"items_purged":["Strike_G","Strike_G","Strike_G"],"score":1000,"play_id":"1e9f2079-ac40-4879-b5b9-7049032bb0bd","local_time":"20190414111944","is_ascension_mode":true,"campfire_choices":[{"data":"Cloak And Dagger","floor":7,"key":"SMITH"},{"data":"Backstab","floor":15,"key":"SMITH"},{"data":"A Thousand Cuts","floor":23,"key":"SMITH"},{"floor":25,"key":"REST"},{"data":"Terror","floor":32,"key":"SMITH"},{"data":"Burst","floor":40,"key":"SMITH"},{"floor":42,"key":"RECALL"},{"floor":49,"key":"REST"}],"neow_cost":"NONE","seed_source_timestamp":370032308292877,"circlet_count":0,"master_deck":["AscendersBane","Defend_G","Defend_G","Defend_G","Defend_G","Defend_G","Strike_G","Strike_G","Survivor","Neutralize+1","Quick Slash","Cloak And Dagger+1","Slice","Unload","Cloak And Dagger","Bouncing Flask","Die Die Die","Backstab+1","Dark Shackles","Backflip","A Thousand Cuts+1","Noxious Fumes","Cloak And Dagger","Calculated Gamble","Leg Sweep+1","Terror+1","Backflip","Cloak And Dagger","Infinite Blades","Backflip","Burst+1","Caltrops","Catalyst+1"],"relics":["Ring of the Snake","Boot","Pantograph","Pen Nib","Happy Flower","Lantern","WristBlade","MutagenicStrength","Regal Pillow","Matryoshka","The Courier","Question Card","Vajra","Mercury Hourglass","Eternal Feather","Molten Egg 2","Gambling Chip"],"potions_floor_usage":[6,8,16,24,33,50,50],"damage_taken":[{"damage":0,"enemies":"Cultist","floor":1,"turns":4},{"damage":0,"enemies":"2 Louse","floor":2,"turns":3},{"damage":0,"enemies":"Jaw Worm","floor":3,"turns":4},{"damage":0,"enemies":"2 Fungi Beasts","floor":4,"turns":4},{"damage":6,"enemies":"Lagavulin","floor":6,"turns":8},{"damage":0,"enemies":"Gremlin Nob","floor":8,"turns":3},{"damage":0,"enemies":"Large Slime","floor":10,"turns":4},{"damage":2,"enemies":"Exordium Wildlife","floor":11,"turns":4},{"damage":9,"enemies":"Lagavulin","floor":13,"turns":6},{"damage":0,"enemies":"Red Slaver","floor":14,"turns":2},{"damage":24,"enemies":"Slime Boss","floor":16,"turns":11},{"damage":0,"enemies":"3 Byrds","floor":18,"turns":3},{"damage":0,"enemies":"Shell Parasite","floor":20,"turns":2},{"damage":0,"enemies":"3 Cultists","floor":21,"turns":4},{"damage":48,"enemies":"Book of Stabbing","floor":24,"turns":6},{"damage":0,"enemies":"Snecko","floor":28,"turns":3},{"damage":2,"enemies":"Slavers","floor":31,"turns":3},{"damage":70,"enemies":"Collector","floor":33,"turns":9},{"damage":0,"enemies":"3 Shapes","floor":35,"turns":3},{"damage":21,"enemies":"3 Darklings","floor":36,"turns":4},{"damage":0,"enemies":"Sphere and 2 Shapes","floor":39,"turns":5},{"damage":26,"enemies":"Maw","floor":44,"turns":6},{"damage":4,"enemies":"4 Shapes","floor":45,"turns":5},{"damage":34,"enemies":"Reptomancer","floor":48,"turns":5},{"damage":76,"enemies":"Time Eater","floor":50,"turns":11}],"seed_played":"8430077601450508255","potions_obtained":[{"floor":1,"key":"EssenceOfSteel"},{"floor":6,"key":"FearPotion"},{"floor":11,"key":"EntropicBrew"},{"floor":13,"key":"SkillPotion"},{"floor":16,"key":"Regen Potion"},{"floor":24,"key":"Regen Potion"},{"floor":28,"key":"GhostInAJar"},{"floor":36,"key":"GhostInAJar"}],"is_trial":false,"path_per_floor":["M","M","M","M","?","E","R","E","T","M","M","$","E","M","R","B",null,"M","?","M","M","T","R","E","R","T","?","M","$","?","E","R","B",null,"M","M","?","$","M","R","$","R","T","M","M","?","?","E","R","B"],"character_chosen":"THE_SILENT","items_purchased":["Backstab","Dark Shackles","Vajra","Cloak And Dagger","Infinite Blades","Backflip"],"campfire_rested":2,"item_purchase_floors":[12,12,29,29,29,29],"current_hp_per_floor":[59,59,59,59,59,53,53,53,53,53,51,51,42,42,42,42,60,60,60,60,60,60,60,25,59,59,59,59,59,59,57,57,11,52,52,31,31,31,31,49,49,66,66,40,36,36,36,2,53,0],"gold":134,"neow_bonus":"RANDOM_COMMON_RELIC","is_prod":false,"is_daily":false,"chose_seed":false,"campfire_upgraded":5,"win_rate":0,"timestamp":1555255184,"path_taken":["M","M","M","?","?","E","R","E","T","M","M","$","E","M","R","BOSS","M","?","M","M","?","R","E","R","T","?","M","$","?","E","R","BOSS","M","M","?","$","M","R","$","R","T","?","M","?","?","E","R","BOSS"],"build_version":"2019-01-23","purchased_purges":3,"victory":false,"max_hp_per_floor":[66,66,66,66,66,66,66,66,66,66,66,66,66,66,66,66,66,66,66,66,66,66,66,66,66,66,66,66,66,66,66,66,66,66,66,66,66,66,66,66,66,66,66,66,66,63,63,63,63,63],"card_choices":[{"not_picked":["Heel Hook","Bouncing Flask"],"picked":"Quick Slash","floor":1},{"not_picked":["Blade Dance","Calculated Gamble"],"picked":"Cloak And Dagger","floor":2},{"not_picked":["Blade Dance","Finisher"],"picked":"Slice","floor":3},{"not_picked":["Blade Dance","Acrobatics","Bane"],"picked":"SKIP","floor":4},{"not_picked":["Slice","Cloak And Dagger"],"picked":"Unload","floor":6},{"not_picked":["Prepared","Bane"],"picked":"Cloak And Dagger","floor":8},{"not_picked":["Flying Knee","Catalyst"],"picked":"Bouncing Flask","floor":10},{"not_picked":["Prepared","Blade Dance"],"picked":"Die Die Die","floor":11},{"not_picked":["Predator","Bane"],"picked":"Backflip","floor":13},{"not_picked":["Dodge and Roll","Dagger Spray","Sucker Punch"],"picked":"SKIP","floor":14},{"not_picked":["Doppelganger","Burst"],"picked":"A Thousand Cuts","floor":16},{"not_picked":["Distraction+1","Tactician"],"picked":"Noxious Fumes","floor":18},{"not_picked":["Bouncing Flask","Heel Hook"],"picked":"Cloak And Dagger","floor":20},{"not_picked":["Riddle With Holes+1","Blade Dance"],"picked":"Calculated Gamble","floor":21},{"not_picked":["Quick Slash","Skewer"],"picked":"Leg Sweep+1","floor":24},{"not_picked":["Dagger Spray","Cloak And Dagger","Slice"],"picked":"Backflip","floor":28},{"not_picked":["Flying Knee","Storm of Steel","Heel Hook","Slice"],"picked":"SKIP","floor":31},{"not_picked":["Unload","Envenom","Venomology"],"picked":"Burst","floor":33},{"not_picked":["Backflip","Cloak And Dagger","Slice+1"],"picked":"Caltrops","floor":35},{"not_picked":["Sucker Punch","Quick Slash","Prepared"],"picked":"Catalyst","floor":36},{"not_picked":["Deadly Poison","Sucker Punch","Quick Slash","Deflect"],"picked":"SKIP","floor":39},{"not_picked":["Distraction","Underhanded Strike+1","Deadly Poison","Phantasmal Killer"],"picked":"SKIP","floor":44},{"not_picked":["Dagger Throw+1","Slice+1","Deadly Poison","Accuracy"],"picked":"SKIP","floor":45},{"not_picked":["Dodge and Roll","Expertise","Venomology","Sucker Punch+1"],"picked":"SKIP","floor":48}],"player_experience":822059,"relics_obtained":[{"floor":6,"key":"Pantograph"},{"floor":8,"key":"Pen Nib"},{"floor":9,"key":"Happy Flower"},{"floor":13,"key":"Lantern"},{"floor":22,"key":"Regal Pillow"},{"floor":24,"key":"Matryoshka"},{"floor":26,"key":"The Courier"},{"floor":26,"key":"Question Card"},{"floor":31,"key":"Mercury Hourglass"},{"floor":43,"key":"Molten Egg 2"},{"floor":48,"key":"Gambling Chip"}],"event_choices":[{"damage_healed":0,"gold_gain":0,"player_choice":"Grow","damage_taken":0,"max_hp_gain":0,"max_hp_loss":0,"event_name":"Living Wall","floor":5,"gold_loss":0,"cards_upgraded":["Neutralize"]},{"damage_healed":0,"gold_gain":0,"player_choice":"Inject Mutagens","damage_taken":0,"relics_obtained":["MutagenicStrength"],"max_hp_gain":0,"max_hp_loss":0,"event_name":"Drug Dealer","floor":19,"gold_loss":0},{"damage_healed":0,"gold_gain":0,"player_choice":"Read","damage_taken":0,"max_hp_gain":0,"max_hp_loss":0,"event_name":"The Library","floor":27,"gold_loss":0,"cards_obtained":["Terror"]},{"damage_healed":0,"gold_gain":0,"player_choice":"Ignored","damage_taken":0,"max_hp_gain":0,"max_hp_loss":0,"event_name":"Cursed Tome","floor":30,"gold_loss":0},{"damage_healed":0,"gold_gain":0,"player_choice":"Upgraded","damage_taken":0,"max_hp_gain":0,"max_hp_loss":0,"event_name":"Upgrade Shrine","floor":37,"gold_loss":0,"cards_upgraded":["Catalyst"]},{"damage_healed":0,"gold_gain":0,"player_choice":"Max HP","damage_taken":0,"max_hp_gain":0,"max_hp_loss":3,"event_name":"Winding Halls","floor":46,"gold_loss":0},{"damage_healed":0,"gold_gain":0,"player_choice":"Ignored","damage_taken":0,"max_hp_gain":0,"max_hp_loss":0,"event_name":"WeMeetAgain","floor":47,"gold_loss":0}],"is_beta":false,"boss_relics":[{"not_picked":["Coffee Dripper","Runic Dome"],"picked":"WristBlade"},{"not_picked":["Lizard Tail","Snecko Eye"],"picked":"Eternal Feather"}],"items_purged_floors":[12,29,38],"is_endless":false,"potions_floor_spawned":[1,6,11,13,16,18,24,28,36,44],"killed_by":"Time Eater","ascension_level":15}