{"gold_per_floor":[114,134,134,13,26,26,41,41,41,55,20,31,331,342,342,443,443,415,427,427,1,19,19,119,119,119,134,149,165,165,165],"floor_reached":31,"playtime":1304,"items_purged":["Defend_R"],"score":231,"play_id":"cc6a7779-4628-4167-bc31-efe1dea49420","local_time":"20180829224744","is_ascension_mode":false,"campfire_choices":[{"data":"Armaments","floor":6,"key":"SMITH"},{"data":"Bash","floor":8,"key":"SMITH"},{"data":"Inflame","floor":15,"key":"SMITH"},{"floor":23,"key":"REST"},{"floor":25,"key":"REST"}],"neow_cost":"","seed_source_timestamp":1332977562679601,"circlet_count":0,"master_deck":["Strike_R","Strike_R","Strike_R","Strike_R","Strike_R","Defend_R","Defend_R","Defend_R","Bash+1","Anger","Anger","Rage","Armaments+1","Anger","Intimidate","Shrug It Off","Clash","Berserk","Warcry","Flex","Flex+1"],"relics":["Burning Blood","Dead Branch","Old Coin","Mark of Pain","Bag of Marbles","Strawberry","Oddly Smooth Stone","Nilry\u0027s Codex"],"potions_floor_usage":[],"damage_taken":[{"damage":6,"enemies":"2 Louse","floor":1,"turns":3},{"damage":0,"enemies":"Cultist","floor":2,"turns":2},{"damage":3,"enemies":"Jaw Worm","floor":5,"turns":3},{"damage":1,"enemies":"2 Fungi Beasts","floor":7,"turns":3},{"damage":8,"enemies":"Large Slime","floor":10,"turns":5},{"damage":3,"enemies":"Exordium Thugs","floor":12,"turns":4},{"damage":0,"enemies":"3 Louse","floor":14,"turns":3},{"damage":37,"enemies":"The Guardian","floor":16,"turns":9},{"damage":37,"enemies":"2 Thieves","floor":18,"turns":5},{"damage":16,"enemies":"Chosen","floor":19,"turns":5},{"damage":56,"enemies":"Shelled Parasite and Fungi","floor":22,"turns":8},{"damage":14,"enemies":"Snake Plant","floor":27,"turns":4},{"damage":47,"enemies":"Centurion and Healer","floor":28,"turns":5},{"damage":18,"enemies":"Cultist and Chosen","floor":29,"turns":6},{"damage":20,"enemies":"Shelled Parasite and Fungi","floor":31,"turns":2}],"seed_played":"5276489777181132843","potions_obtained":[{"floor":7,"key":"Fire Potion"},{"floor":10,"key":"BloodPotion"},{"floor":12,"key":"Energy Potion"},{"floor":14,"key":"Fire Potion"},{"floor":27,"key":"Poison Potion"}],"is_trial":false,"path_per_floor":["M","M","?","$","M","R","M","R","T","M","?","M","?","M","R","B",null,"M","M","?","$","M","R","?","R","T","M","M","M","?"],"character_chosen":"IRONCLAD","items_purchased":["Rage","Armaments","Bag of Marbles","Strawberry","Warcry"],"campfire_rested":2,"item_purchase_floors":[4,4,21,21,21],"current_hp_per_floor":[80,80,80,80,80,80,80,80,80,78,80,80,80,80,80,49,80,49,39,80,87,37,63,63,87,87,79,41,29,13,0],"gold":165,"neow_bonus":"","is_prod":false,"is_daily":false,"chose_seed":false,"campfire_upgraded":3,"win_rate":0,"timestamp":1535608064,"path_taken":["M","M","?","$","M","R","M","R","T","M","?","M","?","M","R","BOSS","M","M","?","$","M","R","?","R","T","M","?","M","?","M"],"build_version":"2018-08-23v2","purchased_purges":1,"victory":false,"max_hp_per_floor":[80,80,80,80,80,80,80,80,80,80,80,80,80,80,80,80,80,80,80,80,87,87,87,87,87,87,87,90,90,90,90],"card_choices":[{"not_picked":["Heavy Blade","Perfected Strike"],"picked":"Anger","floor":1},{"not_picked":["Body Slam","Perfected Strike"],"picked":"Anger","floor":2},{"not_picked":["Thunderclap","Headbutt"],"picked":"Anger","floor":5},{"not_picked":["Rage","Iron Wave"],"picked":"Intimidate","floor":7},{"not_picked":["Sword Boomerang","Infernal Blade"],"picked":"Shrug It Off","floor":10},{"not_picked":["Immolate","Shrug It Off"],"picked":"Clash","floor":12},{"not_picked":["Body Slam","Sword Boomerang"],"picked":"Inflame","floor":14},{"not_picked":["Bludgeon","Offering"],"picked":"Berserk","floor":16},{"not_picked":["Thunderclap+1","Twin Strike","Carnage"],"picked":"SKIP","floor":18},{"not_picked":["Dual Wield+1","Flame Barrier","Pommel Strike"],"picked":"SKIP","floor":19},{"not_picked":["Shrug It Off","True Grit","Headbutt"],"picked":"SKIP","floor":22},{"not_picked":["Havoc","Perfected Strike","Heavy Blade"],"picked":"SKIP","floor":27},{"not_picked":["Body Slam","Twin Strike"],"picked":"Flex","floor":28},{"not_picked":["Infernal Blade+1","Clothesline"],"picked":"Flex+1","floor":29}],"player_experience":53113,"relics_obtained":[{"floor":9,"key":"Dead Branch"},{"floor":26,"key":"Oddly Smooth Stone"},{"floor":30,"key":"Nilry\u0027s Codex"}],"event_choices":[{"event_name":"Wheel of Change","player_choice":"Full Heal","floor":3,"damage_taken":0},{"event_name":"The Cleric","player_choice":"Healed","floor":11,"damage_taken":0},{"event_name":"Accursed Blacksmith","player_choice":"Rummage","floor":13,"damage_taken":0},{"event_name":"Bonfire Elementals","player_choice":"UNCOMMON","floor":20,"damage_taken":0},{"event_name":"Golden Shrine","player_choice":"Pray","floor":24,"damage_taken":0},{"event_name":"Cursed Tome","player_choice":"Obtained Book","floor":30,"damage_taken":0}],"is_beta":false,"boss_relics":[{"not_picked":["Snecko Eye","Velvet Choker"],"picked":"Mark of Pain"}],"items_purged_floors":[21],"is_endless":false,"potions_floor_spawned":[7,10,12,14,27,29],"killed_by":"Shelled Parasite and Fungi","ascension_level":0}