{"gold_per_floor":[368,368,21,37,37,37,57,86,141,176,187,187,187,187,187,265,265,285,285,312,312,22,22,49,63,63,96,96,114,134,152,152,152],"floor_reached":33,"playtime":2681,"items_purged":["Strike_G"],"score":586,"play_id":"bdf9b246-43ab-461b-b0e6-d0b9e9d3e46c","local_time":"20190401125954","is_ascension_mode":true,"campfire_choices":[{"data":"Survivor","floor":6,"key":"SMITH"},{"floor":13,"key":"REST"},{"data":"Glass Knife","floor":15,"key":"SMITH"},{"floor":23,"key":"REST"},{"floor":28,"key":"REST"},{"floor":32,"key":"REST"}],"neow_cost":"PERCENT_DAMAGE","seed_source_timestamp":2016034918546770,"circlet_count":0,"master_deck":["AscendersBane","Defend_G","Defend_G","Defend_G","Defend_G","Defend_G","Strike_G","Strike_G","Survivor+1","Neutralize+1","Dash+1","Skewer","Backflip","Flying Knee","Glass Knife+1","Expertise","Doppelganger","Dodge and Roll","Well Laid Plans","Skewer","Noxious Fumes","All Out Attack","Crippling Poison","Footwork","Heel Hook+1","Dodge and Roll"],"relics":["Ring of the Snake","Shuriken","Ancient Tea Set","Oddly Smooth Stone","Dream Catcher","Sundial","Velvet Choker","Red Mask","OrangePellets","Lantern","Bottled Lightning","Dodecahedron"],"potions_floor_usage":[8,16,20,24,33,33],"damage_taken":[{"damage":1,"enemies":"2 Louse","floor":1,"turns":3},{"damage":0,"enemies":"Cultist","floor":4,"turns":3},{"damage":0,"enemies":"Jaw Worm","floor":7,"turns":4},{"damage":5,"enemies":"3 Sentries","floor":8,"turns":7},{"damage":21,"enemies":"Gremlin Nob","floor":10,"turns":4},{"damage":1,"enemies":"3 Louse","floor":11,"turns":4},{"damage":4,"enemies":"The Guardian","floor":16,"turns":11},{"damage":3,"enemies":"Chosen","floor":18,"turns":5},{"damage":27,"enemies":"Masked Bandits","floor":20,"turns":5},{"damage":1,"enemies":"Gremlin Leader","floor":24,"turns":7},{"damage":6,"enemies":"Spheric Guardian","floor":25,"turns":4},{"damage":24,"enemies":"Slavers","floor":27,"turns":6},{"damage":6,"enemies":"Snake Plant","floor":29,"turns":4},{"damage":0,"enemies":"Cultist and Chosen","floor":30,"turns":5},{"damage":0,"enemies":"Centurion and Healer","floor":31,"turns":6},{"damage":56,"enemies":"Champ","floor":33,"turns":12}],"seed_played":"2020199515209591013","potions_obtained":[{"floor":4,"key":"Explosive Potion"},{"floor":7,"key":"SpeedPotion"},{"floor":8,"key":"Swift Potion"},{"floor":11,"key":"Poison Potion"},{"floor":20,"key":"LiquidBronze"},{"floor":27,"key":"Poison Potion"},{"floor":29,"key":"SkillPotion"},{"floor":31,"key":"Ancient Potion"}],"is_trial":false,"path_per_floor":["M","?","$","M","?","R","M","E","T","E","M","?","R","?","R","B",null,"M","?","?","?","$","R","E","M","T","E","R","M","M","M","R","B"],"character_chosen":"THE_SILENT","items_purchased":["Shuriken","Dash","OrangePellets"],"campfire_rested":4,"item_purchase_floors":[3,3,22],"current_hp_per_floor":[43,43,43,43,43,43,43,38,38,17,16,11,30,30,30,26,56,53,53,26,26,26,45,44,38,38,14,33,27,27,27,46,0],"gold":152,"neow_bonus":"TWO_FIFTY_GOLD","is_prod":false,"is_daily":false,"chose_seed":false,"campfire_upgraded":2,"win_rate":0,"timestamp":1554119994,"path_taken":["M","?","$","M","?","R","?","E","T","E","M","?","R","?","R","BOSS","M","?","?","?","$","R","E","?","T","E","R","M","?","M","R","BOSS"],"build_version":"2019-01-23","purchased_purges":1,"victory":false,"max_hp_per_floor":[66,66,66,66,66,66,66,66,66,66,66,66,66,66,66,66,66,66,66,66,66,66,66,66,66,66,66,66,66,66,66,66,66],"card_choices":[{"not_picked":["Deflect","Expertise","Outmaneuver"],"picked":"SKIP","floor":1},{"not_picked":["Distraction","Tactician","Deadly Poison"],"picked":"SKIP","floor":4},{"not_picked":["Dodge and Roll","Finisher"],"picked":"Skewer","floor":7},{"not_picked":["Endless Agony","Skewer","Expertise"],"picked":"SKIP","floor":8},{"not_picked":["Bane","Masterful Stab"],"picked":"Backflip","floor":10},{"not_picked":["Bane","Bouncing Flask"],"picked":"Flying Knee","floor":11},{"not_picked":["Dash","Blade Dance"],"picked":"Glass Knife","floor":13},{"not_picked":["Unload","Storm of Steel"],"picked":"Doppelganger","floor":16},{"not_picked":["Deflect","Dagger Throw"],"picked":"Dodge and Roll","floor":18},{"not_picked":["Acrobatics","Dash"],"picked":"Noxious Fumes","floor":24},{"not_picked":["Predator","Prepared+1"],"picked":"All Out Attack","floor":25},{"not_picked":["Dagger Spray","Sucker Punch"],"picked":"Crippling Poison","floor":27},{"not_picked":["Cloak And Dagger","Masterful Stab"],"picked":"Footwork","floor":28},{"not_picked":["Masterful Stab","Bane"],"picked":"Heel Hook+1","floor":29},{"not_picked":["Backflip","Well Laid Plans"],"picked":"Dodge and Roll","floor":30},{"not_picked":["Tactician","Cloak And Dagger","Outmaneuver"],"picked":"SKIP","floor":31}],"player_experience":1565773,"relics_obtained":[{"floor":8,"key":"Ancient Tea Set"},{"floor":9,"key":"Oddly Smooth Stone"},{"floor":10,"key":"Dream Catcher"},{"floor":20,"key":"Red Mask"},{"floor":24,"key":"Lantern"},{"floor":26,"key":"Bottled Lightning"},{"floor":27,"key":"Dodecahedron"}],"event_choices":[{"damage_healed":0,"gold_gain":0,"player_choice":"Grow","damage_taken":0,"max_hp_gain":0,"max_hp_loss":0,"event_name":"Living Wall","floor":2,"gold_loss":0,"cards_upgraded":["Neutralize"]},{"damage_healed":0,"gold_gain":0,"player_choice":"Upgraded","damage_taken":0,"max_hp_gain":0,"max_hp_loss":0,"event_name":"Upgrade Shrine","floor":5,"gold_loss":0,"cards_upgraded":["Dash"]},{"damage_healed":0,"gold_gain":0,"player_choice":"Success","damage_taken":5,"relics_obtained":["Sundial"],"max_hp_gain":0,"max_hp_loss":0,"event_name":"Scrap Ooze","floor":12,"gold_loss":0},{"damage_healed":0,"gold_gain":0,"cards_transformed":["Strike_G"],"player_choice":"Transformed","damage_taken":0,"max_hp_gain":0,"max_hp_loss":0,"event_name":"Transmorgrifier","floor":14,"gold_loss":0,"cards_obtained":["Expertise"]},{"damage_healed":0,"gold_gain":0,"player_choice":"Read","damage_taken":0,"max_hp_gain":0,"max_hp_loss":0,"event_name":"The Library","floor":19,"gold_loss":0,"cards_obtained":["Well Laid Plans"]},{"damage_healed":0,"gold_gain":0,"player_choice":"Fought Bandits","damage_taken":0,"max_hp_gain":0,"max_hp_loss":0,"event_name":"Masked Bandits","floor":20,"gold_loss":0},{"damage_healed":0,"gold_gain":0,"cards_transformed":["Strike_G"],"player_choice":"Transformed","damage_taken":0,"max_hp_gain":0,"max_hp_loss":0,"event_name":"Transmorgrifier","floor":21,"gold_loss":0,"cards_obtained":["Skewer"]}],"is_beta":false,"boss_relics":[{"not_picked":["White Beast Statue","Ring of the Serpent"],"picked":"Velvet Choker"}],"items_purged_floors":[22],"is_endless":false,"potions_floor_spawned":[4,7,8,11,20,27,29,31],"killed_by":"Champ","ascension_level":20}