{"gold_per_floor":[112,128,141,216,234,234,58,58,107,120,120,52,152,168,168,263,263,280,290,34,61,77,77,96,96,96,96,96,106,106],"floor_reached":30,"playtime":3381,"items_purged":[],"score":222,"play_id":"a9e1fcdc-9f0f-4f5f-95a7-f1d526d96ea9","local_time":"20190413003928","is_ascension_mode":false,"campfire_choices":[{"data":"Berserk","floor":6,"key":"SMITH"},{"data":"Chrysalis","floor":8,"key":"SMITH"},{"data":"Flame Barrier","floor":11,"key":"SMITH"},{"data":"Juggernaut","floor":15,"key":"SMITH"},{"floor":23,"key":"REST"},{"data":"Entrench","floor":25,"key":"SMITH"},{"floor":28,"key":"REST"}],"neow_cost":"PERCENT_DAMAGE","seed_source_timestamp":54268329987326,"circlet_count":0,"master_deck":["Strike_R","Strike_R","Strike_R","Strike_R","Strike_R","Defend_R","Defend_R","Defend_R","Defend_R","Bash","Berserk+1","Shrug It Off","Headbutt","Flame Barrier+1","Chrysalis+1","Juggernaut+1","Feel No Pain","Exhume","Shrug It Off","Entrench+1","Rampage+1"],"relics":["Black Blood","Anchor","Question Card","Bronze Scales","Sundial"],"potions_floor_usage":[3,19,22],"damage_taken":[{"damage":1,"enemies":"2 Louse","floor":1,"turns":3},{"damage":0,"enemies":"Cultist","floor":2,"turns":4},{"damage":0,"enemies":"Small Slimes","floor":3,"turns":3},{"damage":21,"enemies":"Exordium Wildlife","floor":5,"turns":9},{"damage":3,"enemies":"3 Louse","floor":10,"turns":4},{"damage":4,"enemies":"Blue Slaver","floor":14,"turns":6},{"damage":43,"enemies":"The Guardian","floor":16,"turns":12},{"damage":35,"enemies":"Spheric Guardian","floor":18,"turns":8},{"damage":28,"enemies":"3 Byrds","floor":19,"turns":7},{"damage":45,"enemies":"Sentry and Sphere","floor":22,"turns":7},{"damage":3,"enemies":"Snake Plant","floor":24,"turns":5},{"damage":40,"enemies":"Colosseum Slavers","floor":27,"turns":6},{"damage":16,"enemies":"Shelled Parasite and Fungi","floor":29,"turns":7},{"damage":35,"enemies":"3 Cultists","floor":30,"turns":3}],"seed_played":"-8790303027062320727","potions_obtained":[{"floor":2,"key":"Block Potion"},{"floor":5,"key":"FairyPotion"},{"floor":18,"key":"AttackPotion"},{"floor":19,"key":"PowerPotion"}],"is_trial":false,"path_per_floor":["M","M","M","?","M","R","$","R","T","M","R","$","?","M","R","B",null,"M","M","$","T","M","R","M","R","T","?","R","M","M"],"character_chosen":"IRONCLAD","items_purchased":["Chrysalis","Feel No Pain","Question Card"],"campfire_rested":2,"item_purchase_floors":[7,12,20],"current_hp_per_floor":[61,67,73,62,47,47,47,47,47,50,50,50,50,52,52,15,80,55,37,37,37,12,36,43,43,43,13,37,31,0],"gold":106,"neow_bonus":"THREE_RARE_CARDS","is_prod":false,"is_daily":false,"chose_seed":false,"campfire_upgraded":5,"win_rate":0.0,"timestamp":1555108768,"path_taken":["M","M","M","?","M","R","$","R","T","M","R","$","?","M","R","BOSS","M","M","$","?","M","R","M","R","T","?","R","?","M"],"build_version":"2019-01-23","purchased_purges":0,"victory":false,"max_hp_per_floor":[80,80,80,80,80,80,80,80,80,80,80,80,80,80,80,80,80,80,80,80,80,80,80,80,80,80,80,80,80,80],"card_choices":[{"not_picked":["Reaper","Fiend Fire"],"picked":"Berserk","floor":0},{"not_picked":["Flex","Clash"],"picked":"Shrug It Off","floor":1},{"not_picked":["Dropkick","Power Through"],"picked":"Headbutt","floor":2},{"not_picked":["Rage","Carnage","Clothesline"],"picked":"SKIP","floor":3},{"not_picked":["Perfected Strike","Thunderclap"],"picked":"Flame Barrier","floor":5},{"not_picked":["Iron Wave","Clash"],"picked":"Juggernaut","floor":10},{"not_picked":["Warcry","Reckless Charge","Evolve"],"picked":"SKIP","floor":14},{"not_picked":["Impervious","Reaper"],"picked":"Exhume","floor":16},{"not_picked":["Twin Strike","Intimidate","Clothesline"],"picked":"SKIP","floor":18},{"not_picked":["Body Slam","Flex+1","Sword Boomerang"],"picked":"SKIP","floor":19},{"not_picked":["Sword Boomerang","Wild Strike","Seeing Red"],"picked":"Shrug It Off","floor":22},{"not_picked":["Twin Strike","Pummel","Warcry+1"],"picked":"Entrench","floor":24},{"not_picked":["Fire Breathing","Perfected Strike+1","Flex"],"picked":"Rampage+1","floor":29}],"player_experience":113478,"relics_obtained":[{"floor":9,"key":"Anchor"},{"floor":21,"key":"Bronze Scales"},{"floor":26,"key":"Sundial"}],"event_choices":[{"damage_healed":0,"gold_gain":75,"player_choice":"Gather Gold","damage_taken":11,"max_hp_gain":0,"max_hp_loss":0,"event_name":"World of Goop","floor":4,"gold_loss":0},{"damage_healed":0,"gold_gain":100,"player_choice":"Pray","damage_taken":0,"max_hp_gain":0,"max_hp_loss":0,"event_name":"Golden Shrine","floor":13,"gold_loss":0},{"damage_healed":0,"gold_gain":0,"player_choice":"Fight","damage_taken":0,"max_hp_gain":0,"max_hp_loss":0,"event_name":"Colosseum","floor":27,"gold_loss":0},{"damage_healed":0,"gold_gain":0,"player_choice":"Fled From Nobs","damage_taken":0,"max_hp_gain":0,"max_hp_loss":0,"event_name":"Colosseum","floor":27,"gold_loss":0}],"is_beta":false,"boss_relics":[{"not_picked":["Tiny House","Cursed Key"],"picked":"Black Blood"}],"items_purged_floors":[],"is_endless":false,"potions_floor_spawned":[2,5,18,19,27],"killed_by":"3 Cultists","ascension_level":0}