{"gold_per_floor":[110,127,0,16,16,16,45,45,70,97,109,30,48,61,61,160,160,179,179,179,104,115,115,132,132,132,32,48,48,64,93,93,197,197,208,0,0,0,0,0,14,44,67,19,19],"floor_reached":45,"playtime":1432,"items_purged":["Decay","Strike_B"],"score":518,"play_id":"2eac9303-812a-4061-8c7f-4f3a9f2b5f22","local_time":"20190403223558","is_ascension_mode":true,"campfire_choices":[{"floor":6,"key":"REST"},{"floor":8,"key":"REST"},{"floor":15,"key":"REST"},{"floor":23,"key":"REST"},{"floor":25,"key":"REST"},{"floor":32,"key":"REST"},{"floor":40,"key":"REST"}],"neow_cost":"PERCENT_DAMAGE","seed_source_timestamp":1382224852295374,"circlet_count":0,"master_deck":["Strike_B","Strike_B","Strike_B","Defend_B","Defend_B","Defend_B","Defend_B","Zap","Dualcast","Apotheosis","Swift Strike","Doom and Gloom","Rebound","Loop","Doom and Gloom","Rip and Tear","Glacier","Capacitor","Sunder","Multi-Cast","Echo Form","Darkness","White Noise","Cold Snap+1","Defragment","Seek","Dark Shackles","Buffer"],"relics":["Cracked Core","Regal Pillow","Ancient Tea Set","Bottled Flame","Fusion Hammer","Incense Burner","Omamori","Lizard Tail","Red Mask","Anchor"],"potions_floor_usage":[4,7,11,16,18,22,31,33,45,45],"damage_taken":[{"damage":0,"enemies":"Cultist","floor":1,"turns":2},{"damage":0,"enemies":"2 Louse","floor":2,"turns":1},{"damage":12,"enemies":"Jaw Worm","floor":4,"turns":2},{"damage":27,"enemies":"3 Sentries","floor":7,"turns":3},{"damage":20,"enemies":"Lagavulin","floor":10,"turns":5},{"damage":34,"enemies":"Exordium Thugs","floor":11,"turns":3},{"damage":11,"enemies":"Looter","floor":13,"turns":2},{"damage":5,"enemies":"Blue Slaver","floor":14,"turns":3},{"damage":33,"enemies":"The Guardian","floor":16,"turns":7},{"damage":6,"enemies":"2 Thieves","floor":18,"turns":3},{"damage":12,"enemies":"Chosen","floor":22,"turns":4},{"damage":23,"enemies":"Centurion and Healer","floor":24,"turns":5},{"damage":40,"enemies":"3 Cultists","floor":28,"turns":6},{"damage":19,"enemies":"Snake Plant","floor":30,"turns":5},{"damage":19,"enemies":"Gremlin Leader","floor":31,"turns":5},{"damage":16,"enemies":"Champ","floor":33,"turns":6},{"damage":43,"enemies":"3 Shapes","floor":35,"turns":4},{"damage":49,"enemies":"3 Darklings","floor":41,"turns":5},{"damage":59,"enemies":"Reptomancer","floor":42,"turns":6},{"damage":47,"enemies":"Nemesis","floor":45,"turns":2}],"seed_played":"-3141520023650553263","potions_obtained":[{"floor":1,"key":"Strength Potion"},{"floor":11,"key":"Fruit Juice"},{"floor":14,"key":"Weak Potion"},{"floor":16,"key":"Energy Potion"},{"floor":18,"key":"LiquidBronze"},{"floor":24,"key":"SteroidPotion"},{"floor":31,"key":"Poison Potion"},{"floor":42,"key":"FearPotion"}],"is_trial":false,"path_per_floor":["M","M","$","M","$","R","E","R","T","E","M","$","M","M","R","B",null,"M","?","?","$","M","R","M","R","T","$","M","$","M","E","R","B",null,"M","?","?","$","?","R","M","E","T","$","E"],"character_chosen":"DEFECT","items_purchased":["Loop","Swift Potion","Capacitor","AttackPotion"],"campfire_rested":7,"item_purchase_floors":[3,3,12,44],"current_hp_per_floor":[54,54,54,42,42,64,37,74,74,54,25,25,14,9,48,15,80,74,74,74,74,62,80,57,80,80,80,40,40,21,2,41,25,80,37,37,37,37,37,76,27,11,11,11,0],"gold":19,"neow_bonus":"RANDOM_COLORLESS_2","is_prod":false,"is_daily":false,"chose_seed":false,"campfire_upgraded":0,"win_rate":0,"timestamp":1554356158,"path_taken":["M","M","$","M","$","R","E","R","T","E","?","$","M","M","R","BOSS","M","?","?","$","M","R","M","R","T","$","M","$","M","E","R","BOSS","M","?","?","$","?","R","M","E","T","?","E"],"build_version":"2019-01-23","purchased_purges":2,"victory":false,"max_hp_per_floor":[75,75,75,75,75,75,75,75,75,75,80,80,80,80,80,80,80,80,80,80,80,80,80,80,80,80,80,80,80,80,80,80,80,80,80,80,80,80,80,80,80,80,80,80,80],"card_choices":[{"not_picked":["Aggregate","Go for the Eyes"],"picked":"Doom and Gloom","floor":1},{"not_picked":["Go for the Eyes","Turbo"],"picked":"Rebound","floor":2},{"not_picked":["Coolheaded","Stack"],"picked":"Doom and Gloom","floor":4},{"not_picked":["Rebound","Reprogram","Turbo"],"picked":"SKIP","floor":7},{"not_picked":["Hologram","Stack"],"picked":"Rip and Tear","floor":10},{"not_picked":["Stack","Sweeping Beam"],"picked":"Glacier","floor":11},{"not_picked":["Go for the Eyes","Compile Driver"],"picked":"Sunder","floor":13},{"not_picked":["Force Field","Cold Snap"],"picked":"Multi-Cast","floor":14},{"not_picked":["Rainbow","Creative AI"],"picked":"Echo Form","floor":16},{"not_picked":["Gash","Conserve Battery"],"picked":"Darkness","floor":18},{"not_picked":["Cold Snap","Sunder"],"picked":"White Noise","floor":22},{"not_picked":["Go for the Eyes","Creative AI"],"picked":"Cold Snap+1","floor":24},{"not_picked":["Redo","Lockon"],"picked":"Defragment","floor":28},{"not_picked":["Hologram","Barrage","Coolheaded"],"picked":"SKIP","floor":30},{"not_picked":["Doom and Gloom","Streamline","Cold Snap"],"picked":"SKIP","floor":31},{"not_picked":["Machine Learning","Fission"],"picked":"Seek","floor":33},{"not_picked":["Compile Driver+1","Streamline+1","Beam Cell"],"picked":"SKIP","floor":35},{"not_picked":["Metamorphosis","Flash of Steel"],"picked":"Dark Shackles","floor":39},{"not_picked":["Aggregate+1","Compile Driver","Gash+1"],"picked":"SKIP","floor":41},{"not_picked":["Turbo+1","Hologram"],"picked":"Buffer","floor":42}],"player_experience":398929,"relics_obtained":[{"floor":7,"key":"Regal Pillow"},{"floor":9,"key":"Ancient Tea Set"},{"floor":10,"key":"Bottled Flame"},{"floor":26,"key":"Incense Burner"},{"floor":31,"key":"Omamori"},{"floor":42,"key":"Anchor"}],"event_choices":[{"damage_healed":0,"gold_gain":0,"player_choice":"Smashed Altar","damage_taken":0,"max_hp_gain":0,"max_hp_loss":0,"event_name":"Forgotten Altar","floor":19,"gold_loss":0,"cards_obtained":["Decay"]},{"damage_healed":0,"gold_gain":0,"player_choice":"Ignored","damage_taken":0,"max_hp_gain":0,"max_hp_loss":0,"event_name":"Vampires","floor":20,"gold_loss":0},{"damage_healed":0,"gold_gain":0,"player_choice":"Paid","damage_taken":0,"relics_obtained":["Red Mask"],"max_hp_gain":0,"max_hp_loss":0,"event_name":"Tomb of Lord Red Mask","floor":36,"gold_loss":208},{"damage_healed":0,"gold_gain":0,"player_choice":"Ignored","damage_taken":0,"max_hp_gain":0,"max_hp_loss":0,"event_name":"Mysterious Sphere","floor":37,"gold_loss":0},{"damage_healed":0,"gold_gain":0,"player_choice":"Memory 1","damage_taken":0,"max_hp_gain":0,"max_hp_loss":0,"event_name":"SensoryStone","floor":39,"gold_loss":0}],"is_beta":false,"boss_relics":[{"not_picked":["Coffee Dripper","Tiny House"],"picked":"Fusion Hammer"},{"not_picked":["Astrolabe","Snecko Eye"],"picked":"Lizard Tail"}],"items_purged_floors":[21,27],"is_endless":false,"potions_floor_spawned":[1,11,14,16,18,24,31,42],"killed_by":"Nemesis","ascension_level":2}