{"gold_per_floor":[109,109,109,123,123,123,141,141,141,155,174,192,205,257,257,331,331,351,364,364,384,47,47,47],"floor_reached":24,"playtime":704,"items_purged":[],"score":380,"play_id":"8a939e65-6102-4df2-a508-d4f3923ec0f6","local_time":"20190501234834","is_ascension_mode":true,"campfire_choices":[{"data":"Havoc","floor":6,"key":"SMITH"},{"data":"Cleave","floor":8,"key":"SMITH"},{"data":"Bash","floor":15,"key":"SMITH"},{"data":"Whirlwind","floor":23,"key":"SMITH"}],"neow_cost":"NONE","seed_source_timestamp":3840964454267796,"circlet_count":0,"master_deck":["AscendersBane","Strike_R","Strike_R","Strike_R+1","Strike_R","Defend_R+1","Defend_R","Defend_R","Defend_R","Bash+1","Havoc+1","Shrug It Off","Cleave+1","Cleave","Pommel Strike","Dropkick","Double Tap","Dropkick","Dual Wield","Whirlwind+1"],"relics":["Burning Blood","Meat on the Bone","Question Card","Blood Vial","Coffee Dripper","Unceasing Top"],"potions_floor_usage":[13,16,16,19,21],"damage_taken":[{"damage":14,"enemies":"Jaw Worm","floor":1,"turns":3},{"damage":2,"enemies":"Small Slimes","floor":4,"turns":5},{"damage":7,"enemies":"2 Louse","floor":7,"turns":3},{"damage":14,"enemies":"Exordium Thugs","floor":10,"turns":5},{"damage":5,"enemies":"Exordium Wildlife","floor":11,"turns":3},{"damage":13,"enemies":"Blue Slaver","floor":12,"turns":3},{"damage":14,"enemies":"Gremlin Gang","floor":13,"turns":3},{"damage":37,"enemies":"Slime Boss","floor":16,"turns":7},{"damage":22,"enemies":"Shell Parasite","floor":18,"turns":4},{"damage":32,"enemies":"3 Byrds","floor":19,"turns":5},{"damage":21,"enemies":"Snecko","floor":21,"turns":5},{"damage":40,"enemies":"Shelled Parasite and Fungi","floor":24,"turns":3}],"seed_played":"8300111601206288483","potions_obtained":[{"floor":4,"key":"SmokeBomb"},{"floor":10,"key":"AttackPotion"},{"floor":11,"key":"AttackPotion"},{"floor":13,"key":"Poison Potion"},{"floor":16,"key":"Poison Potion"},{"floor":18,"key":"Ancient Potion"}],"is_trial":false,"path_per_floor":["M","?","?","M","?","R","M","R","T","M","M","M","M","T","R","B",null,"M","M","?","M","$","R","M"],"character_chosen":"IRONCLAD","items_purchased":["Unceasing Top"],"campfire_rested":0,"item_purchase_floors":[22],"current_hp_per_floor":[60,49,26,42,42,42,53,53,53,45,46,51,55,55,55,38,66,52,40,33,32,32,32,0],"gold":47,"neow_bonus":"THREE_CARDS","is_prod":false,"is_daily":false,"chose_seed":false,"campfire_upgraded":4,"win_rate":0,"timestamp":1556750914,"path_taken":["M","?","?","M","?","R","M","R","T","M","?","M","M","?","R","BOSS","M","M","?","?","$","R","M"],"build_version":"2019-01-23","purchased_purges":0,"victory":false,"max_hp_per_floor":[75,75,75,75,75,75,75,75,75,75,75,75,75,75,75,75,75,75,75,75,75,75,75,75],"card_choices":[{"not_picked":["Clash","Power Through"],"picked":"Havoc","floor":0},{"not_picked":["Headbutt","Clothesline"],"picked":"Shrug It Off","floor":1},{"not_picked":["Havoc","Rage","Seeing Red"],"picked":"SKIP","floor":4},{"not_picked":["Carnage","Heavy Blade"],"picked":"Cleave","floor":7},{"not_picked":["Iron Wave","Sword Boomerang","Heavy Blade"],"picked":"Cleave","floor":10},{"not_picked":["Clash","Twin Strike","Reaper","Pummel"],"picked":"SKIP","floor":11},{"not_picked":["Corruption","Combust","Heavy Blade"],"picked":"Pommel Strike","floor":12},{"not_picked":["Sword Boomerang","Inflame","Havoc"],"picked":"Dropkick","floor":13},{"not_picked":["Brutality","Dark Embrace","Exhume"],"picked":"Double Tap","floor":16},{"not_picked":["Second Wind","True Grit","Rage"],"picked":"Dropkick","floor":18},{"not_picked":["True Grit+1","Spot Weakness","Sword Boomerang"],"picked":"Dual Wield","floor":19},{"not_picked":["Warcry","Perfected Strike","Clash"],"picked":"Whirlwind","floor":21}],"player_experience":792485,"relics_obtained":[{"floor":9,"key":"Question Card"},{"floor":14,"key":"Blood Vial"}],"event_choices":[{"damage_healed":0,"gold_gain":0,"player_choice":"Success","damage_taken":11,"relics_obtained":["Meat on the Bone"],"max_hp_gain":0,"max_hp_loss":0,"event_name":"Scrap Ooze","floor":2,"gold_loss":0},{"damage_healed":0,"gold_gain":0,"player_choice":"Entered Light","damage_taken":23,"max_hp_gain":0,"max_hp_loss":0,"event_name":"Shining Light","floor":3,"gold_loss":0,"cards_upgraded":["Strike_R","Defend_R"]},{"cards_removed":["Strike_R"],"damage_healed":0,"gold_gain":0,"player_choice":"Purged","damage_taken":0,"max_hp_gain":0,"max_hp_loss":0,"event_name":"Purifier","floor":5,"gold_loss":0},{"damage_healed":0,"gold_gain":0,"player_choice":"","damage_taken":7,"max_hp_gain":0,"max_hp_loss":0,"event_name":"Knowing Skull","floor":20,"potions_obtained":[],"gold_loss":0,"cards_obtained":[]}],"is_beta":false,"boss_relics":[{"not_picked":["Runic Pyramid","Fusion Hammer"],"picked":"Coffee Dripper"}],"items_purged_floors":[],"is_endless":false,"potions_floor_spawned":[4,10,11,13,16,18],"killed_by":"Shelled Parasite and Fungi","ascension_level":20}