{"gold_per_floor":[115,134,151,151,2,32,32,51,51,84,84,98,98,98],"floor_reached":14,"playtime":509,"items_purged":["Strike_R"],"score":105,"play_id":"309802cb-7393-4fed-927d-fc6e31d0639c","local_time":"20190402235657","is_ascension_mode":true,"campfire_choices":[{"floor":7,"key":"REST"},{"floor":11,"key":"REST"}],"neow_cost":"CURSE","seed_source_timestamp":1301610657799663,"circlet_count":0,"master_deck":["Strike_R","Strike_R","Strike_R","Strike_R+1","Defend_R+1","Defend_R","Defend_R","Defend_R","Bash","Regret","Reaper","Iron Wave","Perfected Strike","Flex","Inflame","Rupture","Sword Boomerang","Ghostly Armor","Heavy Blade"],"relics":["Burning Blood","Centennial Puzzle","Blue Candle","Nunchaku","Champion Belt"],"potions_floor_usage":[6,10],"damage_taken":[{"damage":14,"enemies":"Jaw Worm","floor":1,"turns":3},{"damage":11,"enemies":"Small Slimes","floor":2,"turns":4},{"damage":13,"enemies":"Cultist","floor":3,"turns":4},{"damage":29,"enemies":"3 Sentries","floor":6,"turns":5},{"damage":35,"enemies":"Exordium Thugs","floor":8,"turns":4},{"damage":38,"enemies":"Lagavulin","floor":10,"turns":4},{"damage":21,"enemies":"Blue Slaver","floor":12,"turns":4},{"damage":15,"enemies":"2 Fungi Beasts","floor":14,"turns":3}],"seed_played":"-4057544013259063263","potions_obtained":[{"floor":2,"key":"SpeedPotion"},{"floor":3,"key":"Strength Potion"},{"floor":6,"key":"AttackPotion"}],"is_trial":false,"path_per_floor":["M","M","M","?","$","E","R","M","T","E","R","M","?","M"],"character_chosen":"IRONCLAD","items_purchased":["Inflame"],"campfire_rested":2,"item_purchase_floors":[5],"current_hp_per_floor":[72,71,68,52,52,45,69,46,46,21,45,36,11,0],"gold":98,"neow_bonus":"THREE_RARE_CARDS","is_prod":false,"is_daily":false,"chose_seed":false,"campfire_upgraded":0,"win_rate":0,"timestamp":1554274617,"path_taken":["M","M","M","?","$","E","R","M","T","E","R","M","?","M"],"build_version":"2019-01-23","purchased_purges":1,"victory":false,"max_hp_per_floor":[80,80,80,80,80,80,80,80,80,80,80,80,80,80],"card_choices":[{"not_picked":["Exhume","Demon Form"],"picked":"Reaper","floor":0},{"not_picked":["Warcry","Rage"],"picked":"Iron Wave","floor":1},{"not_picked":["Headbutt","Sword Boomerang"],"picked":"Perfected Strike","floor":2},{"not_picked":["Havoc","Corruption"],"picked":"Flex","floor":3},{"not_picked":["Power Through","Sentinel"],"picked":"Rupture","floor":6},{"not_picked":["Body Slam","Shrug It Off"],"picked":"Sword Boomerang","floor":8},{"not_picked":["Sever Soul","Second Wind"],"picked":"Ghostly Armor","floor":10},{"not_picked":["Cleave","Disarm"],"picked":"Heavy Blade","floor":12}],"player_experience":394729,"relics_obtained":[{"floor":6,"key":"Centennial Puzzle"},{"floor":9,"key":"Blue Candle"},{"floor":10,"key":"Nunchaku"}],"event_choices":[{"damage_healed":0,"gold_gain":0,"player_choice":"Entered Light","damage_taken":16,"max_hp_gain":0,"max_hp_loss":0,"event_name":"Shining Light","floor":4,"gold_loss":0,"cards_upgraded":["Defend_R","Strike_R"]},{"damage_healed":0,"gold_gain":0,"player_choice":"Success","damage_taken":25,"relics_obtained":["Champion Belt"],"max_hp_gain":0,"max_hp_loss":0,"event_name":"Scrap Ooze","floor":13,"gold_loss":0}],"is_beta":false,"boss_relics":[],"items_purged_floors":[5],"is_endless":false,"potions_floor_spawned":[2,3,6],"killed_by":"2 Fungi Beasts","ascension_level":1}