{"gold_per_floor":[114,129,0,0,0,38,38,57,82,101,23,42,42,42,42,167,167,167,167,167,17,17,17,17],"floor_reached":24,"playtime":1512,"items_purged":[],"score":196,"play_id":"304ee2d6-dd28-45f0-a970-f104114ad67c","local_time":"20181026222611","daily_mods":["Allstar","ControlledChaos","Terminal"],"is_ascension_mode":false,"campfire_choices":[{"floor":7,"key":"REST"},{"data":"Darkness","floor":13,"key":"SMITH"},{"floor":15,"key":"REST"},{"floor":23,"key":"REST"}],"neow_cost":"","seed_source_timestamp":0,"circlet_count":0,"master_deck":["Strike_B","Strike_B","Strike_B","Strike_B","Defend_B","Defend_B","Defend_B","Defend_B","Zap","Dualcast","Metamorphosis","Secret Weapon","Swift Strike","Secret Weapon","Swift Strike","Melter","Chaos","Storm","Injury","Ball Lightning","Beam Cell","Reinforced Body","Doom and Gloom","Darkness+1","Auto Shields"],"special_seed":17831,"relics":["Cracked Core","Frozen Eye","Golden Idol","Bag of Marbles","Anchor","Ectoplasm","Thread and Needle","Frozen Egg 2","Oddly Smooth Stone"],"potions_floor_usage":[6,6,16,16,19,22],"damage_taken":[{"damage":0,"enemies":"2 Louse","floor":1,"turns":2},{"damage":6,"enemies":"Jaw Worm","floor":2,"turns":3},{"damage":20,"enemies":"3 Sentries","floor":6,"turns":4},{"damage":0,"enemies":"Small Slimes","floor":8,"turns":1},{"damage":10,"enemies":"Exordium Thugs","floor":10,"turns":4},{"damage":0,"enemies":"3 Louse","floor":12,"turns":2},{"damage":53,"enemies":"The Guardian","floor":16,"turns":12},{"damage":0,"enemies":"3 Byrds","floor":18,"turns":4},{"damage":0,"enemies":"Chosen","floor":19,"turns":1},{"damage":3,"enemies":"Colosseum Slavers","floor":20,"turns":5},{"damage":44,"enemies":"Colosseum Nobs","floor":20,"turns":5},{"damage":6,"enemies":"Shelled Parasite and Fungi","floor":22,"turns":3},{"damage":22,"enemies":"Book of Stabbing","floor":24,"turns":5}],"seed_played":"-2057746119499071348","potions_obtained":[{"floor":2,"key":"FocusPotion"},{"floor":8,"key":"PowerPotion"},{"floor":10,"key":"SmokeBomb"},{"floor":12,"key":"SkillPotion"},{"floor":20,"key":"FearPotion"}],"is_trial":false,"path_per_floor":["M","M","$","?","?","E","R","M","T","M","$","M","R","?","R","B",null,"M","M","?","$","M","R"],"character_chosen":"DEFECT","items_purchased":["Storm","Explosive Potion","Doom and Gloom","Oddly Smooth Stone"],"campfire_rested":3,"item_purchase_floors":[3,3,11,21],"current_hp_per_floor":[73,67,67,67,67,47,67,66,65,55,55,55,55,55,59,6,57,56,55,8,8,2,17,0],"gold":17,"neow_bonus":"","is_prod":false,"is_daily":true,"chose_seed":false,"campfire_upgraded":1,"win_rate":0,"timestamp":1540617971,"path_taken":["M","M","$","?","?","E","R","?","T","M","$","M","R","?","R","BOSS","M","M","?","$","M","R","E"],"build_version":"2018-10-25v2","purchased_purges":0,"victory":false,"max_hp_per_floor":[73,72,71,70,69,68,67,66,65,64,63,62,61,60,59,58,57,56,55,54,53,52,51,51],"card_choices":[{"not_picked":["Recycle","Coolheaded"],"picked":"Melter","floor":1},{"not_picked":["Go for the Eyes","Recycle"],"picked":"Chaos","floor":2},{"not_picked":["Rip and Tear","Sweeping Beam"],"picked":"Ball Lightning","floor":6},{"not_picked":["Turbo","Sweeping Beam"],"picked":"Beam Cell","floor":8},{"not_picked":["Melter","Compile Driver"],"picked":"Reinforced Body","floor":10},{"not_picked":["Capacitor","Ball Lightning"],"picked":"Darkness","floor":12},{"not_picked":["Doom and Gloom+1","Gash+1","Compile Driver"],"picked":"SKIP","floor":18},{"not_picked":["Consume","Steam Power+1","Genetic Algorithm+1"],"picked":"SKIP","floor":22}],"player_experience":64792,"relics_obtained":[{"floor":6,"key":"Bag of Marbles"},{"floor":9,"key":"Anchor"},{"floor":20,"key":"Thread and Needle"},{"floor":20,"key":"Frozen Egg 2"}],"event_choices":[{"damage_healed":0,"gold_gain":0,"player_choice":"Left Gold","damage_taken":0,"max_hp_gain":0,"max_hp_loss":0,"event_name":"World of Goop","floor":4,"gold_loss":0},{"damage_healed":0,"gold_gain":0,"player_choice":"Take Wound","damage_taken":0,"relics_obtained":["Golden Idol"],"max_hp_gain":0,"max_hp_loss":0,"event_name":"Golden Idol","floor":5,"gold_loss":0,"cards_obtained":["Injury"]},{"damage_healed":0,"gold_gain":0,"player_choice":"1 cards matched","damage_taken":0,"max_hp_gain":0,"max_hp_loss":0,"event_name":"Match and Keep!","floor":14,"gold_loss":0,"cards_obtained":["Auto Shields"]},{"damage_healed":0,"gold_gain":0,"player_choice":"1 cards matched","damage_taken":0,"max_hp_gain":0,"max_hp_loss":0,"event_name":"Match and Keep!","floor":14,"gold_loss":0,"cards_obtained":["Auto Shields"]},{"damage_healed":0,"gold_gain":0,"player_choice":"Fight","damage_taken":0,"max_hp_gain":0,"max_hp_loss":0,"event_name":"Colosseum","floor":20,"gold_loss":0},{"damage_healed":0,"gold_gain":0,"player_choice":"Fought Nobs","damage_taken":0,"max_hp_gain":0,"max_hp_loss":0,"event_name":"Colosseum","floor":20,"gold_loss":0}],"is_beta":false,"boss_relics":[{"not_picked":["Black Star","Fusion Hammer"],"picked":"Ectoplasm"}],"items_purged_floors":[],"is_endless":false,"potions_floor_spawned":[2,8,10,12,20],"killed_by":"Book of Stabbing","ascension_level":0}