{"gold_per_floor":[109,121,296,296,311,311,326,341,341,361,371,390,390,390,390,390],"floor_reached":16,"playtime":879,"items_purged":[],"score":94,"play_id":"6a60ef0e-f5f3-4560-9b70-5685e4237c96","local_time":"20181208145149","is_ascension_mode":false,"campfire_choices":[{"data":"Catalyst","floor":6,"key":"SMITH"},{"floor":13,"key":"REST"},{"floor":15,"key":"REST"}],"neow_cost":"NONE","seed_source_timestamp":318922898764929,"circlet_count":0,"master_deck":["Defend_G","Defend_G","Defend_G","Defend_G","Defend_G","Strike_G","Strike_G","Strike_G","Strike_G","Strike_G","Survivor","Neutralize","Catalyst+1","Choke+1","Doubt","Dagger Throw","Poisoned Stab","Slice","Crippling Poison","Flying Knee","Terror","Injury"],"relics":["Ring of the Snake","NeowsBlessing","Sundial","Odd Mushroom","Golden Idol"],"potions_floor_usage":[7,16,16,16],"damage_taken":[{"damage":0,"enemies":"Jaw Worm","floor":1,"turns":1},{"damage":0,"enemies":"2 Louse","floor":2,"turns":1},{"damage":0,"enemies":"Cultist","floor":5,"turns":1},{"damage":2,"enemies":"Looter","floor":7,"turns":4},{"damage":8,"enemies":"2 Fungi Beasts","floor":8,"turns":3},{"damage":23,"enemies":"The Mushroom Lair","floor":10,"turns":5},{"damage":12,"enemies":"3 Louse","floor":11,"turns":3},{"damage":13,"enemies":"Exordium Wildlife","floor":12,"turns":3},{"damage":54,"enemies":"Slime Boss","floor":16,"turns":10}],"seed_played":"8638041902140247791","potions_obtained":[{"floor":1,"key":"Poison Potion"},{"floor":5,"key":"Block Potion"},{"floor":7,"key":"PowerPotion"},{"floor":8,"key":"SpeedPotion"}],"is_trial":false,"path_per_floor":["M","M","?","?","M","R","M","M","T","?","M","M","R","?","R","B"],"character_chosen":"THE_SILENT","items_purchased":[],"campfire_rested":2,"item_purchase_floors":[],"current_hp_per_floor":[70,70,70,70,70,70,68,60,60,37,25,12,33,33,54,0],"gold":390,"neow_bonus":"THREE_ENEMY_KILL","is_prod":false,"is_daily":false,"chose_seed":false,"campfire_upgraded":1,"win_rate":0.0,"timestamp":1544309509,"path_taken":["M","M","?","?","M","R","M","M","T","?","M","?","R","?","R","BOSS"],"build_version":"2018-12-06","purchased_purges":0,"victory":false,"max_hp_per_floor":[70,70,70,70,70,70,70,70,70,70,70,70,70,70,70,70],"card_choices":[{"not_picked":["Cloak And Dagger","Reflex"],"picked":"Catalyst","floor":1},{"not_picked":["Deflect","Dodge and Roll"],"picked":"Choke","floor":2},{"not_picked":["Quick Slash","Cloak And Dagger"],"picked":"Dagger Throw","floor":5},{"not_picked":["Well Laid Plans","Dagger Spray"],"picked":"Poisoned Stab","floor":7},{"not_picked":["Acrobatics","Blur"],"picked":"Slice","floor":8},{"not_picked":["Dash","Infinite Blades"],"picked":"Crippling Poison","floor":10},{"not_picked":["Concentrate","Prepared"],"picked":"Flying Knee","floor":11},{"not_picked":["Crippling Poison","Skewer"],"picked":"Terror","floor":12}],"player_experience":175295,"relics_obtained":[{"floor":9,"key":"Sundial"},{"floor":10,"key":"Odd Mushroom"}],"event_choices":[{"damage_healed":0,"gold_gain":175,"player_choice":"AGREE","damage_taken":0,"max_hp_gain":0,"max_hp_loss":0,"event_name":"Liars Game","floor":3,"gold_loss":0,"cards_obtained":["Doubt"]},{"damage_healed":0,"gold_gain":0,"player_choice":"Grow","damage_taken":0,"max_hp_gain":0,"max_hp_loss":0,"event_name":"Living Wall","floor":4,"gold_loss":0,"cards_upgraded":["Choke"]},{"damage_healed":0,"gold_gain":0,"player_choice":"Fought Mushrooms","damage_taken":0,"max_hp_gain":0,"max_hp_loss":0,"event_name":"Mushrooms","floor":10,"gold_loss":0},{"damage_healed":0,"gold_gain":0,"player_choice":"Take Wound","damage_taken":0,"relics_obtained":["Golden Idol"],"max_hp_gain":0,"max_hp_loss":0,"event_name":"Golden Idol","floor":14,"gold_loss":0,"cards_obtained":["Injury"]}],"is_beta":false,"boss_relics":[],"items_purged_floors":[],"is_endless":false,"potions_floor_spawned":[1,5,7,8],"killed_by":"Slime Boss","ascension_level":0}