{"gold_per_floor":[111,128,128,303,303,303,303,321,347,390,414,135,135,206,218,230],"floor_reached":16,"playtime":416,"items_purged":[],"score":98,"play_id":"bbc37ef1-ea27-440c-8b28-7b0858325918","local_time":"20190505150507","is_ascension_mode":false,"campfire_choices":[{"data":"Body Slam","floor":6,"key":"SMITH"},{"data":"Entrench","floor":13,"key":"SMITH"},{"data":"Flame Barrier","floor":15,"key":"SMITH"}],"neow_cost":"NONE","seed_source_timestamp":4155458443241652,"circlet_count":0,"master_deck":["Strike_R+1","Strike_R+1","Strike_R+1","Strike_R+1","Strike_R","Defend_R","Defend_R","Defend_R","Defend_R","Bash","Body Slam+1","Flame Barrier+1","Shrug It Off","Entrench+1","Clash","Headbutt"],"relics":["Burning Blood","Regal Pillow","Golden Idol","Dream Catcher","Du-Vu Doll","Whetstone","MawBank"],"potions_floor_usage":[14],"damage_taken":[{"damage":6,"enemies":"Jaw Worm","floor":1,"turns":3},{"damage":0,"enemies":"2 Louse","floor":2,"turns":3},{"damage":0,"enemies":"Small Slimes","floor":8,"turns":2},{"damage":50,"enemies":"Lagavulin","floor":10,"turns":7},{"damage":0,"enemies":"3 Louse","floor":11,"turns":4},{"damage":6,"enemies":"3 Sentries","floor":14,"turns":9},{"damage":35,"enemies":"The Guardian","floor":16,"turns":9}],"seed_played":"-8296411498651916773","potions_obtained":[{"floor":10,"key":"SkillPotion"},{"floor":11,"key":"LiquidBronze"}],"is_trial":false,"path_per_floor":["M","M","?","?","?","R","?","M","T","E","M","$","R","?","R","B"],"character_chosen":"IRONCLAD","items_purchased":["Entrench","Whetstone","Clash"],"campfire_rested":0,"item_purchase_floors":[12,12,12],"current_hp_per_floor":[80,80,64,64,64,64,64,70,70,26,32,32,32,32,32,0],"gold":230,"neow_bonus":"RANDOM_COMMON_RELIC","is_prod":false,"is_daily":false,"chose_seed":false,"campfire_upgraded":3,"win_rate":0,"timestamp":1557065107,"path_taken":["M","M","?","?","?","R","?","M","T","E","M","$","R","?","R","BOSS"],"build_version":"2019-01-23","purchased_purges":0,"victory":false,"max_hp_per_floor":[80,80,80,80,74,74,74,74,74,74,74,74,74,74,74,74],"card_choices":[{"not_picked":["True Grit","Bloodletting"],"picked":"Body Slam","floor":1},{"not_picked":["Wild Strike","Thunderclap","Warcry"],"picked":"SKIP","floor":2},{"not_picked":["Rampage","Warcry"],"picked":"Flame Barrier","floor":8},{"not_picked":["Fire Breathing","Warcry","True Grit"],"picked":"SKIP","floor":10},{"not_picked":["Evolve","Battle Trance"],"picked":"Shrug It Off","floor":11},{"not_picked":["Clash","Blood for Blood"],"picked":"Headbutt","floor":14}],"player_experience":813093,"relics_obtained":[{"floor":9,"key":"Dream Catcher"},{"floor":10,"key":"Du-Vu Doll"},{"floor":14,"key":"MawBank"}],"event_choices":[{"damage_healed":0,"gold_gain":0,"player_choice":"Entered Light","damage_taken":16,"max_hp_gain":0,"max_hp_loss":0,"event_name":"Shining Light","floor":3,"gold_loss":0,"cards_upgraded":["Strike_R","Strike_R"]},{"damage_healed":0,"gold_gain":175,"player_choice":"AGREE","damage_taken":0,"max_hp_gain":0,"max_hp_loss":0,"event_name":"Liars Game","floor":4,"gold_loss":0,"cards_obtained":["Doubt"]},{"damage_healed":0,"gold_gain":0,"player_choice":"Lose Max HP","damage_taken":0,"relics_obtained":["Golden Idol"],"max_hp_gain":0,"max_hp_loss":6,"event_name":"Golden Idol","floor":5,"gold_loss":0},{"cards_removed":["Doubt"],"damage_healed":0,"gold_gain":0,"player_choice":"Forget","damage_taken":0,"max_hp_gain":0,"max_hp_loss":0,"event_name":"Living Wall","floor":7,"gold_loss":0},{"damage_healed":0,"gold_gain":0,"player_choice":"Searched \u00271\u0027 times","damage_taken":0,"max_hp_gain":0,"max_hp_loss":0,"event_name":"Dead Adventurer","floor":14,"gold_loss":0}],"is_beta":false,"boss_relics":[],"items_purged_floors":[],"is_endless":false,"potions_floor_spawned":[10,11],"killed_by":"The Guardian","ascension_level":0}