{"gold_per_floor":[118,137,113,123,139,139,156,156,156,156,156,156,102,116,116,221,221,234,253,264,191,191,191,201,201,201,217,236,236],"floor_reached":29,"playtime":2056,"items_purged":[],"score":244,"play_id":"efcf56b5-57ff-4197-819d-8b8d8c22afb9","local_time":"20181207140903","is_ascension_mode":false,"campfire_choices":[{"data":"Corpse Explosion","floor":6,"key":"SMITH"},{"data":"Finisher","floor":8,"key":"SMITH"},{"data":"Terror","floor":10,"key":"SMITH"},{"data":"Noxious Fumes","floor":12,"key":"SMITH"},{"data":"Backstab","floor":15,"key":"SMITH"},{"floor":23,"key":"REST"},{"floor":25,"key":"REST"}],"neow_cost":"NONE","seed_source_timestamp":228722833872318,"circlet_count":0,"master_deck":["Defend_G","Defend_G","Defend_G","Defend_G","Strike_G","Strike_G","Strike_G","Strike_G","Strike_G","Survivor","Neutralize","Terror+1","Deflect","Dodge and Roll","Corpse Explosion+1","PiercingWail","Finisher+1","Noxious Fumes+1","Outmaneuver","Backstab+1","Doppelganger","Poisoned Stab","Skewer","Blade Dance","Infinite Blades","Dash","Backstab+1","Dagger Spray","Slice","Adrenaline","Distraction"],"relics":["Ring of the Snake","WingedGreaves","Eternal Feather","Prayer Wheel","Pear"],"potions_floor_usage":[16,16],"damage_taken":[{"damage":1,"enemies":"Cultist","floor":1,"turns":5},{"damage":0,"enemies":"Jaw Worm","floor":2,"turns":2},{"damage":0,"enemies":"2 Louse","floor":4,"turns":3},{"damage":3,"enemies":"Blue Slaver","floor":5,"turns":4},{"damage":10,"enemies":"Looter","floor":7,"turns":4},{"damage":1,"enemies":"3 Louse","floor":14,"turns":3},{"damage":52,"enemies":"Hexaghost","floor":16,"turns":10},{"damage":16,"enemies":"2 Thieves","floor":18,"turns":3},{"damage":0,"enemies":"Chosen","floor":19,"turns":6},{"damage":59,"enemies":"Sentry and Sphere","floor":20,"turns":8},{"damage":20,"enemies":"Shelled Parasite and Fungi","floor":24,"turns":4},{"damage":38,"enemies":"Snake Plant","floor":27,"turns":3},{"damage":20,"enemies":"Sentry and Sphere","floor":28,"turns":4},{"damage":12,"enemies":"Colosseum Slavers","floor":29,"turns":1}],"seed_played":"1339006046956140091","potions_obtained":[{"floor":1,"key":"SkillPotion"},{"floor":7,"key":"SteroidPotion"},{"floor":19,"key":"Energy Potion"},{"floor":20,"key":"Poison Potion"}],"is_trial":false,"path_per_floor":["M","M","$","M","M","R","M","R","T","R","?","R","$","M","R","B",null,"M","M","M","$","?","R","M","R","T","M","M","?"],"character_chosen":"THE_SILENT","items_purchased":["Dodge and Roll","Outmaneuver","Infinite Blades"],"campfire_rested":2,"item_purchase_floors":[3,13,21],"current_hp_per_floor":[76,76,76,76,73,73,63,63,63,63,63,63,63,62,62,10,77,61,61,2,2,2,40,20,58,68,30,10,0],"gold":236,"neow_bonus":"TEN_PERCENT_HP_BONUS","is_prod":false,"is_daily":false,"chose_seed":false,"campfire_upgraded":5,"win_rate":0.0,"timestamp":1544220543,"path_taken":["M","?","$","?","M","R","M","R","T","R","?","R","?","?","R","BOSS","M","?","M","$","?","R","M","R","T","M","M","?"],"build_version":"2018-12-06","purchased_purges":0,"victory":false,"max_hp_per_floor":[77,77,77,77,77,77,77,77,77,77,77,77,77,77,77,77,77,77,77,77,77,77,77,77,77,87,87,87,87],"card_choices":[{"not_picked":["Bane","Calculated Gamble"],"picked":"Terror","floor":1},{"not_picked":["Sucker Punch","Deadly Poison"],"picked":"Deflect","floor":2},{"not_picked":["Escape Plan","Prepared"],"picked":"Corpse Explosion","floor":4},{"not_picked":["Tactician","Underhanded Strike"],"picked":"PiercingWail","floor":5},{"not_picked":["Sucker Punch","Riddle With Holes"],"picked":"Finisher","floor":7},{"not_picked":["Poisoned Stab","Flying Knee"],"picked":"Backstab","floor":14},{"not_picked":["Burst","Corpse Explosion"],"picked":"Doppelganger","floor":16},{"not_picked":["Calculated Gamble","Outmaneuver"],"picked":"Poisoned Stab","floor":18},{"not_picked":["Finisher","Poisoned Stab"],"picked":"Skewer","floor":19},{"not_picked":["Prepared+1","Terror"],"picked":"Blade Dance","floor":20},{"not_picked":["Dagger Spray","Dagger Throw"],"picked":"Dash","floor":24},{"not_picked":["Blade Dance","Envenom"],"picked":"Backstab+1","floor":24},{"not_picked":["Cloak And Dagger","Deflect"],"picked":"Dagger Spray","floor":27},{"not_picked":["PiercingWail","Blade Dance"],"picked":"Slice","floor":27},{"not_picked":["Tactician","Sucker Punch"],"picked":"Adrenaline","floor":28},{"not_picked":["Bane","Endless Agony+1"],"picked":"Distraction","floor":28}],"player_experience":136296,"relics_obtained":[{"floor":9,"key":"WingedGreaves"},{"floor":26,"key":"Pear"}],"event_choices":[{"damage_healed":0,"gold_gain":0,"cards_transformed":["Defend_G"],"player_choice":"Change","damage_taken":0,"max_hp_gain":0,"max_hp_loss":0,"event_name":"Living Wall","floor":11,"gold_loss":0,"cards_obtained":["Noxious Fumes"]},{"damage_healed":0,"gold_gain":0,"player_choice":"Opened","damage_taken":0,"relics_obtained":["Prayer Wheel"],"max_hp_gain":0,"max_hp_loss":0,"event_name":"The Mausoleum","floor":22,"gold_loss":0},{"damage_healed":0,"gold_gain":0,"player_choice":"Fight","damage_taken":0,"max_hp_gain":0,"max_hp_loss":0,"event_name":"Colosseum","floor":29,"gold_loss":0}],"is_beta":false,"boss_relics":[{"not_picked":["Empty Cage","Busted Crown"],"picked":"Eternal Feather"}],"items_purged_floors":[],"is_endless":false,"potions_floor_spawned":[1,7,19,20],"killed_by":"Colosseum Slavers","ascension_level":0}