{"gold_per_floor":[119,138,154,172,185,185,214,214,214,229,244,244,419,439,439,537,537,557,118,118,43,43,69,86,86,113,38,38],"floor_reached":28,"playtime":918,"items_purged":["Doubt"],"score":276,"play_id":"bd63aed7-9a0a-42f4-8f9c-3c70855e39c3","local_time":"20190422210842","is_ascension_mode":true,"campfire_choices":[{"floor":6,"key":"REST"},{"floor":8,"key":"REST"},{"floor":12,"key":"REST"},{"floor":15,"key":"REST"}],"neow_cost":"NONE","seed_source_timestamp":428875236242545,"circlet_count":0,"master_deck":["Strike_B","Strike_B","Defend_B","Defend_B","Defend_B","Zap","Dualcast","Static Discharge","Chill","Ball Lightning","Blizzard","Tempest","Loop","Glacier","Core Surge","Rainbow","Redo+1","Capacitor","FTL","Sweeping Beam","Conserve Battery","Self Repair","Rip and Tear","BootSequence","Coolheaded","Static Discharge"],"relics":["Cracked Core","NeowsBlessing","Darkstone Periapt","Lizard Tail","Strawberry","Girya","Vajra"],"potions_floor_usage":[11,16,16,18],"damage_taken":[{"damage":0,"enemies":"Jaw Worm","floor":1,"turns":1},{"damage":0,"enemies":"Small Slimes","floor":2,"turns":1},{"damage":0,"enemies":"2 Louse","floor":3,"turns":1},{"damage":7,"enemies":"Looter","floor":4,"turns":3},{"damage":21,"enemies":"Blue Slaver","floor":5,"turns":3},{"damage":48,"enemies":"Lagavulin","floor":7,"turns":6},{"damage":8,"enemies":"2 Fungi Beasts","floor":10,"turns":3},{"damage":2,"enemies":"Exordium Wildlife","floor":11,"turns":3},{"damage":12,"enemies":"Looter","floor":14,"turns":4},{"damage":25,"enemies":"Slime Boss","floor":16,"turns":9},{"damage":19,"enemies":"3 Byrds","floor":18,"turns":4},{"damage":96,"enemies":"Gremlin Leader","floor":23,"turns":8},{"damage":16,"enemies":"Chosen","floor":24,"turns":5},{"damage":17,"enemies":"Snecko","floor":28,"turns":3}],"seed_played":"7521876373207536922","potions_obtained":[{"floor":1,"key":"SneckoOil"},{"floor":7,"key":"GamblersBrew"},{"floor":10,"key":"AttackPotion"},{"floor":11,"key":"Ancient Potion"},{"floor":16,"key":"LiquidBronze"},{"floor":18,"key":"SpeedPotion"},{"floor":23,"key":"SteroidPotion"}],"is_trial":false,"path_per_floor":["M","M","M","M","M","R","E","R","T","M","M","R","?","M","R","B",null,"M","$","?","?","?","E","M","?","T","$","M"],"character_chosen":"DEFECT","items_purchased":["Capacitor","Strawberry","FTL","Sweeping Beam","Conserve Battery","Static Discharge"],"campfire_rested":4,"item_purchase_floors":[19,19,19,19,19,27],"current_hp_per_floor":[75,75,75,68,47,69,21,43,43,35,33,55,61,49,73,48,81,62,69,69,69,69,26,17,17,17,17,0],"gold":38,"neow_bonus":"THREE_ENEMY_KILL","is_prod":false,"is_daily":false,"chose_seed":false,"campfire_upgraded":0,"win_rate":0,"timestamp":1555992522,"path_taken":["M","M","M","M","M","R","E","R","T","M","M","R","?","M","R","BOSS","M","$","?","?","?","E","M","?","T","?","?"],"build_version":"2019-01-23","purchased_purges":1,"victory":false,"max_hp_per_floor":[75,75,75,75,75,75,75,75,75,75,75,75,81,81,81,81,81,81,88,88,88,88,88,88,88,88,88,88],"card_choices":[{"not_picked":["Fusion","Compile Driver"],"picked":"Static Discharge","floor":1},{"not_picked":["Double Energy","Barrage"],"picked":"Chill","floor":2},{"not_picked":["Streamline","Go for the Eyes"],"picked":"Ball Lightning","floor":3},{"not_picked":["Conserve Battery","Darkness"],"picked":"Blizzard","floor":4},{"not_picked":["Turbo","Go for the Eyes"],"picked":"Tempest","floor":5},{"not_picked":["Leap","Rip and Tear"],"picked":"Loop","floor":7},{"not_picked":["Scrape","Cold Snap"],"picked":"Glacier","floor":10},{"not_picked":["Beam Cell","Sweeping Beam"],"picked":"Core Surge","floor":11},{"not_picked":["Compile Driver","Steam","Force Field"],"picked":"SKIP","floor":14},{"not_picked":["Biased Cognition","Amplify"],"picked":"Rainbow","floor":16},{"not_picked":["Rebound","Compile Driver"],"picked":"Redo+1","floor":18},{"not_picked":["White Noise","Leap"],"picked":"BootSequence","floor":23},{"not_picked":["Steam+1","Gash"],"picked":"Coolheaded","floor":24}],"player_experience":438523,"relics_obtained":[{"floor":7,"key":"Darkstone Periapt"},{"floor":23,"key":"Girya"},{"floor":26,"key":"Vajra"}],"event_choices":[{"damage_healed":0,"gold_gain":175,"player_choice":"AGREE","damage_taken":0,"max_hp_gain":0,"max_hp_loss":0,"event_name":"Liars Game","floor":13,"gold_loss":0,"cards_obtained":["Doubt"]},{"damage_healed":0,"gold_gain":0,"player_choice":"Ignored","damage_taken":0,"max_hp_gain":0,"max_hp_loss":0,"event_name":"Ghosts","floor":20,"gold_loss":0},{"cards_removed":["Defend_B"],"damage_healed":0,"gold_gain":0,"player_choice":"Gave Gold","damage_taken":0,"max_hp_gain":0,"max_hp_loss":0,"event_name":"Beggar","floor":21,"gold_loss":75},{"damage_healed":0,"gold_gain":0,"cards_transformed":["Strike_B","Strike_B"],"player_choice":"Became Test Subject","damage_taken":0,"max_hp_gain":0,"max_hp_loss":0,"event_name":"Drug Dealer","floor":22,"gold_loss":0,"cards_obtained":["Self Repair","Rip and Tear"]},{"damage_healed":0,"gold_gain":0,"player_choice":"Ignored","damage_taken":0,"max_hp_gain":0,"max_hp_loss":0,"event_name":"Cursed Tome","floor":25,"gold_loss":0}],"is_beta":false,"boss_relics":[{"not_picked":["FrozenCore","Astrolabe"],"picked":"Lizard Tail"}],"items_purged_floors":[19],"is_endless":false,"potions_floor_spawned":[1,7,10,11,16,18,23],"killed_by":"Snecko","ascension_level":3}