{"gold_per_floor":[111,123,223,235,252,252,263,263,263,275,298,258,271,303,303,402,402,417,430,430,430,152,152,102,112,112,112,123,123,123,136,136,136],"floor_reached":33,"playtime":5427,"items_purged":[],"score":249,"play_id":"becbdf6d-6ef7-4901-9599-0c07b7d25b0a","local_time":"20181204171006","is_ascension_mode":false,"campfire_choices":[{"floor":6,"key":"REST"},{"data":"Poisoned Stab","floor":8,"key":"SMITH"},{"data":"Quick Slash","floor":10,"key":"SMITH"},{"floor":15,"key":"REST"},{"floor":23,"key":"REST"},{"data":"Apotheosis","floor":27,"key":"SMITH"},{"floor":30,"key":"REST"},{"floor":32,"key":"REST"}],"neow_cost":"NONE","seed_source_timestamp":326460539403403,"circlet_count":0,"master_deck":["Defend_G+1","Defend_G+1","Defend_G+1","Defend_G+1","Strike_G+1","Strike_G+1","Strike_G+1","Strike_G+1","Survivor","Neutralize","Crippling Poison","Backflip","Quick Slash+1","Riddle With Holes","Poisoned Stab+1","Corpse Explosion","Slice","Bane","After Image","Outmaneuver+1","Deadly Poison","Backstab","Apotheosis+1","Backstab","Backstab","Noxious Fumes"],"relics":["Ring of the Snake","MawBank","Lantern","Empty Cage","Orichalcum","Enchiridion"],"potions_floor_usage":[5,14,14,14,31,33,33,33],"damage_taken":[{"damage":3,"enemies":"Small Slimes","floor":1,"turns":4},{"damage":1,"enemies":"Cultist","floor":2,"turns":4},{"damage":13,"enemies":"Jaw Worm","floor":4,"turns":5},{"damage":5,"enemies":"Blue Slaver","floor":5,"turns":4},{"damage":9,"enemies":"Red Slaver","floor":7,"turns":3},{"damage":17,"enemies":"Gremlin Gang","floor":11,"turns":4},{"damage":5,"enemies":"2 Fungi Beasts","floor":13,"turns":3},{"damage":8,"enemies":"Lagavulin","floor":14,"turns":3},{"damage":33,"enemies":"Hexaghost","floor":16,"turns":9},{"damage":4,"enemies":"3 Byrds","floor":18,"turns":5},{"damage":13,"enemies":"Chosen","floor":19,"turns":6},{"damage":10,"enemies":"3 Cultists","floor":25,"turns":3},{"damage":22,"enemies":"Sentry and Sphere","floor":28,"turns":5},{"damage":0,"enemies":"Snecko","floor":31,"turns":2},{"damage":74,"enemies":"Collector","floor":33,"turns":6}],"seed_played":"3366737166137504397","potions_obtained":[{"floor":1,"key":"SteroidPotion"},{"floor":2,"key":"SteroidPotion"},{"floor":4,"key":"SneckoOil"},{"floor":13,"key":"FearPotion"},{"floor":25,"key":"Fire Potion"},{"floor":31,"key":"AttackPotion"}],"is_trial":false,"path_per_floor":["M","M","?","M","M","R","M","R","T","R","M","$","M","E","R","B",null,"M","M","?","?","$","R","?","M","T","R","M","?","R","M","R","B"],"character_chosen":"THE_SILENT","items_purchased":["Energy Potion","SteroidPotion","FearPotion","Apotheosis"],"campfire_rested":5,"item_purchase_floors":[12,22,22,22],"current_hp_per_floor":[67,66,66,53,48,69,60,60,60,60,43,43,38,30,51,18,70,66,53,53,53,53,70,70,60,60,60,38,22,43,43,64,0],"gold":136,"neow_bonus":"UPGRADE_CARD","is_prod":false,"is_daily":false,"chose_seed":false,"campfire_upgraded":3,"win_rate":0.0,"timestamp":1543972206,"path_taken":["M","M","?","M","?","R","M","R","T","R","?","$","?","E","R","BOSS","M","M","?","?","$","R","?","?","T","R","?","?","R","M","R","BOSS"],"build_version":"2018-11-15","purchased_purges":0,"victory":false,"max_hp_per_floor":[70,70,70,70,70,70,70,70,70,70,70,70,70,70,70,70,70,70,70,70,70,70,70,70,70,70,70,70,70,70,70,70,70],"card_choices":[{"not_picked":["Slice","Escape Plan"],"picked":"Crippling Poison","floor":1},{"not_picked":["Dagger Throw","Cloak And Dagger"],"picked":"Backflip","floor":2},{"not_picked":["Footwork","Flechettes"],"picked":"Quick Slash","floor":4},{"not_picked":["Sucker Punch","Infinite Blades"],"picked":"Riddle With Holes","floor":5},{"not_picked":["Slice","Cloak And Dagger"],"picked":"Poisoned Stab","floor":7},{"not_picked":["Leg Sweep","Flying Knee"],"picked":"Corpse Explosion","floor":11},{"not_picked":["Blur","Prepared"],"picked":"Slice","floor":13},{"not_picked":["Cloak And Dagger","Prepared"],"picked":"Bane","floor":14},{"not_picked":["Wraith Form v2","Night Terror"],"picked":"After Image","floor":16},{"not_picked":["Prepared","Sucker Punch"],"picked":"Outmaneuver+1","floor":18},{"not_picked":["Riddle With Holes","Backflip"],"picked":"Deadly Poison","floor":19},{"not_picked":["Sucker Punch+1","Deflect+1"],"picked":"Backstab","floor":25},{"not_picked":["Cloak And Dagger+1","Distraction+1"],"picked":"Backstab","floor":28},{"not_picked":["All Out Attack+1","Phantasmal Killer"],"picked":"Noxious Fumes","floor":31}],"player_experience":108464,"relics_obtained":[{"floor":9,"key":"MawBank"},{"floor":14,"key":"Lantern"},{"floor":26,"key":"Orichalcum"},{"floor":29,"key":"Enchiridion"}],"event_choices":[{"damage_healed":0,"gold_gain":100,"player_choice":"Pray","damage_taken":0,"max_hp_gain":0,"max_hp_loss":0,"event_name":"Golden Shrine","floor":3,"gold_loss":0},{"damage_healed":0,"gold_gain":0,"player_choice":"Simplicity","damage_taken":0,"max_hp_gain":0,"max_hp_loss":0,"event_name":"Back to Basics","floor":20,"gold_loss":0,"cards_upgraded":["Defend_G","Defend_G","Defend_G","Defend_G","Strike_G","Strike_G","Strike_G"]},{"damage_healed":0,"gold_gain":0,"player_choice":"Read","damage_taken":0,"max_hp_gain":0,"max_hp_loss":0,"event_name":"The Library","floor":21,"gold_loss":0,"cards_obtained":["Backstab"]},{"damage_healed":0,"gold_gain":0,"player_choice":"Bet on Murderer","damage_taken":0,"max_hp_gain":0,"max_hp_loss":0,"event_name":"The Joust","floor":24,"gold_loss":50},{"damage_healed":0,"gold_gain":0,"player_choice":"Obtained Book","damage_taken":16,"max_hp_gain":0,"max_hp_loss":0,"event_name":"Cursed Tome","floor":29,"gold_loss":0}],"is_beta":false,"boss_relics":[{"not_picked":["Sozu","Coffee Dripper"],"picked":"Empty Cage"}],"items_purged_floors":[],"is_endless":false,"potions_floor_spawned":[1,2,4,13,25,31],"killed_by":"Collector","ascension_level":0}