{"gold_per_floor":[112,122,122,68,82,82,82,82,82,102,102,114,39,73,73,147,147,161,173,173,1,14,14,42,42,42,58,58,85,85,101,101,101],"floor_reached":33,"playtime":970,"items_purged":["Strike_R"],"score":530,"play_id":"f57c35e3-647f-4a2b-96b4-209a92cb3811","local_time":"20190501144033","is_ascension_mode":true,"campfire_choices":[{"data":"1","floor":6,"key":"LIFT"},{"data":"2","floor":11,"key":"LIFT"},{"data":"3","floor":15,"key":"LIFT"},{"floor":23,"key":"REST"},{"data":"Armaments","floor":25,"key":"SMITH"},{"data":"Heavy Blade","floor":28,"key":"SMITH"},{"floor":30,"key":"REST"},{"data":"Armaments","floor":32,"key":"SMITH"}],"neow_cost":"CURSE","seed_source_timestamp":3807815807834271,"circlet_count":0,"master_deck":["AscendersBane","Strike_R","Strike_R","Strike_R","Defend_R","Defend_R","Defend_R","Defend_R","Bash","Armaments+1","Twin Strike","Sword Boomerang","Flame Barrier","Shrug It Off","Impervious","Armaments+1","Iron Wave","Twin Strike","Cleave","Heavy Blade+1"],"relics":["Burning Blood","Girya","Matryoshka","Happy Flower","Mark of Pain","Strawberry","Sundial","Oddly Smooth Stone","Darkstone Periapt","Lantern","Vajra"],"potions_floor_usage":[12,16,22,24,33,33],"damage_taken":[{"damage":12,"enemies":"Small Slimes","floor":1,"turns":3},{"damage":4,"enemies":"2 Louse","floor":2,"turns":4},{"damage":4,"enemies":"Jaw Worm","floor":5,"turns":5},{"damage":14,"enemies":"Lots of Slimes","floor":10,"turns":4},{"damage":7,"enemies":"Exordium Thugs","floor":12,"turns":5},{"damage":32,"enemies":"Gremlin Nob","floor":14,"turns":4},{"damage":31,"enemies":"The Guardian","floor":16,"turns":13},{"damage":19,"enemies":"Spheric Guardian","floor":18,"turns":5},{"damage":22,"enemies":"Shell Parasite","floor":19,"turns":5},{"damage":13,"enemies":"3 Cultists","floor":22,"turns":6},{"damage":19,"enemies":"Book of Stabbing","floor":24,"turns":4},{"damage":9,"enemies":"Chosen and Byrds","floor":27,"turns":4},{"damage":10,"enemies":"Centurion and Healer","floor":31,"turns":5},{"damage":72,"enemies":"Champ","floor":33,"turns":7}],"seed_played":"8428822501923726642","potions_obtained":[{"floor":5,"key":"Regen Potion"},{"floor":12,"key":"Regen Potion"},{"floor":16,"key":"Explosive Potion"},{"floor":22,"key":"AttackPotion"},{"floor":27,"key":"PowerPotion"},{"floor":31,"key":"Weak Potion"}],"is_trial":false,"path_per_floor":["M","M","?","$","M","R","?","?","T","M","R","M","$","E","R","B",null,"M","M","?","$","M","R","E","R","T","M","R","T","R","M","R","B"],"character_chosen":"IRONCLAD","items_purchased":["Armaments","Strawberry"],"campfire_rested":2,"item_purchase_floors":[4,21],"current_hp_per_floor":[62,64,57,57,59,59,64,64,64,56,56,69,69,43,43,33,68,55,39,39,46,39,65,52,52,52,49,49,49,75,71,71,0],"gold":101,"neow_bonus":"ONE_RARE_RELIC","is_prod":false,"is_daily":false,"chose_seed":false,"campfire_upgraded":3,"win_rate":0,"timestamp":1556718033,"path_taken":["M","M","?","$","M","R","?","?","T","M","R","M","$","E","R","BOSS","M","M","?","$","?","R","E","R","T","?","R","?","R","M","R","BOSS"],"build_version":"2019-01-23","purchased_purges":1,"victory":false,"max_hp_per_floor":[75,75,75,75,75,75,80,80,80,80,80,80,80,80,80,80,80,80,80,80,87,87,87,87,87,87,87,87,87,87,87,87,87],"card_choices":[{"not_picked":["Perfected Strike","Seeing Red","Wild Strike"],"picked":"SKIP","floor":1},{"not_picked":["Intimidate","Evolve","Pommel Strike"],"picked":"SKIP","floor":2},{"not_picked":["Sentinel","Uppercut"],"picked":"Twin Strike","floor":5},{"not_picked":["Battle Trance","Armaments"],"picked":"Sword Boomerang","floor":10},{"not_picked":["Pommel Strike","Armaments"],"picked":"Flame Barrier","floor":12},{"not_picked":["Clash","Reaper"],"picked":"Shrug It Off","floor":14},{"not_picked":["Double Tap","Juggernaut"],"picked":"Impervious","floor":16},{"not_picked":["Flame Barrier","Searing Blow"],"picked":"Armaments","floor":18},{"not_picked":["Headbutt","Pommel Strike"],"picked":"Iron Wave","floor":19},{"not_picked":["Headbutt","Blood for Blood+1"],"picked":"Twin Strike","floor":22},{"not_picked":["Wild Strike","Double Tap"],"picked":"Cleave","floor":24},{"not_picked":["Evolve","True Grit"],"picked":"Heavy Blade","floor":27},{"not_picked":["Cleave","Pommel Strike","Spot Weakness"],"picked":"SKIP","floor":31}],"player_experience":772946,"relics_obtained":[{"floor":9,"key":"Matryoshka"},{"floor":14,"key":"Happy Flower"},{"floor":24,"key":"Sundial"},{"floor":26,"key":"Oddly Smooth Stone"},{"floor":26,"key":"Darkstone Periapt"},{"floor":29,"key":"Lantern"},{"floor":29,"key":"Vajra"}],"event_choices":[{"cards_removed":["Normality"],"damage_healed":0,"gold_gain":0,"player_choice":"Card Removal","damage_taken":7,"max_hp_gain":0,"max_hp_loss":0,"event_name":"Golden Wing","floor":3,"gold_loss":0},{"damage_healed":0,"gold_gain":0,"player_choice":"Donut","damage_taken":0,"max_hp_gain":5,"max_hp_loss":0,"event_name":"Big Fish","floor":7,"gold_loss":0},{"damage_healed":0,"gold_gain":0,"player_choice":"Leave","damage_taken":0,"max_hp_gain":0,"max_hp_loss":0,"event_name":"The Cleric","floor":8,"gold_loss":0},{"cards_removed":["Strike_R"],"damage_healed":0,"gold_gain":0,"player_choice":"Card Removal","damage_taken":0,"max_hp_gain":0,"max_hp_loss":0,"event_name":"Wheel of Change","floor":20,"gold_loss":0}],"is_beta":false,"boss_relics":[{"not_picked":["Sozu","Lizard Tail"],"picked":"Mark of Pain"}],"items_purged_floors":[13],"is_endless":false,"potions_floor_spawned":[5,12,16,22,27,31],"killed_by":"Champ","ascension_level":20}