{"gold_per_floor":[119,136,153,28,28,28,42,104,104,120,120,93,113,125,125,125],"floor_reached":16,"playtime":459,"items_purged":[],"score":94,"play_id":"5ac59f38-d670-43ab-bbef-c1171ec2a291","local_time":"20180902023925","is_ascension_mode":false,"campfire_choices":[{"data":"Searing Blow","floor":6,"key":"SMITH"},{"floor":11,"key":"REST"},{"floor":15,"key":"REST"}],"neow_cost":"NONE","seed_source_timestamp":1606922211540874,"circlet_count":0,"master_deck":["Strike_R","Strike_R","Strike_R","Strike_R","Strike_R","Defend_R","Defend_R","Defend_R","Defend_R","Bash","Clothesline","Searing Blow+1","Sword Boomerang","Intimidate","Heavy Blade","Anger","Limit Break","Anger"],"relics":["Burning Blood","NeowsBlessing","Dodecahedron","Meat on the Bone"],"potions_floor_usage":[7],"damage_taken":[{"damage":0,"enemies":"Cultist","floor":1,"turns":1},{"damage":0,"enemies":"Small Slimes","floor":2,"turns":1},{"damage":0,"enemies":"Jaw Worm","floor":3,"turns":1},{"damage":8,"enemies":"3 Louse","floor":7,"turns":4},{"damage":43,"enemies":"3 Sentries","floor":8,"turns":9},{"damage":21,"enemies":"Blue Slaver","floor":10,"turns":3},{"damage":14,"enemies":"Large Slime","floor":13,"turns":5},{"damage":20,"enemies":"Exordium Wildlife","floor":14,"turns":4},{"damage":89,"enemies":"The Guardian","floor":16,"turns":8}],"seed_played":"-6345769512343889629","potions_obtained":[{"floor":7,"key":"Fruit Juice"},{"floor":8,"key":"Swift Potion"},{"floor":10,"key":"EssenceOfSteel"},{"floor":14,"key":"AttackPotion"}],"is_trial":false,"path_per_floor":["M","M","M","$","?","R","M","?","T","M","R","?","M","M","R"],"character_chosen":"IRONCLAD","items_purchased":["Intimidate","Fire Potion"],"campfire_rested":2,"item_purchase_floors":[4,4],"current_hp_per_floor":[80,80,80,80,80,80,83,46,46,43,68,68,60,58,83,0],"gold":125,"neow_bonus":"THREE_ENEMY_KILL","is_prod":false,"is_daily":false,"chose_seed":false,"campfire_upgraded":1,"win_rate":0,"timestamp":1535881165,"path_taken":["M","M","?","$","?","R","M","?","T","?","R","?","M","M","R","BOSS"],"build_version":"2018-08-30","purchased_purges":0,"victory":false,"max_hp_per_floor":[80,80,80,80,80,80,85,85,85,85,85,85,85,85,85,85],"card_choices":[{"not_picked":["Perfected Strike","Warcry"],"picked":"Clothesline","floor":1},{"not_picked":["Cleave","Rage"],"picked":"Searing Blow","floor":2},{"not_picked":["Burning Pact","Clash"],"picked":"Sword Boomerang","floor":3},{"not_picked":["Body Slam","Havoc"],"picked":"Heavy Blade","floor":7},{"not_picked":["Searing Blow","Hemokinesis"],"picked":"Anger","floor":8},{"not_picked":["Heavy Blade","Uppercut","Ghostly Armor"],"picked":"SKIP","floor":10},{"not_picked":["Armaments","Iron Wave"],"picked":"Limit Break","floor":13},{"not_picked":["Shrug It Off","Feel No Pain"],"picked":"Anger","floor":14}],"player_experience":58279,"relics_obtained":[{"floor":8,"key":"Dodecahedron"},{"floor":9,"key":"Meat on the Bone"}],"event_choices":[{"event_name":"Liars Game","player_choice":"disagreed","floor":5,"damage_taken":0},{"event_name":"Dead Adventurer","player_choice":"Searched \u00273\u0027 times","floor":8,"damage_taken":0},{"event_name":"World of Goop","player_choice":"Left","floor":12,"damage_taken":0}],"is_beta":false,"boss_relics":[],"items_purged_floors":[],"is_endless":false,"potions_floor_spawned":[7,8,10,14],"killed_by":"The Guardian","ascension_level":0}