{"gold_per_floor":[13,13,13,13,188,220,220,220,247,247,262,262,262,362,362,467,467,456,474,474,474,171,171,86,86],"floor_reached":25,"playtime":1775,"items_purged":[],"score":193,"play_id":"e19ca6e8-8ac7-4137-9d8c-95ba680eb0ef","local_time":"20181207184810","is_ascension_mode":false,"campfire_choices":[{"floor":8,"key":"REST"},{"floor":10,"key":"REST"},{"data":"Storm of Steel","floor":12,"key":"SMITH"},{"data":"Escape Plan","floor":15,"key":"SMITH"},{"floor":23,"key":"REST"}],"neow_cost":"NO_GOLD","seed_source_timestamp":245780742089175,"circlet_count":0,"master_deck":["Defend_G","Defend_G","Defend_G","Defend_G","Defend_G+1","Strike_G+1","Strike_G","Strike_G","Strike_G","Strike_G","Survivor","Neutralize","Escape Plan+1","Doubt","Storm of Steel+1","Heel Hook","Bullet Time","Dagger Spray","Cloak And Dagger"],"relics":["Ring of the Snake","StoneCalendar","Dodecahedron","Question Card","Kunai","Omamori","Bottled Flame","Black Star","Gremlin Horn","MutagenicStrength","Thread and Needle","Pear"],"potions_floor_usage":[25],"damage_taken":[{"damage":4,"enemies":"Jaw Worm","floor":1,"turns":4},{"damage":27,"enemies":"Lagavulin","floor":6,"turns":9},{"damage":1,"enemies":"Small Slimes","floor":11,"turns":4},{"damage":51,"enemies":"Slime Boss","floor":16,"turns":14},{"damage":16,"enemies":"2 Thieves","floor":18,"turns":5},{"damage":34,"enemies":"Spheric Guardian","floor":19,"turns":7},{"damage":57,"enemies":"Slavers","floor":25,"turns":6}],"seed_played":"-837785518899295628","potions_obtained":[{"floor":11,"key":"Explosive Potion"}],"is_trial":false,"path_per_floor":["M","?","?","?","?","E","?","R","T","R","M","R","T","?","R","B",null,"M","M","T","?","$","R","?","E"],"character_chosen":"THE_SILENT","items_purchased":["Thread and Needle"],"campfire_rested":3,"item_purchase_floors":[22],"current_hp_per_floor":[66,52,49,49,49,22,22,43,43,64,63,63,63,63,63,12,70,54,20,20,20,20,41,51,0],"gold":86,"neow_bonus":"ONE_RARE_RELIC","is_prod":false,"is_daily":false,"chose_seed":false,"campfire_upgraded":2,"win_rate":0.0,"timestamp":1544237290,"path_taken":["M","?","?","?","?","E","?","R","T","R","?","R","?","?","R","BOSS","M","M","?","?","?","R","?","E"],"build_version":"2018-12-06","purchased_purges":0,"victory":false,"max_hp_per_floor":[70,70,70,70,70,70,70,70,70,70,70,70,70,70,70,70,70,70,70,70,70,70,70,80,80],"card_choices":[{"not_picked":["Dodge and Roll","Cloak And Dagger"],"picked":"Escape Plan","floor":1},{"not_picked":["Blade Dance","Dodge and Roll","Poisoned Stab"],"picked":"Storm of Steel","floor":6},{"not_picked":["Backflip","Prepared","Deflect"],"picked":"Heel Hook","floor":11},{"not_picked":["Die Die Die","Burst","Tools of the Trade"],"picked":"Bullet Time","floor":16},{"not_picked":["Deflect+1","Dodge and Roll","PiercingWail"],"picked":"Dagger Spray","floor":18},{"not_picked":["Dagger Throw","Calculated Gamble+1","Escape Plan"],"picked":"Cloak And Dagger","floor":19}],"player_experience":151436,"relics_obtained":[{"floor":6,"key":"Kunai"},{"floor":9,"key":"Omamori"},{"floor":13,"key":"Bottled Flame"},{"floor":20,"key":"Gremlin Horn"}],"event_choices":[{"damage_healed":0,"gold_gain":0,"player_choice":"Entered Light","damage_taken":14,"max_hp_gain":0,"max_hp_loss":0,"event_name":"Shining Light","floor":2,"gold_loss":0,"cards_upgraded":["Strike_G","Defend_G"]},{"damage_healed":0,"gold_gain":0,"player_choice":"Success","damage_taken":3,"relics_obtained":["Dodecahedron"],"max_hp_gain":0,"max_hp_loss":0,"event_name":"Scrap Ooze","floor":3,"gold_loss":0},{"damage_healed":0,"gold_gain":0,"player_choice":"Box","damage_taken":0,"relics_obtained":["Question Card"],"max_hp_gain":0,"max_hp_loss":0,"event_name":"Big Fish","floor":4,"gold_loss":0,"cards_obtained":["Regret"]},{"damage_healed":0,"gold_gain":175,"player_choice":"AGREE","damage_taken":0,"max_hp_gain":0,"max_hp_loss":0,"event_name":"Liars Game","floor":5,"gold_loss":0,"cards_obtained":["Doubt"]},{"cards_removed":["Regret"],"damage_healed":0,"gold_gain":0,"player_choice":"Purged","damage_taken":0,"max_hp_gain":0,"max_hp_loss":0,"event_name":"Purifier","floor":7,"gold_loss":0},{"damage_healed":0,"gold_gain":100,"player_choice":"Pray","damage_taken":0,"max_hp_gain":0,"max_hp_loss":0,"event_name":"Golden Shrine","floor":14,"gold_loss":0},{"damage_healed":0,"gold_gain":0,"player_choice":"Inject Mutagens","damage_taken":0,"relics_obtained":["MutagenicStrength"],"max_hp_gain":0,"max_hp_loss":0,"event_name":"Drug Dealer","floor":21,"gold_loss":0},{"damage_healed":0,"gold_gain":0,"player_choice":"Obtained Relic","damage_taken":0,"relics_obtained":["Pear"],"max_hp_gain":0,"max_hp_loss":0,"event_name":"Addict","floor":24,"gold_loss":85}],"is_beta":false,"boss_relics":[{"not_picked":["Calling Bell","Tiny House"],"picked":"Black Star"}],"items_purged_floors":[],"is_endless":false,"potions_floor_spawned":[11],"killed_by":"Slavers","ascension_level":0}