{"gold_per_floor":[116,129,146,157,157,157,176,176,176,156,176,176,189,200,200,200],"floor_reached":16,"playtime":1346,"items_purged":[],"score":96,"play_id":"0365b0be-cdd5-4d03-808b-f6a785a5e0d6","local_time":"20190503234439","is_ascension_mode":false,"campfire_choices":[{"data":"Hologram","floor":6.0,"key":"SMITH"},{"data":"Zap","floor":8.0,"key":"SMITH"},{"data":"Fusion","floor":12.0,"key":"SMITH"},{"data":"Defragment","floor":15,"key":"SMITH"}],"neow_cost":"NONE","seed_source_timestamp":49960189106685,"circlet_count":0,"master_deck":["Strike_B","Strike_B","Strike_B","Defend_B","Defend_B","Defend_B","Defend_B","Zap+1","Dualcast","Hologram+1","Fusion+1","Conserve Battery","Buffer","Defragment+1","Conserve Battery","Skim"],"special_seed":0,"relics":["Cracked Core","Meat on the Bone"],"potions_floor_usage":[13],"damage_taken":[{"damage":5.0,"enemies":"Jaw Worm","floor":1.0,"turns":4.0},{"damage":1.0,"enemies":"Cultist","floor":2.0,"turns":5.0},{"damage":2.0,"enemies":"Small Slimes","floor":3.0,"turns":5.0},{"damage":3.0,"enemies":"3 Louse","floor":4.0,"turns":4.0},{"damage":0.0,"enemies":"2 Fungi Beasts","floor":7.0,"turns":4.0},{"damage":3.0,"enemies":"Looter","floor":11.0,"turns":4.0},{"damage":13,"enemies":"Gremlin Gang","floor":13,"turns":4},{"damage":0,"enemies":"3 Louse","floor":14,"turns":4},{"damage":45,"enemies":"Slime Boss","floor":16,"turns":11}],"seed_played":"4390398221303206799","potions_obtained":[{"floor":1.0,"key":"SteroidPotion"},{"floor":2.0,"key":"Energy Potion"},{"floor":10.0,"key":"SkillPotion"},{"floor":13,"key":"GamblersBrew"},{"floor":14,"key":"FearPotion"}],"is_trial":false,"path_per_floor":["M","M","M","M","?","R","M","R","T","?","M","R","M","M","R","B"],"character_chosen":"DEFECT","items_purchased":[],"campfire_rested":0,"item_purchase_floors":[],"current_hp_per_floor":[70,69,67,64,57,57,57,57,57,57,54,54,41,41,41,0],"gold":200,"neow_bonus":"THREE_CARDS","is_prod":false,"is_daily":false,"chose_seed":false,"campfire_upgraded":4,"win_rate":0.0,"timestamp":1556919879,"path_taken":["M","M","M","M","?","R","M","R","T","?","M","R","M","?","R","BOSS"],"build_version":"2019-01-23","purchased_purges":0,"victory":false,"max_hp_per_floor":[75,75,75,75,75,75,75,75,75,75,75,75,75,75,75,75],"card_choices":[{"not_picked":["Cold Snap","Stack"],"picked":"Hologram","floor":0.0},{"not_picked":["Streamline","Barrage"],"picked":"Fusion","floor":1.0},{"not_picked":["Stack","Streamline"],"picked":"Conserve Battery","floor":2.0},{"not_picked":["Gash","Turbo"],"picked":"Buffer","floor":3.0},{"not_picked":["Rebound","Sweeping Beam"],"picked":"Defragment","floor":4.0},{"not_picked":["Static Discharge","Glacier"],"picked":"Conserve Battery","floor":7.0},{"not_picked":["Beam Cell","Steam Power","Gash"],"picked":"SKIP","floor":11.0},{"not_picked":["Conserve Battery","Streamline"],"picked":"Skim","floor":13},{"not_picked":["Turbo","Stack","Sweeping Beam"],"picked":"SKIP","floor":14}],"player_experience":154159,"relics_obtained":[{"floor":9.0,"key":"Meat on the Bone"}],"event_choices":[{"cards_removed":["Strike_B"],"damage_healed":0.0,"max_hp_gain":0.0,"max_hp_loss":0.0,"gold_gain":0.0,"event_name":"Golden Wing","player_choice":"Card Removal","floor":5.0,"gold_loss":0.0,"damage_taken":7.0},{"damage_healed":0.0,"max_hp_gain":0.0,"max_hp_loss":0.0,"gold_gain":0.0,"event_name":"The Woman in Blue","player_choice":"Bought 1 Potion","floor":10.0,"gold_loss":0.0,"damage_taken":0.0}],"is_beta":false,"boss_relics":[],"items_purged_floors":[],"is_endless":false,"potions_floor_spawned":[1,2,13,14],"killed_by":"Slime Boss","ascension_level":0}