{"gold_per_floor":[119,119,133,133,143,143,174,174,174,30,30,40,65,85,85,185,185,198,213,138,138,152,152,166,166,192,203,203],"floor_reached":28,"playtime":2339,"items_purged":[],"score":255,"play_id":"96138831-475e-4b30-b68a-484441e7f5e7","local_time":"20181208160424","is_ascension_mode":false,"campfire_choices":[{"data":"Leg Sweep","floor":6,"key":"SMITH"},{"floor":8,"key":"REST"},{"floor":11,"key":"REST"},{"floor":15,"key":"REST"},{"floor":23,"key":"REST"}],"neow_cost":"NONE","seed_source_timestamp":321817244091588,"circlet_count":0,"master_deck":["Defend_G","Defend_G","Defend_G","Defend_G","Defend_G","Strike_G","Strike_G","Strike_G","Strike_G","Strike_G","Survivor","Neutralize","Deflect","Leg Sweep+1","Regret","Masterful Stab","Crippling Poison","Flying Knee","Terror","Dash+1","Burst","Caltrops+1","Deadly Poison","Outmaneuver","Flechettes+1","Bane+1"],"relics":["Ring of the Snake","Centennial Puzzle","WarpedTongs","Pear","Mango","Pantograph","Molten Egg 2","Eternal Feather","Nloth\u0027s Gift","Pen Nib"],"potions_floor_usage":[7,13,24,28],"damage_taken":[{"damage":0,"enemies":"Jaw Worm","floor":1,"turns":7},{"damage":2,"enemies":"Cultist","floor":3,"turns":5},{"damage":4,"enemies":"2 Louse","floor":5,"turns":2},{"damage":47,"enemies":"Gremlin Nob","floor":7,"turns":8},{"damage":8,"enemies":"2 Fungi Beasts","floor":12,"turns":5},{"damage":26,"enemies":"3 Sentries","floor":13,"turns":11},{"damage":12,"enemies":"Gremlin Gang","floor":14,"turns":4},{"damage":62,"enemies":"Hexaghost","floor":16,"turns":15},{"damage":22,"enemies":"Shell Parasite","floor":18,"turns":8},{"damage":16,"enemies":"Chosen","floor":19,"turns":5},{"damage":17,"enemies":"Centurion and Healer","floor":22,"turns":8},{"damage":34,"enemies":"Cultist and Chosen","floor":24,"turns":10},{"damage":5,"enemies":"Snecko","floor":27,"turns":6},{"damage":45,"enemies":"Gremlin Leader","floor":28,"turns":5}],"seed_played":"-3366715771589087274","potions_obtained":[{"floor":1,"key":"Dexterity Potion"},{"floor":7,"key":"Explosive Potion"},{"floor":14,"key":"GhostInAJar"},{"floor":18,"key":"Ancient Potion"},{"floor":24,"key":"Poison Potion"}],"is_trial":false,"path_per_floor":["M","?","M","?","M","R","E","R","T","$","R","M","E","M","R","B",null,"M","M","?","?","M","R","M","?","T","M","E"],"character_chosen":"THE_SILENT","items_purchased":["Orichalcum"],"campfire_rested":4,"item_purchase_floors":[10],"current_hp_per_floor":[70,70,68,78,74,74,41,69,69,69,94,86,60,48,76,32,94,72,56,56,56,39,79,45,45,45,40,0],"gold":203,"neow_bonus":"RANDOM_COMMON_RELIC","is_prod":false,"is_daily":false,"chose_seed":false,"campfire_upgraded":1,"win_rate":0.0,"timestamp":1544313864,"path_taken":["M","?","?","?","M","R","E","R","T","$","R","M","E","M","R","BOSS","M","M","?","?","?","R","M","?","T","M","E"],"build_version":"2018-12-06","purchased_purges":0,"victory":false,"max_hp_per_floor":[70,70,70,80,80,80,94,94,94,94,94,94,94,94,94,94,94,94,94,94,94,94,94,94,94,94,94,94],"card_choices":[{"not_picked":["Well Laid Plans","Sucker Punch"],"picked":"Deflect","floor":1},{"not_picked":["Sucker Punch","Well Laid Plans"],"picked":"Leg Sweep","floor":3},{"not_picked":["Quick Slash","Reflex"],"picked":"Masterful Stab","floor":5},{"not_picked":["Sucker Punch","Leg Sweep"],"picked":"Crippling Poison","floor":7},{"not_picked":["Backflip","Deflect"],"picked":"Flying Knee","floor":12},{"not_picked":["Grand Finale","Well Laid Plans"],"picked":"Terror","floor":13},{"not_picked":["Concentrate","Backflip"],"picked":"Dash+1","floor":14},{"not_picked":["Glass Knife+1","Bullet Time"],"picked":"Burst","floor":16},{"not_picked":["Blade Dance","Underhanded Strike+1"],"picked":"Caltrops+1","floor":18},{"not_picked":["Eviscerate+1","Dagger Throw+1"],"picked":"Deadly Poison","floor":19},{"not_picked":["Underhanded Strike+1","Setup"],"picked":"Outmaneuver","floor":22},{"not_picked":["Deflect+1","Backflip"],"picked":"Flechettes+1","floor":24},{"not_picked":["Outmaneuver+1","Dodge and Roll+1"],"picked":"Bane+1","floor":27}],"player_experience":178135,"relics_obtained":[{"floor":7,"key":"Mango"},{"floor":9,"key":"Pantograph"},{"floor":13,"key":"Molten Egg 2"},{"floor":26,"key":"Pen Nib"}],"event_choices":[{"damage_healed":0,"gold_gain":0,"player_choice":"Rummage","damage_taken":0,"relics_obtained":["WarpedTongs"],"max_hp_gain":0,"max_hp_loss":0,"event_name":"Accursed Blacksmith","floor":2,"gold_loss":0,"cards_obtained":["Pain"]},{"damage_healed":0,"gold_gain":0,"player_choice":"Box","damage_taken":0,"relics_obtained":["Pear"],"max_hp_gain":0,"max_hp_loss":0,"event_name":"Big Fish","floor":4,"gold_loss":0,"cards_obtained":["Regret"]},{"cards_removed":["Pain"],"damage_healed":0,"gold_gain":0,"player_choice":"Gave Gold","damage_taken":0,"max_hp_gain":0,"max_hp_loss":0,"event_name":"Beggar","floor":20,"gold_loss":75},{"damage_healed":0,"gold_gain":0,"player_choice":"Traded Relic","damage_taken":0,"relics_obtained":["Nloth\u0027s Gift"],"max_hp_gain":0,"max_hp_loss":0,"event_name":"N\u0027loth","floor":21,"relics_lost":["Orichalcum"],"gold_loss":0},{"damage_healed":0,"gold_gain":0,"player_choice":"Ignored","damage_taken":0,"max_hp_gain":0,"max_hp_loss":0,"event_name":"Vampires","floor":25,"gold_loss":0}],"is_beta":false,"boss_relics":[{"not_picked":["Orrery","Velvet Choker"],"picked":"Eternal Feather"}],"items_purged_floors":[],"is_endless":false,"potions_floor_spawned":[1,7,14,18,24],"killed_by":"Gremlin Leader","ascension_level":0}