{"gold_per_floor":[116,291,366,377,25,58,68,68,120,120,134,134,166,189,201,318,330,355,349,380,491,503],"floor_reached":22,"playtime":643,"items_purged":["Doubt"],"score":254,"play_id":"fe3e8f98-6976-4f58-9390-beb3fd6f9d6e","local_time":"20190412202137","is_ascension_mode":true,"campfire_choices":[{"data":"Darkness","floor":10,"key":"SMITH"},{"floor":12,"key":"REST"},{"floor":15,"key":"REST"}],"neow_cost":"NONE","seed_source_timestamp":266317908387821,"circlet_count":0,"master_deck":["Strike_B","Strike_B","Strike_B","Strike_B","Defend_B","Defend_B","Defend_B","Defend_B","Zap","Dualcast","Self Repair","Doom and Gloom","Lockon","Hologram+1","Darkness+1","Consume","Ball Lightning","Darkness","Echo Form","Melter","Rebound","Cold Snap+1"],"relics":["Cracked Core","NeowsBlessing","Sundial","Strawberry","MawBank","Nuclear Battery"],"potions_floor_usage":[11,13,18],"damage_taken":[{"damage":0,"enemies":"Small Slimes","floor":1,"turns":1},{"damage":0,"enemies":"2 Louse","floor":4,"turns":1},{"damage":0,"enemies":"Gremlin Nob","floor":6,"turns":1},{"damage":12,"enemies":"Jaw Worm","floor":7,"turns":2},{"damage":14,"enemies":"3 Louse","floor":11,"turns":2},{"damage":40,"enemies":"Lagavulin","floor":13,"turns":4},{"damage":9,"enemies":"Red Slaver","floor":14,"turns":4},{"damage":35,"enemies":"Hexaghost","floor":16,"turns":7},{"damage":2,"enemies":"Chosen","floor":18,"turns":3},{"damage":47,"enemies":"2 Thieves","floor":19,"turns":4},{"damage":23,"enemies":"3 Cultists","floor":20,"turns":4},{"damage":42,"enemies":"Snecko","floor":22,"turns":4}],"seed_played":"-2297059674137174394","potions_obtained":[{"floor":7,"key":"SkillPotion"},{"floor":11,"key":"SkillPotion"},{"floor":16,"key":"Fire Potion"}],"is_trial":false,"path_per_floor":["M","?","?","M","$","E","M","?","T","R","M","R","E","M","R","B",null,"M","M","M","?","M"],"character_chosen":"DEFECT","items_purchased":["Sundial","Lockon"],"campfire_rested":2,"item_purchase_floors":[5,5],"current_hp_per_floor":[75,75,64,71,71,78,73,73,73,73,66,82,49,47,71,36,82,82,42,26,26,0],"gold":503,"neow_bonus":"THREE_ENEMY_KILL","is_prod":false,"is_daily":false,"chose_seed":false,"campfire_upgraded":1,"win_rate":0,"timestamp":1555125697,"path_taken":["M","?","?","M","?","E","M","?","T","R","M","R","E","?","R","BOSS","M","M","M","?","M"],"build_version":"2019-01-23","purchased_purges":1,"victory":false,"max_hp_per_floor":[75,75,75,75,75,82,82,82,82,82,82,82,82,82,82,82,82,82,82,82,82,82],"card_choices":[{"not_picked":["Streamline","Conserve Battery"],"picked":"Self Repair","floor":1},{"not_picked":["Go for the Eyes","Stack"],"picked":"Doom and Gloom","floor":4},{"not_picked":["Streamline","Reinforced Body"],"picked":"Hologram","floor":6},{"not_picked":["Streamline","Steam Power"],"picked":"Darkness","floor":7},{"not_picked":["Compile Driver","Aggregate"],"picked":"Consume","floor":11},{"not_picked":["Gash","Fission"],"picked":"Ball Lightning","floor":13},{"not_picked":["Beam Cell","Lockon"],"picked":"Darkness","floor":14},{"not_picked":["Rainbow","Reboot"],"picked":"Echo Form","floor":16},{"not_picked":["Streamline","Self Repair"],"picked":"Melter","floor":18},{"not_picked":["Streamline","Blizzard"],"picked":"Rebound","floor":19},{"not_picked":["Leap","Go for the Eyes"],"picked":"Cold Snap+1","floor":20}],"player_experience":420645,"relics_obtained":[{"floor":6,"key":"Strawberry"},{"floor":13,"key":"MawBank"}],"event_choices":[{"damage_healed":0,"gold_gain":175,"player_choice":"AGREE","damage_taken":0,"max_hp_gain":0,"max_hp_loss":0,"event_name":"Liars Game","floor":2,"gold_loss":0,"cards_obtained":["Doubt"]},{"damage_healed":0,"gold_gain":75,"player_choice":"Gather Gold","damage_taken":11,"max_hp_gain":0,"max_hp_loss":0,"event_name":"World of Goop","floor":3,"gold_loss":0},{"damage_healed":0,"gold_gain":0,"player_choice":"Forge","damage_taken":0,"max_hp_gain":0,"max_hp_loss":0,"event_name":"Accursed Blacksmith","floor":8,"gold_loss":0,"cards_upgraded":["Hologram"]},{"damage_healed":0,"gold_gain":99,"player_choice":"Stole From Cult","damage_taken":0,"max_hp_gain":0,"max_hp_loss":0,"event_name":"Nest","floor":21,"gold_loss":0}],"is_beta":false,"boss_relics":[{"not_picked":["Pandora\u0027s Box","Coffee Dripper"],"picked":"Nuclear Battery"}],"items_purged_floors":[5],"is_endless":false,"potions_floor_spawned":[7,11,16],"killed_by":"Snecko","ascension_level":3}