{"gold_per_floor":[109,109,126,142,160,193,193,205,251,251,262,262,262,276,276,377,377,362,362,373,384,33,33,66,66,66,81,81,96,96,107,107,202,202,212,39,39,50,50,50,50,64,64,76,76,94,25,25,25,25],"floor_reached":50,"playtime":3305,"items_purged":[],"score":493,"play_id":"2d918752-220c-4270-9b1e-2f69e0297622","local_time":"20181217170643","is_ascension_mode":false,"campfire_choices":[{"floor":7,"key":"REST"},{"floor":10,"key":"RECALL"},{"floor":12,"key":"REST"},{"data":"Accuracy","floor":15,"key":"SMITH"},{"floor":23,"key":"REST"},{"floor":25,"key":"REST"},{"floor":32,"key":"REST"},{"floor":40,"key":"REST"},{"floor":45,"key":"REST"},{"floor":49,"key":"REST"}],"neow_cost":"NONE","seed_source_timestamp":122170448390117,"circlet_count":0,"master_deck":["Defend_G","Defend_G","Defend_G","Defend_G","Strike_G","Strike_G","Strike_G","Survivor","Neutralize","Cloak And Dagger","Phantasmal Killer","Flying Knee","Backstab","Dash","Infinite Blades+1","Setup","Blade Dance","Accuracy+1","A Thousand Cuts","Noxious Fumes+1","Slice","Well Laid Plans","A Thousand Cuts","Cloak And Dagger+1","Dagger Spray","Backstab","Storm of Steel","Flying Knee+1","Quick Slash+1","Dash+1","Skewer+1","Deflect","Bouncing Flask","The Bomb","Metamorphosis","Trip","Madness","Madness","Acrobatics+1","Bane","Acrobatics+1","Endless Agony"],"relics":["Ring of the Snake","Ancient Tea Set","Anchor","Fusion Hammer","Regal Pillow","TheAbacus","Shuriken","Bottled Tornado","Astrolabe","Bag of Marbles","Bag of Preparation"],"potions_floor_usage":[16,16,21,27,29,30,33,50,50],"damage_taken":[{"damage":2,"enemies":"Small Slimes","floor":1,"turns":5},{"damage":0,"enemies":"Cultist","floor":3,"turns":3},{"damage":0,"enemies":"2 Louse","floor":4,"turns":4},{"damage":0,"enemies":"Lots of Slimes","floor":5,"turns":5},{"damage":42,"enemies":"3 Sentries","floor":6,"turns":15},{"damage":4,"enemies":"Looter","floor":8,"turns":3},{"damage":0,"enemies":"Red Slaver","floor":11,"turns":3},{"damage":2,"enemies":"Large Slime","floor":14,"turns":5},{"damage":16,"enemies":"Slime Boss","floor":16,"turns":5},{"damage":4,"enemies":"2 Thieves","floor":18,"turns":4},{"damage":10,"enemies":"Shell Parasite","floor":20,"turns":5},{"damage":22,"enemies":"Shelled Parasite and Fungi","floor":21,"turns":6},{"damage":64,"enemies":"Gremlin Leader","floor":24,"turns":7},{"damage":9,"enemies":"Snecko","floor":27,"turns":5},{"damage":21,"enemies":"Snake Plant","floor":29,"turns":4},{"damage":0,"enemies":"Centurion and Healer","floor":30,"turns":1},{"damage":5,"enemies":"3 Cultists","floor":31,"turns":3},{"damage":23,"enemies":"Collector","floor":33,"turns":6},{"damage":0,"enemies":"3 Shapes","floor":35,"turns":3},{"damage":5,"enemies":"Orb Walker","floor":38,"turns":2},{"damage":14,"enemies":"Spire Growth","floor":42,"turns":4},{"damage":22,"enemies":"3 Darklings","floor":44,"turns":4},{"damage":26,"enemies":"Jaw Worm Horde","floor":46,"turns":3},{"damage":83,"enemies":"Time Eater","floor":50,"turns":5}],"seed_played":"-7296307830840878802","potions_obtained":[{"floor":4,"key":"SkillPotion"},{"floor":5,"key":"Block Potion"},{"floor":8,"key":"Strength Potion"},{"floor":20,"key":"SmokeBomb"},{"floor":21,"key":"Swift Potion"},{"floor":24,"key":"Block Potion"},{"floor":27,"key":"LiquidBronze"},{"floor":38,"key":"Swift Potion"},{"floor":42,"key":"GamblersBrew"},{"floor":46,"key":"Regen Potion"}],"is_trial":false,"path_per_floor":["M","?","M","M","M","E","R","M","T","R","M","R","?","M","R","B",null,"M","?","M","M","$","R","E","R","T","M","?","M","M","M","R","B",null,"M","$","?","M","?","R","?","M","T","M","R","M","$","?","R","B"],"character_chosen":"THE_SILENT","items_purchased":["Regal Pillow","TheAbacus","Bag of Marbles","Deflect","Endless Agony"],"campfire_rested":8,"item_purchase_floors":[22,22,36,36,47],"current_hp_per_floor":[68,68,68,68,68,26,47,43,43,43,43,64,64,62,62,46,70,66,70,60,38,38,70,6,42,42,33,33,12,12,7,43,20,70,70,70,70,65,55,70,61,47,47,25,61,35,35,61,61,0],"gold":25,"neow_bonus":"RANDOM_COMMON_RELIC","is_prod":false,"is_daily":false,"chose_seed":false,"campfire_upgraded":1,"win_rate":0,"timestamp":1545095203,"path_taken":["M","?","?","M","M","E","R","M","T","R","M","R","?","?","R","BOSS","M","?","M","?","$","R","E","R","T","M","?","M","M","M","R","BOSS","M","$","?","?","?","R","?","M","T","M","R","M","$","?","R","BOSS"],"build_version":"2018-12-13","purchased_purges":0,"victory":false,"max_hp_per_floor":[70,70,70,70,70,70,70,70,70,70,70,70,70,70,70,70,70,70,70,70,70,70,70,70,70,70,70,70,70,70,70,70,70,70,70,70,70,70,70,70,70,70,70,70,70,70,70,61,61,61],"card_choices":[{"not_picked":["Deadly Poison","Distraction"],"picked":"Cloak And Dagger","floor":1},{"not_picked":["Underhanded Strike","Flechettes"],"picked":"Flying Knee","floor":3},{"not_picked":["Expertise","Setup"],"picked":"Backstab","floor":4},{"not_picked":["Skewer","Heel Hook"],"picked":"Dash","floor":5},{"not_picked":["Tools of the Trade","Cloak And Dagger"],"picked":"Infinite Blades","floor":6},{"not_picked":["Footwork","Dagger Throw"],"picked":"Setup","floor":8},{"not_picked":["Caltrops","Deflect"],"picked":"Blade Dance","floor":11},{"not_picked":["Leg Sweep","Caltrops"],"picked":"Accuracy","floor":14},{"not_picked":["Phantasmal Killer","Night Terror"],"picked":"A Thousand Cuts","floor":16},{"not_picked":["Bane","Leg Sweep"],"picked":"Noxious Fumes+1","floor":18},{"not_picked":["Flying Knee","Bouncing Flask"],"picked":"Slice","floor":20},{"not_picked":["Slice","Quick Slash+1"],"picked":"Well Laid Plans","floor":21},{"not_picked":["Backflip","Prepared"],"picked":"A Thousand Cuts","floor":24},{"not_picked":["Slice","Bouncing Flask"],"picked":"Cloak And Dagger+1","floor":27},{"not_picked":["Eviscerate","Acrobatics"],"picked":"Dagger Spray","floor":29},{"not_picked":["Backflip+1","Deflect"],"picked":"Backstab","floor":31},{"not_picked":["After Image","Tools of the Trade"],"picked":"Storm of Steel","floor":33},{"not_picked":["Dagger Spray","Outmaneuver+1"],"picked":"Skewer+1","floor":35},{"not_picked":["Flying Knee","PiercingWail+1"],"picked":"Bouncing Flask","floor":38},{"not_picked":["Secret Technique","Panacea"],"picked":"The Bomb","floor":39},{"not_picked":["Blind","Finesse"],"picked":"Metamorphosis","floor":39},{"not_picked":["The Bomb","Magnetism"],"picked":"Trip","floor":39},{"not_picked":["Tactician","Quick Slash+1"],"picked":"Acrobatics+1","floor":42},{"not_picked":["Deadly Poison+1","Acrobatics"],"picked":"Bane","floor":44},{"not_picked":["Bane+1","Flechettes"],"picked":"Acrobatics+1","floor":46}],"player_experience":285449,"relics_obtained":[{"floor":6,"key":"Anchor"},{"floor":24,"key":"Shuriken"},{"floor":26,"key":"Bottled Tornado"},{"floor":43,"key":"Bag of Preparation"}],"event_choices":[{"damage_healed":0,"gold_gain":0,"player_choice":"2 cards matched","damage_taken":0,"max_hp_gain":0,"max_hp_loss":0,"event_name":"Match and Keep!","floor":2,"gold_loss":0,"cards_obtained":["Phantasmal Killer","Expertise"]},{"damage_healed":0,"gold_gain":0,"cards_transformed":["Expertise"],"player_choice":"Transformed","damage_taken":0,"max_hp_gain":0,"max_hp_loss":0,"event_name":"Transmorgrifier","floor":13,"gold_loss":0,"cards_obtained":["Riddle With Holes"]},{"cards_removed":["Riddle With Holes"],"damage_healed":4,"gold_gain":0,"player_choice":"Offered Uncommon","damage_taken":0,"max_hp_gain":0,"max_hp_loss":0,"event_name":"Bonfire Elementals","floor":19,"gold_loss":0},{"damage_healed":0,"gold_gain":0,"player_choice":"Ignored","damage_taken":0,"max_hp_gain":0,"max_hp_loss":0,"event_name":"Beggar","floor":28,"gold_loss":0},{"damage_healed":0,"gold_gain":0,"player_choice":"Upgraded","damage_taken":0,"max_hp_gain":0,"max_hp_loss":0,"event_name":"Upgrade Shrine","floor":37,"gold_loss":0,"cards_upgraded":["Infinite Blades"]},{"damage_healed":0,"gold_gain":0,"player_choice":"Memory 3","damage_taken":10,"max_hp_gain":0,"max_hp_loss":0,"event_name":"SensoryStone","floor":39,"gold_loss":0},{"damage_healed":0,"gold_gain":0,"player_choice":"Embrace Madness","damage_taken":9,"max_hp_gain":0,"max_hp_loss":0,"event_name":"Winding Halls","floor":41,"gold_loss":0,"cards_obtained":["Madness","Madness"]},{"damage_healed":61,"gold_gain":0,"player_choice":"Heal","damage_taken":0,"max_hp_gain":0,"max_hp_loss":9,"event_name":"The Moai Head","floor":48,"gold_loss":0}],"is_beta":false,"boss_relics":[{"not_picked":["Philosopher\u0027s Stone","Black Star"],"picked":"Fusion Hammer"},{"not_picked":["Velvet Choker","HoveringKite"],"picked":"Astrolabe"}],"items_purged_floors":[],"is_endless":false,"potions_floor_spawned":[4,5,8,14,20,21,24,27,38,42,46],"killed_by":"Time Eater","ascension_level":0}