{"gold_per_floor":[114,124,4,104,115,142,8,8,8,25,48,48,0,15,15,120,120,120],"floor_reached":18,"playtime":590,"items_purged":["Defend_G","Strike_G"],"score":160,"play_id":"2c961b83-f483-45c4-8435-e3a8fb1fdb01","local_time":"20181104225728","is_ascension_mode":false,"campfire_choices":[{"floor":8.0,"key":"REST"},{"floor":15.0,"key":"REST"}],"neow_cost":"NONE","seed_source_timestamp":0,"circlet_count":0,"master_deck":["Defend_G","Defend_G","Defend_G","Defend_G","Strike_G","Strike_G","Strike_G","Strike_G","Survivor","Neutralize","Deadly Poison","Poisoned Stab","Flying Knee+1","Poisoned Stab","Slice","Bouncing Flask","Dash","Bane"],"special_seed":0,"relics":["Ring of the Snake","Dodecahedron","Pen Nib","Juzu Bracelet","HoveringKite"],"potions_floor_usage":[],"damage_taken":[{"damage":0.0,"enemies":"Cultist","floor":1.0,"turns":6.0},{"damage":5.0,"enemies":"Jaw Worm","floor":2.0,"turns":4.0},{"damage":5.0,"enemies":"Small Slimes","floor":5.0,"turns":3.0},{"damage":20.0,"enemies":"Gremlin Nob","floor":6.0,"turns":4.0},{"damage":12.0,"enemies":"Exordium Wildlife","floor":10.0,"turns":3.0},{"damage":10.0,"enemies":"Looter","floor":14.0,"turns":2.0},{"damage":43.0,"enemies":"Slime Boss","floor":16.0,"turns":10.0},{"damage":0,"enemies":"Chosen","floor":18,"turns":1}],"seed_played":"7183963919952541020","potions_obtained":[{"floor":5.0,"key":"Regen Potion"},{"floor":6.0,"key":"LiquidBronze"}],"is_trial":false,"path_per_floor":["M","M","$","?","M","E","$","R","T","M","T","?","$","M","R","B",null,"M"],"character_chosen":"THE_SILENT","items_purchased":["Flying Knee","Bouncing Flask","Bane"],"campfire_rested":2,"item_purchase_floors":[3,7,13],"current_hp_per_floor":[77,72,72,72,67,47,47,70,70,58,58,58,58,48,71,28,77,77],"gold":120,"neow_bonus":"TEN_PERCENT_HP_BONUS","is_prod":false,"is_daily":false,"chose_seed":false,"campfire_upgraded":0,"win_rate":0.0,"timestamp":1541401048,"path_taken":["M","M","$","?","M","E","$","R","T","?","?","?","$","M","R","BOSS","M"],"build_version":"2018-11-01","purchased_purges":2,"victory":false,"max_hp_per_floor":[77,77,77,77,77,77,77,77,77,77,77,77,77,77,77,77,77,77],"card_choices":[{"not_picked":["Skewer","Dagger Throw"],"picked":"Deadly Poison","floor":1.0},{"not_picked":["PiercingWail","Acrobatics"],"picked":"Poisoned Stab","floor":2.0},{"not_picked":["Finisher","Dagger Throw"],"picked":"Poisoned Stab","floor":5.0},{"not_picked":["Underhanded Strike","Flying Knee"],"picked":"Slice","floor":6.0},{"not_picked":["Night Terror","Flechettes"],"picked":"Dash","floor":10.0},{"not_picked":["Dodge and Roll","Blur","Bane"],"picked":"SKIP","floor":14.0}],"player_experience":83628,"relics_obtained":[{"floor":6.0,"key":"Dodecahedron"},{"floor":9.0,"key":"Pen Nib"},{"floor":11.0,"key":"Juzu Bracelet"}],"event_choices":[{"damage_healed":0.0,"max_hp_gain":0.0,"max_hp_loss":0.0,"gold_gain":100.0,"event_name":"Golden Shrine","player_choice":"Pray","floor":4.0,"gold_loss":0.0,"damage_taken":0.0},{"damage_healed":0.0,"max_hp_gain":0.0,"max_hp_loss":0.0,"gold_gain":0.0,"event_name":"Accursed Blacksmith","player_choice":"Forge","floor":12.0,"gold_loss":0.0,"damage_taken":0.0,"cards_upgraded":["Flying Knee"]}],"is_beta":false,"boss_relics":[{"not_picked":["Philosopher\u0027s Stone","Velvet Choker"],"picked":"HoveringKite"}],"items_purged_floors":[3,7],"is_endless":false,"potions_floor_spawned":[5,6],"killed_by":"Chosen","ascension_level":0}