{"gold_per_floor":[111,130,145,164,181,181,209,209,278,311,16,45,45,45],"floor_reached":14,"playtime":1083,"items_purged":[],"score":220,"play_id":"70a3795d-377d-45fb-904c-a8ad91111029","local_time":"20190504125832","is_ascension_mode":true,"campfire_choices":[{"data":"Caltrops","floor":6.0,"key":"SMITH"},{"floor":8.0,"key":"REST"}],"neow_cost":"NONE","seed_source_timestamp":230147718276907,"circlet_count":0,"master_deck":["AscendersBane","Defend_G","Defend_G","Defend_G","Defend_G","Defend_G","Strike_G","Strike_G","Strike_G","Strike_G","Strike_G","Survivor","Neutralize","Dagger Throw","Backstab","Blur","Caltrops+1","Dodge and Roll","Footwork","Deflect"],"special_seed":0,"relics":["Ring of the Snake","Unceasing Top","Bottled Lightning","Ginger","Bronze Scales","Regal Pillow"],"potions_floor_usage":[],"damage_taken":[{"damage":0.0,"enemies":"Cultist","floor":1.0,"turns":4.0},{"damage":12.0,"enemies":"Jaw Worm","floor":2.0,"turns":5.0},{"damage":3.0,"enemies":"2 Louse","floor":3.0,"turns":3.0},{"damage":0.0,"enemies":"Lots of Slimes","floor":4.0,"turns":1.0},{"damage":0.0,"enemies":"Looter","floor":5.0,"turns":3.0},{"damage":29.0,"enemies":"3 Sentries","floor":7.0,"turns":11.0},{"damage":31.0,"enemies":"Lagavulin","floor":10.0,"turns":8.0},{"damage":7.0,"enemies":"Gremlin Nob","floor":12.0,"turns":4.0},{"damage":6,"enemies":"Gremlin Gang","floor":14,"turns":3}],"seed_played":"1725405147959348736","potions_obtained":[{"floor":3.0,"key":"AttackPotion"},{"floor":7.0,"key":"Poison Potion"},{"floor":10.0,"key":"AttackPotion"}],"is_trial":false,"path_per_floor":["M","M","M","M","M","R","E","R","T","E","$","E","?","M"],"character_chosen":"THE_SILENT","items_purchased":["Footwork","Bronze Scales","Dexterity Potion"],"campfire_rested":1,"item_purchase_floors":[11,11,11],"current_hp_per_floor":[65,53,50,50,50,50,21,42,42,11,11,4,4,0],"gold":45,"neow_bonus":"TEN_PERCENT_HP_BONUS","is_prod":false,"is_daily":false,"chose_seed":false,"campfire_upgraded":1,"win_rate":0,"timestamp":1556967512,"path_taken":["M","?","M","M","M","R","E","R","T","E","$","E","?","M"],"build_version":"2019-01-23","purchased_purges":0,"victory":false,"max_hp_per_floor":[72,72,72,72,72,72,72,72,72,72,72,72,72,72],"card_choices":[{"not_picked":["Outmaneuver","Flying Knee"],"picked":"Dagger Throw","floor":1.0},{"not_picked":["Quick Slash","Bane"],"picked":"Backstab","floor":2.0},{"not_picked":["Tactician","Endless Agony"],"picked":"Blur","floor":3.0},{"not_picked":["Concentrate","Infinite Blades","Underhanded Strike"],"picked":"SKIP","floor":4.0},{"not_picked":["Crippling Poison","Backflip"],"picked":"Caltrops","floor":5.0},{"not_picked":["Heel Hook","Envenom"],"picked":"Dodge and Roll","floor":7.0},{"not_picked":["Underhanded Strike","Dodge and Roll","Dagger Spray"],"picked":"SKIP","floor":10.0},{"not_picked":["Underhanded Strike","Dodge and Roll","Dagger Spray"],"picked":"SKIP","floor":10.0},{"not_picked":["Underhanded Strike","Dodge and Roll","Dagger Spray"],"picked":"SKIP","floor":10.0},{"not_picked":["Cloak And Dagger","Bullet Time"],"picked":"Deflect","floor":12.0}],"player_experience":1988247,"relics_obtained":[{"floor":7.0,"key":"Unceasing Top"},{"floor":9.0,"key":"Bottled Lightning"},{"floor":10.0,"key":"Ginger"},{"floor":12.0,"key":"Regal Pillow"}],"event_choices":[{"damage_healed":0.0,"max_hp_gain":0.0,"max_hp_loss":0.0,"gold_gain":0.0,"event_name":"Scrap Ooze","player_choice":"Fled","floor":13.0,"gold_loss":0.0,"damage_taken":0.0}],"is_beta":false,"boss_relics":[],"items_purged_floors":[],"is_endless":false,"potions_floor_spawned":[3,7,10],"killed_by":"Gremlin Gang","ascension_level":20}