{"gold_per_floor":[116,81,6,24,34,34,53,53,78,58,58,89,0,17,17,116,116,128,128,51,70,22,41,41,54,54,54,3,13,13,27,27,27],"floor_reached":33,"playtime":1778,"items_purged":[],"score":247,"play_id":"9d7e15fe-a15f-4550-932e-b67ea27f7306","local_time":"20180817085500","is_ascension_mode":false,"campfire_choices":[{"data":"Flame Barrier","floor":6,"key":"SMITH"},{"data":"Anger","floor":11,"key":"SMITH"},{"data":"Clash","floor":15,"key":"SMITH"},{"floor":24,"key":"REST"},{"floor":30,"key":"REST"},{"floor":32,"key":"REST"}],"neow_cost":"","seed_source_timestamp":245755104303722,"circlet_count":0,"master_deck":["Strike_R+1","Strike_R+1","Strike_R+1","Strike_R+1","Strike_R+1","Defend_R+1","Defend_R+1","Defend_R+1","Defend_R+1","Bash","Clothesline","Warcry","Armaments","Anger","Flame Barrier+1","Anger+1","Rupture","Inflame","Clash+1","Impervious","Pommel Strike","J.A.X.","Thunderclap","Sword Boomerang","Entrench","Shrug It Off","Bludgeon","Sever Soul"],"relics":["Burning Blood","Juzu Bracelet","Orichalcum","Runic Cube","Vajra"],"potions_floor_usage":[16,16,16,25],"damage_taken":[{"damage":13,"enemies":"2 Louse","floor":1,"turns":4},{"damage":9,"enemies":"Small Slimes","floor":4,"turns":4},{"damage":1,"enemies":"Jaw Worm","floor":5,"turns":3},{"damage":1,"enemies":"2 Fungi Beasts","floor":7,"turns":4},{"damage":12,"enemies":"Gremlin Nob","floor":12,"turns":4},{"damage":0,"enemies":"Looter","floor":14,"turns":3},{"damage":65,"enemies":"The Guardian","floor":16,"turns":11},{"damage":20,"enemies":"Shell Parasite","floor":18,"turns":6},{"damage":23,"enemies":"2 Thieves","floor":21,"turns":5},{"damage":39,"enemies":"Sentry and Sphere","floor":23,"turns":6},{"damage":23,"enemies":"Shelled Parasite and Fungi","floor":25,"turns":6},{"damage":8,"enemies":"Snake Plant","floor":29,"turns":4},{"damage":27,"enemies":"Centurion and Healer","floor":31,"turns":6},{"damage":65,"enemies":"Automaton","floor":33,"turns":8}],"seed_played":"4983906681896999911","potions_obtained":[{"floor":7,"key":"Swift Potion"},{"floor":10,"key":"Dexterity Potion"},{"floor":12,"key":"SkillPotion"},{"floor":18,"key":"BloodPotion"},{"floor":29,"key":"Strength Potion"},{"floor":31,"key":"Dexterity Potion"}],"is_trial":false,"path_per_floor":["M","?","$","M","M","R","M","?","T","?","R","E","$","M","R","B",null,"M","?","?","M","$","M","R","M","T","?","$","M","R","M","R"],"character_chosen":"IRONCLAD","items_purchased":["Warcry","Armaments","Inflame","Energy Potion","Swift Potion","Shrug It Off"],"campfire_rested":3,"item_purchase_floors":[3,3,13,13,22,28],"current_hp_per_floor":[73,80,80,77,80,80,80,85,85,85,85,79,79,85,85,26,85,71,71,71,54,54,21,46,37,37,37,37,35,60,39,64,0],"gold":27,"neow_bonus":"","is_prod":false,"is_daily":false,"chose_seed":false,"campfire_upgraded":3,"win_rate":0.0,"timestamp":1534521300,"path_taken":["M","?","?","M","M","R","M","?","T","?","R","E","?","M","R","BOSS","M","?","?","M","$","M","R","M","T","?","$","M","R","M","R","BOSS"],"build_version":"2018-08-16","purchased_purges":0,"victory":false,"max_hp_per_floor":[80,80,80,80,80,80,80,85,85,85,85,85,85,85,85,85,85,85,85,85,85,85,85,85,85,85,85,85,85,85,85,85,85],"card_choices":[{"not_picked":["Iron Wave","Flame Barrier"],"picked":"Clothesline","floor":1},{"not_picked":["Clothesline","True Grit"],"picked":"Anger","floor":4},{"not_picked":["Shockwave","Uppercut"],"picked":"Flame Barrier","floor":5},{"not_picked":["Heavy Blade","Warcry"],"picked":"Anger","floor":7},{"not_picked":["Clash","Body Slam"],"picked":"Rupture","floor":12},{"not_picked":["Hemokinesis","Juggernaut"],"picked":"Clash","floor":14},{"not_picked":["Limit Break","Bludgeon"],"picked":"Impervious","floor":16},{"not_picked":["Armaments","Body Slam"],"picked":"Pommel Strike","floor":18},{"not_picked":["Disarm","Spot Weakness"],"picked":"Thunderclap","floor":21},{"not_picked":["Clash","Armaments"],"picked":"Sword Boomerang","floor":23},{"not_picked":["Pommel Strike","Clash+1"],"picked":"Entrench","floor":25},{"not_picked":["Rupture","Shockwave"],"picked":"Bludgeon","floor":29},{"not_picked":["True Grit","Entrench"],"picked":"Sever Soul","floor":31}],"player_experience":8423,"relics_obtained":[{"floor":9,"key":"Juzu Bracelet"},{"floor":12,"key":"Orichalcum"},{"floor":26,"key":"Vajra"}],"event_choices":[{"event_name":"The Cleric","player_choice":"Healed","floor":2,"damage_taken":0},{"event_name":"Big Fish","player_choice":"Donut","floor":8,"damage_taken":0},{"event_name":"The Woman in Blue","player_choice":"Bought 1 Potion","floor":10,"damage_taken":0},{"event_name":"Vampires","player_choice":"Ignored","floor":19,"damage_taken":0},{"event_name":"Drug Dealer","player_choice":"Got JAXXED","floor":20,"damage_taken":0},{"event_name":"Back to Basics","player_choice":"Simplicity","floor":27,"damage_taken":0}],"is_beta":false,"boss_relics":[{"not_picked":["Black Blood","Fusion Hammer"],"picked":"Runic Cube"}],"items_purged_floors":[],"is_endless":false,"potions_floor_spawned":[7,12,14,18,29,31],"killed_by":"Automaton","ascension_level":0}