{"gold_per_floor":[112,187,187,152,152,152,196,196,196,229,78,92,112,133,133,253,316,340,365,365,464,119,119,160,185,237,260,276,300,315,330,330,330],"floor_reached":33,"playtime":2047,"items_purged":[],"score":379,"play_id":"647d9507-c17a-4ca4-a602-42f2d4e4a4a1","local_time":"20181217185625","is_ascension_mode":false,"campfire_choices":[{"floor":6,"key":"RECALL"},{"data":"Thunderclap","floor":8,"key":"SMITH"},{"data":"Perfected Strike","floor":15,"key":"SMITH"},{"data":"Rampage","floor":23,"key":"SMITH"},{"data":"Bludgeon","floor":32,"key":"SMITH"}],"neow_cost":"NONE","seed_source_timestamp":130013998958495,"circlet_count":0,"master_deck":["Strike_R+1","Strike_R","Strike_R","Strike_R","Strike_R","Defend_R","Defend_R","Defend_R","Defend_R","Bash","Thunderclap+1","Infernal Blade+1","Shrug It Off+1","Metallicize+1","Flex+1","Iron Wave","Sword Boomerang","Blood for Blood","Perfected Strike+1","Reaper","Rage+1","Rampage+1","Blood for Blood+1","Flex+1","Heavy Blade","Clash","Flex+1","Pommel Strike+1","Shrug It Off+1","Clash","Bludgeon+1"],"relics":["Burning Blood","NeowsBlessing","Golden Idol","Toxic Egg 2","Meat on the Bone","Paper Frog","Frozen Egg 2","Tiny House","Gambling Chip","Bag of Marbles"],"potions_floor_usage":[24,24,33,33,33],"damage_taken":[{"damage":0,"enemies":"2 Louse","floor":1,"turns":1},{"damage":0,"enemies":"Lagavulin","floor":7,"turns":1},{"damage":0,"enemies":"3 Sentries","floor":10,"turns":1},{"damage":7,"enemies":"Jaw Worm","floor":12,"turns":4},{"damage":0,"enemies":"Cultist","floor":13,"turns":3},{"damage":2,"enemies":"2 Fungi Beasts","floor":14,"turns":3},{"damage":0,"enemies":"Slime Boss","floor":16,"turns":3},{"damage":13,"enemies":"Spheric Guardian","floor":18,"turns":4},{"damage":7,"enemies":"Shell Parasite","floor":19,"turns":5},{"damage":37,"enemies":"Slavers","floor":24,"turns":5},{"damage":25,"enemies":"3 Cultists","floor":25,"turns":5},{"damage":25,"enemies":"Snake Plant","floor":27,"turns":5},{"damage":13,"enemies":"Centurion and Healer","floor":28,"turns":7},{"damage":21,"enemies":"3 Cultists","floor":29,"turns":6},{"damage":0,"enemies":"Snake Plant","floor":30,"turns":2},{"damage":8,"enemies":"Centurion and Healer","floor":31,"turns":4},{"damage":80,"enemies":"Collector","floor":33,"turns":7}],"seed_played":"-2901342947852724526","potions_obtained":[{"floor":7,"key":"Dexterity Potion"},{"floor":13,"key":"SteroidPotion"},{"floor":16,"key":"Block Potion"},{"floor":19,"key":"AttackPotion"},{"floor":28,"key":"EssenceOfSteel"},{"floor":30,"key":"Explosive Potion"},{"floor":31,"key":"PowerPotion"}],"is_trial":false,"path_per_floor":["M","?","?","?","?","R","E","R","T","E","$","M","M","M","R","B",null,"M","M","?","?","$","R","E","M","T","M","M","M","M","M","R","B"],"character_chosen":"IRONCLAD","items_purchased":["Metallicize+1","Flex+1","Iron Wave","Gambling Chip","Flex+1"],"campfire_rested":0,"item_purchase_floors":[11,11,11,22,22],"current_hp_per_floor":[80,69,69,74,56,56,62,62,62,68,68,67,73,74,74,74,79,72,71,71,71,71,71,52,49,49,46,51,56,62,71,71,0],"gold":330,"neow_bonus":"THREE_ENEMY_KILL","is_prod":false,"is_daily":false,"chose_seed":false,"campfire_upgraded":4,"win_rate":0,"timestamp":1545101785,"path_taken":["M","?","?","?","?","R","E","R","T","E","$","M","M","M","R","BOSS","M","M","?","?","?","R","E","M","T","M","M","?","M","M","R","BOSS"],"build_version":"2018-12-13","purchased_purges":0,"victory":false,"max_hp_per_floor":[80,80,74,74,74,74,74,74,74,74,74,74,74,74,74,74,79,79,79,79,79,79,79,79,79,79,79,79,79,79,79,79,79],"card_choices":[{"not_picked":["Perfected Strike","Warcry"],"picked":"Thunderclap","floor":1},{"not_picked":["Thunderclap","Dark Embrace"],"picked":"Infernal Blade+1","floor":7},{"not_picked":["Blood for Blood","Body Slam"],"picked":"Shrug It Off+1","floor":10},{"not_picked":["True Grit+1","Clothesline"],"picked":"Sword Boomerang","floor":12},{"not_picked":["Wild Strike","Hemokinesis"],"picked":"Blood for Blood","floor":13},{"not_picked":["Sever Soul","Pummel"],"picked":"Perfected Strike","floor":14},{"not_picked":["Barricade+1","Brutality+1"],"picked":"Reaper","floor":16},{"not_picked":["Second Wind+1","Warcry+1"],"picked":"Rage+1","floor":17},{"not_picked":["Headbutt","Feel No Pain+1"],"picked":"Rampage","floor":18},{"not_picked":["Corruption+1","Thunderclap+1"],"picked":"Blood for Blood+1","floor":19},{"not_picked":["Spot Weakness+1","Feed"],"picked":"Heavy Blade","floor":24},{"not_picked":["Seeing Red+1","True Grit+1"],"picked":"Clash","floor":25},{"not_picked":["True Grit+1","Perfected Strike"],"picked":"Flex+1","floor":27},{"not_picked":["Heavy Blade","Searing Blow"],"picked":"Pommel Strike+1","floor":28},{"not_picked":["Ghostly Armor+1","Clothesline"],"picked":"Shrug It Off+1","floor":29},{"not_picked":["Blood for Blood","Dual Wield+1"],"picked":"Clash","floor":30},{"not_picked":["Flex+1","Flame Barrier+1"],"picked":"Bludgeon","floor":31}],"player_experience":292579,"relics_obtained":[{"floor":7,"key":"Meat on the Bone"},{"floor":9,"key":"Paper Frog"},{"floor":10,"key":"Frozen Egg 2"},{"floor":24,"key":"Bag of Marbles"}],"event_choices":[{"damage_healed":0,"gold_gain":75,"player_choice":"Gather Gold","damage_taken":11,"max_hp_gain":0,"max_hp_loss":0,"event_name":"World of Goop","floor":2,"gold_loss":0},{"damage_healed":0,"gold_gain":0,"player_choice":"Lose Max HP","damage_taken":0,"relics_obtained":["Golden Idol"],"max_hp_gain":0,"max_hp_loss":6,"event_name":"Golden Idol","floor":3,"gold_loss":0},{"damage_healed":18,"gold_gain":0,"player_choice":"Healed","damage_taken":0,"max_hp_gain":0,"max_hp_loss":0,"event_name":"The Cleric","floor":4,"gold_loss":35},{"damage_healed":0,"gold_gain":0,"player_choice":"Success","damage_taken":18,"relics_obtained":["Toxic Egg 2"],"max_hp_gain":0,"max_hp_loss":0,"event_name":"Scrap Ooze","floor":5,"gold_loss":0},{"damage_healed":0,"gold_gain":0,"player_choice":"Ignored","damage_taken":0,"max_hp_gain":0,"max_hp_loss":0,"event_name":"Beggar","floor":20,"gold_loss":0},{"damage_healed":0,"gold_gain":99,"player_choice":"Stole From Cult","damage_taken":0,"max_hp_gain":0,"max_hp_loss":0,"event_name":"Nest","floor":21,"gold_loss":0}],"is_beta":false,"boss_relics":[{"not_picked":["Snecko Eye","Philosopher\u0027s Stone"],"picked":"Tiny House"}],"items_purged_floors":[],"is_endless":false,"potions_floor_spawned":[7,13,16,19,28,30,31],"killed_by":"Collector","ascension_level":0}