{"gold_per_floor":[110,110,122,122,132,132,151,151,178,253,3,3,3,15,15,93,93,113,113,125,140,170,180,180,180],"floor_reached":25,"playtime":1201,"items_purged":[],"score":328,"play_id":"c6a74b2c-c4b2-4241-a9a5-946f4710e8d7","local_time":"20190504174943","is_ascension_mode":true,"campfire_choices":[{"data":"True Grit","floor":6,"key":"SMITH"},{"data":"Bash","floor":12,"key":"SMITH"},{"data":"Flame Barrier","floor":15,"key":"SMITH"},{"floor":24,"key":"REST"}],"neow_cost":"NONE","seed_source_timestamp":652858005676857,"circlet_count":0,"master_deck":["AscendersBane","Strike_R","Strike_R","Strike_R","Defend_R","Defend_R","Defend_R","Bash+1","Flame Barrier+1","Feel No Pain","Burning Pact","True Grit+1","Shrug It Off","Offering","Fiend Fire","Intimidate","Shrug It Off"],"relics":["Burning Blood","NeowsBlessing","Dream Catcher","Paper Frog","Velvet Choker","Red Mask"],"potions_floor_usage":[14,16,22,22,23],"damage_taken":[{"damage":0,"enemies":"2 Louse","floor":1,"turns":2},{"damage":0,"enemies":"Jaw Worm","floor":3,"turns":1},{"damage":0,"enemies":"Cultist","floor":5,"turns":1},{"damage":9,"enemies":"2 Fungi Beasts","floor":7,"turns":7},{"damage":19,"enemies":"3 Louse","floor":14,"turns":4},{"damage":23,"enemies":"The Guardian","floor":16,"turns":14},{"damage":26,"enemies":"2 Thieves","floor":18,"turns":5},{"damage":11,"enemies":"Spheric Guardian","floor":20,"turns":10},{"damage":10,"enemies":"Centurion and Healer","floor":21,"turns":13},{"damage":32,"enemies":"Masked Bandits","floor":22,"turns":8},{"damage":15,"enemies":"Shelled Parasite and Fungi","floor":23,"turns":10},{"damage":33,"enemies":"Snake Plant","floor":25,"turns":4}],"seed_played":"8314018066218345971","potions_obtained":[{"floor":1,"key":"EssenceOfSteel"},{"floor":5,"key":"BloodPotion"},{"floor":14,"key":"PowerPotion"},{"floor":20,"key":"Dexterity Potion"},{"floor":22,"key":"PowerPotion"}],"is_trial":false,"path_per_floor":["M","?","M","?","M","R","M","?","T","?","$","R","?","M","R","B",null,"M","?","M","M","?","M","R","M"],"character_chosen":"IRONCLAD","items_purchased":["Paper Frog"],"campfire_rested":1,"item_purchase_floors":[11],"current_hp_per_floor":[74,79,80,80,80,80,77,77,77,66,66,66,66,61,61,44,71,51,51,46,42,16,7,31,0],"gold":180,"neow_bonus":"THREE_ENEMY_KILL","is_prod":false,"is_daily":false,"chose_seed":false,"campfire_upgraded":3,"win_rate":0,"timestamp":1556963383,"path_taken":["M","?","M","?","M","R","?","?","T","?","$","R","?","M","R","BOSS","M","?","M","?","?","M","R","M"],"build_version":"2019-01-23","purchased_purges":0,"victory":false,"max_hp_per_floor":[75,80,80,80,80,80,80,80,80,80,80,80,80,80,80,80,80,80,80,80,80,80,80,80,80],"card_choices":[{"not_picked":["Perfected Strike","Body Slam"],"picked":"Flame Barrier","floor":1},{"not_picked":["Flex","Cleave"],"picked":"Feel No Pain","floor":3},{"not_picked":["Hemokinesis","Rampage"],"picked":"True Grit","floor":5},{"not_picked":["Dual Wield","Warcry","Cleave"],"picked":"SKIP","floor":7},{"not_picked":["Inflame","Second Wind"],"picked":"Shrug It Off","floor":14},{"not_picked":["Berserk","Brutality"],"picked":"Offering","floor":16},{"not_picked":["Dropkick","Iron Wave","Anger+1"],"picked":"SKIP","floor":18},{"not_picked":["Entrench","Heavy Blade","Sever Soul"],"picked":"SKIP","floor":20},{"not_picked":["Clash","Cleave","Anger"],"picked":"SKIP","floor":21},{"not_picked":["Twin Strike","Cleave"],"picked":"Intimidate","floor":22},{"not_picked":["Offering","Perfected Strike"],"picked":"Shrug It Off","floor":23}],"player_experience":477903,"relics_obtained":[{"floor":9,"key":"Dream Catcher"},{"floor":22,"key":"Red Mask"}],"event_choices":[{"damage_healed":0,"gold_gain":0,"player_choice":"Donut","damage_taken":0,"max_hp_gain":5,"max_hp_loss":0,"event_name":"Big Fish","floor":2,"gold_loss":0},{"damage_healed":0,"gold_gain":0,"cards_transformed":["Strike_R"],"player_choice":"Transformed","damage_taken":0,"max_hp_gain":0,"max_hp_loss":0,"event_name":"Transmorgrifier","floor":4,"gold_loss":0,"cards_obtained":["Burning Pact"]},{"damage_healed":0,"gold_gain":0,"player_choice":"Ignored","damage_taken":0,"max_hp_gain":0,"max_hp_loss":0,"event_name":"Liars Game","floor":8,"gold_loss":0},{"damage_healed":0,"gold_gain":75,"player_choice":"Gather Gold","damage_taken":11,"max_hp_gain":0,"max_hp_loss":0,"event_name":"World of Goop","floor":10,"gold_loss":0},{"cards_removed":["Defend_R"],"damage_healed":0,"gold_gain":0,"player_choice":"Forget","damage_taken":0,"max_hp_gain":0,"max_hp_loss":0,"event_name":"Living Wall","floor":13,"gold_loss":0},{"damage_healed":0,"gold_gain":0,"cards_transformed":["Strike_R"],"player_choice":"Transformed","damage_taken":0,"max_hp_gain":0,"max_hp_loss":0,"event_name":"Transmorgrifier","floor":19,"gold_loss":0,"cards_obtained":["Fiend Fire"]},{"damage_healed":0,"gold_gain":0,"player_choice":"Fought Bandits","damage_taken":0,"max_hp_gain":0,"max_hp_loss":0,"event_name":"Masked Bandits","floor":22,"gold_loss":0}],"is_beta":false,"boss_relics":[{"not_picked":["Coffee Dripper","Ectoplasm"],"picked":"Velvet Choker"}],"items_purged_floors":[],"is_endless":false,"potions_floor_spawned":[1,5,14,20,22],"killed_by":"Snake Plant","ascension_level":14}