{"gold_per_floor":[109,120,72,83,102,102,114,41,41,41,6,6,22,38,38,140,140,123,140,240,254,101,101,121,140,140,153,153,153,153,163,163,163],"floor_reached":33,"playtime":2885,"items_purged":[],"score":268,"play_id":"5a330cdd-8faa-4144-b471-1f49c3c0c3ee","local_time":"20181206165834","is_ascension_mode":false,"campfire_choices":[{"floor":6,"key":"REST"},{"floor":10,"key":"REST"},{"data":"Skewer","floor":12,"key":"SMITH"},{"floor":15,"key":"REST"},{"floor":23,"key":"REST"},{"floor":29,"key":"REST"},{"floor":32,"key":"REST"}],"neow_cost":"NONE","seed_source_timestamp":151720823199469,"circlet_count":0,"master_deck":["Defend_G","Defend_G","Defend_G","Defend_G","Defend_G","Survivor","Neutralize","Skewer+1","Crippling Poison","Poisoned Stab","Deflect","After Image","Dodge and Roll+1","All Out Attack+1","Caltrops+1","Blade Dance","Bane+1","Infinite Blades+1","Leg Sweep","PiercingWail","Decay","Bite","Bite","Bite","Bite","Bite","Backstab"],"relics":["Ring of the Snake","Bottled Flame","Astrolabe","Toxic Egg 2"],"potions_floor_usage":[16,16,16,24,25,33],"damage_taken":[{"damage":3,"enemies":"Jaw Worm","floor":1,"turns":4},{"damage":14,"enemies":"Small Slimes","floor":2,"turns":4},{"damage":4,"enemies":"Cultist","floor":4,"turns":3},{"damage":23,"enemies":"Gremlin Gang","floor":5,"turns":3},{"damage":22,"enemies":"3 Louse","floor":7,"turns":3},{"damage":17,"enemies":"Blue Slaver","floor":13,"turns":3},{"damage":9,"enemies":"2 Fungi Beasts","floor":14,"turns":3},{"damage":23,"enemies":"Hexaghost","floor":16,"turns":9},{"damage":13,"enemies":"2 Thieves","floor":18,"turns":4},{"damage":19,"enemies":"Spheric Guardian","floor":19,"turns":6},{"damage":24,"enemies":"Centurion and Healer","floor":21,"turns":8},{"damage":21,"enemies":"Snecko","floor":24,"turns":6},{"damage":0,"enemies":"Snake Plant","floor":25,"turns":5},{"damage":18,"enemies":"Chosen and Byrds","floor":27,"turns":9},{"damage":13,"enemies":"Snecko","floor":31,"turns":6},{"damage":54,"enemies":"Collector","floor":33,"turns":5}],"seed_played":"-4273108843338931448","potions_obtained":[{"floor":1,"key":"LiquidBronze"},{"floor":7,"key":"Block Potion"},{"floor":14,"key":"AttackPotion"},{"floor":18,"key":"Poison Potion"},{"floor":21,"key":"Block Potion"},{"floor":25,"key":"Poison Potion"},{"floor":31,"key":"SmokeBomb"}],"is_trial":false,"path_per_floor":["M","M","?","M","M","R","M","$","T","R","?","R","M","M","R","B",null,"M","M","?","M","$","R","M","M","T","M","?","R","?","M","R","B"],"character_chosen":"THE_SILENT","items_purchased":["Ancient Potion","Blood Vial"],"campfire_rested":6,"item_purchase_floors":[8,22],"current_hp_per_floor":[67,53,53,49,26,47,25,25,25,46,63,63,46,37,58,35,70,57,38,38,14,14,35,16,18,18,2,2,23,23,16,37,0],"gold":163,"neow_bonus":"ONE_RANDOM_RARE_CARD","is_prod":false,"is_daily":false,"chose_seed":false,"campfire_upgraded":1,"win_rate":0.0,"timestamp":1544144314,"path_taken":["M","M","?","M","M","R","M","$","T","R","?","R","?","M","R","BOSS","M","M","?","?","$","R","M","M","T","M","?","R","?","M","R","BOSS"],"build_version":"2018-11-15","purchased_purges":0,"victory":false,"max_hp_per_floor":[70,70,70,70,70,70,70,70,70,70,70,70,70,70,70,70,70,70,70,70,70,70,70,70,70,70,70,70,70,70,70,70,70],"card_choices":[{"not_picked":["Deflect","Outmaneuver"],"picked":"Skewer","floor":1},{"not_picked":["Flying Knee","Well Laid Plans"],"picked":"Crippling Poison","floor":2},{"not_picked":["Endless Agony","Acrobatics"],"picked":"Poisoned Stab","floor":4},{"not_picked":["Poisoned Stab","Sucker Punch"],"picked":"Bouncing Flask","floor":5},{"not_picked":["Burst","Cloak And Dagger"],"picked":"Dagger Spray","floor":7},{"not_picked":["Dodge and Roll","Riddle With Holes"],"picked":"Deflect","floor":13},{"not_picked":["Dagger Spray","Acrobatics","Bane"],"picked":"SKIP","floor":14},{"not_picked":["Venomology","Bullet Time"],"picked":"After Image","floor":16},{"not_picked":["Reflex","Footwork"],"picked":"Blade Dance","floor":18},{"not_picked":["Dagger Throw","Underhanded Strike+1"],"picked":"Bane+1","floor":19},{"not_picked":["Dodge and Roll","Slice+1"],"picked":"Infinite Blades+1","floor":21},{"not_picked":["Skewer","Acrobatics"],"picked":"Leg Sweep","floor":24},{"not_picked":["Slice","Prepared"],"picked":"PiercingWail","floor":25},{"not_picked":["Prepared+1","Dagger Throw","Calculated Gamble+1"],"picked":"SKIP","floor":27},{"not_picked":["Deflect+1","Outmaneuver+1"],"picked":"Backstab","floor":31}],"player_experience":115884,"relics_obtained":[{"floor":9,"key":"Bottled Flame"},{"floor":26,"key":"Toxic Egg 2"}],"event_choices":[{"damage_healed":0,"gold_gain":0,"player_choice":"Left Gold","damage_taken":0,"max_hp_gain":0,"max_hp_loss":0,"event_name":"World of Goop","floor":3,"gold_loss":48},{"damage_healed":17,"gold_gain":0,"player_choice":"Healed","damage_taken":0,"max_hp_gain":0,"max_hp_loss":0,"event_name":"The Cleric","floor":11,"gold_loss":35},{"damage_healed":0,"gold_gain":100,"player_choice":"Pray","damage_taken":0,"max_hp_gain":0,"max_hp_loss":0,"event_name":"Golden Shrine","floor":20,"gold_loss":0},{"damage_healed":0,"gold_gain":0,"player_choice":"Smashed Altar","damage_taken":0,"max_hp_gain":0,"max_hp_loss":0,"event_name":"Forgotten Altar","floor":28,"gold_loss":0,"cards_obtained":["Decay"]},{"damage_healed":0,"gold_gain":0,"player_choice":"Became a vampire (Vial)","damage_taken":0,"max_hp_gain":0,"max_hp_loss":0,"event_name":"Vampires","floor":30,"relics_lost":["Blood Vial"],"gold_loss":0,"cards_obtained":["Bite","Bite","Bite","Bite","Bite"]}],"is_beta":false,"boss_relics":[{"not_picked":["Ring of the Serpent","Fusion Hammer"],"picked":"Astrolabe"}],"items_purged_floors":[],"is_endless":false,"potions_floor_spawned":[1,7,14,18,21,25,31],"killed_by":"Collector","ascension_level":0}