{"gold_per_floor":[114,114,79,49,59,59,74,74,74,92,13,13],"floor_reached":12,"playtime":454,"items_purged":[],"score":68,"play_id":"c5501c31-0f98-47da-985e-a0bcb6786c69","local_time":"20180814233129","is_ascension_mode":false,"campfire_choices":[{"floor":6.0,"key":"REST"},{"data":"Noxious Fumes","floor":8.0,"key":"SMITH"}],"neow_cost":"","seed_source_timestamp":0,"circlet_count":0,"master_deck":["Defend_G","Defend_G","Defend_G","Defend_G","Defend_G","Strike_G","Strike_G","Strike_G","Strike_G","Strike_G","Survivor","Finisher","Noxious Fumes+1","Sucker Punch","Eviscerate","Backflip","PiercingWail"],"special_seed":0,"relics":["Ring of the Snake","Incense Burner"],"potions_floor_usage":[],"damage_taken":[{"damage":8.0,"enemies":"Jaw Worm","floor":1.0,"turns":4.0},{"damage":12.0,"enemies":"Small Slimes","floor":5.0,"turns":4.0},{"damage":6.0,"enemies":"2 Louse","floor":7.0,"turns":4.0},{"damage":7.0,"enemies":"2 Fungi Beasts","floor":10.0,"turns":4.0},{"damage":13,"enemies":"3 Sentries","floor":12,"turns":4}],"seed_played":"-5294252085825313199","potions_obtained":[{"floor":4.0,"key":"FairyPotion"},{"floor":4.0,"key":"SpeedPotion"},{"floor":10.0,"key":"Explosive Potion"}],"is_trial":false,"path_per_floor":["M","?","?","?","M","R","M","R","T","M","$"],"character_chosen":"THE_SILENT","items_purchased":["Backflip","PiercingWail"],"campfire_rested":1,"item_purchase_floors":[11,11],"current_hp_per_floor":[62,55,70,70,58,70,64,64,64,57,57,44],"gold":13,"neow_bonus":"","is_prod":false,"is_daily":false,"chose_seed":false,"campfire_upgraded":1,"win_rate":0.0,"timestamp":1534314689,"path_taken":["M","?","?","?","M","R","M","R","T","M","$","E"],"build_version":"2018-08-09","purchased_purges":0,"victory":false,"max_hp_per_floor":[70,70,70,70,70,70,70,70,70,70,70,70],"card_choices":[{"not_picked":["Dagger Throw","Dagger Spray"],"picked":"Finisher","floor":1.0},{"not_picked":["Blade Dance","Dagger Spray"],"picked":"Noxious Fumes","floor":5.0},{"not_picked":["Acrobatics","All Out Attack"],"picked":"Sucker Punch","floor":7.0},{"not_picked":["Choke","Calculated Gamble"],"picked":"Eviscerate","floor":10.0}],"player_experience":3189,"relics_obtained":[{"floor":9.0,"key":"Incense Burner"}],"event_choices":[{"event_name":"Golden Wing","player_choice":"Card Removal","floor":2.0,"damage_taken":0.0},{"event_name":"The Cleric","player_choice":"Healed","floor":3.0,"damage_taken":0.0},{"event_name":"The Woman in Blue","player_choice":"Bought 2 Potions","floor":4.0,"damage_taken":0.0}],"is_beta":false,"boss_relics":[],"items_purged_floors":[],"is_endless":false,"potions_floor_spawned":[10],"killed_by":"3 Sentries","ascension_level":0}