{"gold_per_floor":[109,109,284,16,16,31,31,46,72,116,116,116,140,1,1,1],"floor_reached":16,"playtime":475,"items_purged":["Regret","Decay"],"score":113,"play_id":"d56a94f6-b6f3-47ab-9d45-0fcdc2822b29","local_time":"20190415083251","is_ascension_mode":true,"campfire_choices":[{"floor":12,"key":"REST"},{"floor":15,"key":"REST"}],"neow_cost":"CURSE","seed_source_timestamp":483157533448448,"circlet_count":0,"master_deck":["Strike_B","Strike_B","Strike_B","Strike_B","Defend_B","Defend_B","Defend_B","Defend_B","Zap","Dualcast","Tempest","Doubt","Injury","Crippling Poison+1","Twin Strike","Prepared+1","Night Terror+1","Lockon"],"relics":["Cracked Core","WingedGreaves","Toxic Egg 2","PrismaticShard","Golden Idol","Pen Nib"],"potions_floor_usage":[10,10],"damage_taken":[{"damage":11,"enemies":"2 Louse","floor":1,"turns":2},{"damage":12,"enemies":"Jaw Worm","floor":6,"turns":2},{"damage":8,"enemies":"Cultist","floor":8,"turns":3},{"damage":41,"enemies":"3 Sentries","floor":10,"turns":6},{"damage":0,"enemies":"Large Slime","floor":13,"turns":4},{"damage":50,"enemies":"Slime Boss","floor":16,"turns":8}],"seed_played":"-685251913457865728","potions_obtained":[{"floor":6,"key":"FocusPotion"},{"floor":8,"key":"SpeedPotion"}],"is_trial":false,"path_per_floor":["M","?","?","$","?","M","$","M","T","E","?","R","M","$","R","B"],"character_chosen":"DEFECT","items_purchased":["PrismaticShard","Lockon"],"campfire_rested":2,"item_purchase_floors":[4,14],"current_hp_per_floor":[64,64,64,64,64,52,52,44,44,3,3,25,25,25,47,0],"gold":1,"neow_bonus":"ONE_RARE_RELIC","is_prod":false,"is_daily":false,"chose_seed":false,"campfire_upgraded":0,"win_rate":0,"timestamp":1555342371,"path_taken":["M","?","?","$","?","M","$","M","T","E","?","R","M","?","R","BOSS"],"build_version":"2019-01-23","purchased_purges":2,"victory":false,"max_hp_per_floor":[75,75,75,75,75,75,75,75,75,75,75,75,75,75,75,75],"card_choices":[{"not_picked":["Lockon","Cold Snap"],"picked":"Tempest","floor":1},{"not_picked":["Heavy Blade","Backstab"],"picked":"Crippling Poison+1","floor":6},{"not_picked":["Madness+1","Clothesline"],"picked":"Twin Strike","floor":8},{"not_picked":["Compile Driver","Blind+1"],"picked":"Prepared+1","floor":10},{"not_picked":["Hologram+1","Pummel"],"picked":"Night Terror+1","floor":13}],"player_experience":425194,"relics_obtained":[{"floor":10,"key":"Pen Nib"}],"event_choices":[{"damage_healed":0,"gold_gain":0,"player_choice":"Box","damage_taken":0,"relics_obtained":["Toxic Egg 2"],"max_hp_gain":0,"max_hp_loss":0,"event_name":"Big Fish","floor":2,"gold_loss":0,"cards_obtained":["Regret"]},{"damage_healed":0,"gold_gain":175,"player_choice":"AGREE","damage_taken":0,"max_hp_gain":0,"max_hp_loss":0,"event_name":"Liars Game","floor":3,"gold_loss":0,"cards_obtained":["Doubt"]},{"damage_healed":0,"gold_gain":0,"player_choice":"Take Wound","damage_taken":0,"relics_obtained":["Golden Idol"],"max_hp_gain":0,"max_hp_loss":0,"event_name":"Golden Idol","floor":5,"gold_loss":0,"cards_obtained":["Injury"]},{"damage_healed":0,"gold_gain":0,"player_choice":"Fled","damage_taken":0,"max_hp_gain":0,"max_hp_loss":0,"event_name":"Scrap Ooze","floor":11,"gold_loss":0}],"is_beta":false,"boss_relics":[],"items_purged_floors":[4,14],"is_endless":false,"potions_floor_spawned":[6,8],"killed_by":"Slime Boss","ascension_level":3}