{"gold_per_floor":[119,139,152,152,152,152,179,179,179,214,228,238,238,88,88,162,162,176,176,186,186],"floor_reached":21,"playtime":1750,"items_purged":["Defend_R"],"score":378,"play_id":"27700043-1d8a-4e99-956e-64237ec94f9c","local_time":"20190423182657","is_ascension_mode":true,"campfire_choices":[{"data":"Armaments","floor":6,"key":"SMITH"},{"data":"Feel No Pain","floor":8,"key":"SMITH"},{"floor":15,"key":"REST"}],"neow_cost":"NONE","seed_source_timestamp":611476534300100,"circlet_count":0,"master_deck":["AscendersBane","Strike_R","Strike_R","Strike_R","Strike_R","Defend_R+1","Defend_R+1","Bash","Armaments+1","Uppercut","Shockwave+1","Seeing Red+1","Feel No Pain+1","Warcry","Shrug It Off","Battle Trance","Disarm","Limit Break","Spot Weakness","Havoc"],"relics":["Burning Blood","NeowsBlessing","Shuriken","Bottled Flame","War Paint","Coffee Dripper"],"potions_floor_usage":[16,16,21,21],"damage_taken":[{"damage":0,"enemies":"Cultist","floor":1,"turns":1},{"damage":0,"enemies":"2 Louse","floor":2,"turns":1},{"damage":0,"enemies":"Jaw Worm","floor":3,"turns":1},{"damage":17,"enemies":"Lagavulin","floor":7,"turns":6},{"damage":15,"enemies":"3 Sentries","floor":10,"turns":10},{"damage":27,"enemies":"Large Slime","floor":11,"turns":9},{"damage":4,"enemies":"Looter","floor":12,"turns":4},{"damage":4,"enemies":"The Guardian","floor":16,"turns":13},{"damage":0,"enemies":"Chosen","floor":18,"turns":6},{"damage":3,"enemies":"3 Byrds","floor":20,"turns":6},{"damage":11,"enemies":"Colosseum Slavers","floor":21,"turns":5},{"damage":94,"enemies":"Colosseum Nobs","floor":21,"turns":5}],"seed_played":"-479638697654128654","potions_obtained":[{"floor":7,"key":"Swift Potion"},{"floor":10,"key":"Block Potion"},{"floor":11,"key":"Poison Potion"},{"floor":16,"key":"Fruit Juice"},{"floor":18,"key":"Fire Potion"}],"is_trial":false,"path_per_floor":["M","M","M","?","?","R","E","R","T","E","M","M","?","$","R","B",null,"M","?","M","?"],"character_chosen":"IRONCLAD","items_purchased":["Disarm"],"campfire_rested":1,"item_purchase_floors":[14],"current_hp_per_floor":[74,75,75,75,75,75,64,64,64,55,34,36,13,13,35,42,71,77,77,80,0],"gold":186,"neow_bonus":"THREE_ENEMY_KILL","is_prod":false,"is_daily":false,"chose_seed":false,"campfire_upgraded":2,"win_rate":0,"timestamp":1556040417,"path_taken":["M","?","M","?","?","R","E","R","T","E","M","?","?","$","R","BOSS","M","?","M","?"],"build_version":"2019-01-23","purchased_purges":1,"victory":false,"max_hp_per_floor":[75,75,75,75,75,75,75,75,75,75,75,75,75,75,75,80,80,80,80,80,80],"card_choices":[{"not_picked":["Anger","Perfected Strike"],"picked":"Armaments","floor":1},{"not_picked":["Havoc","Pommel Strike"],"picked":"Uppercut","floor":2},{"not_picked":["Clothesline","True Grit"],"picked":"Shockwave","floor":3},{"not_picked":["Cleave","Dark Embrace"],"picked":"Feel No Pain","floor":7},{"not_picked":["Thunderclap","Uppercut"],"picked":"Warcry","floor":10},{"not_picked":["Corruption","Carnage"],"picked":"Shrug It Off","floor":11},{"not_picked":["Cleave","Clothesline"],"picked":"Battle Trance","floor":12},{"not_picked":["Reaper","Impervious"],"picked":"Limit Break","floor":16},{"not_picked":["Sword Boomerang","Anger"],"picked":"Spot Weakness","floor":18},{"not_picked":["Cleave","Bloodletting"],"picked":"Havoc","floor":20}],"player_experience":407955,"relics_obtained":[{"floor":7,"key":"Shuriken"},{"floor":9,"key":"Bottled Flame"},{"floor":10,"key":"War Paint"}],"event_choices":[{"cards_removed":["Strike_R"],"damage_healed":0,"gold_gain":0,"player_choice":"Forget","damage_taken":0,"max_hp_gain":0,"max_hp_loss":0,"event_name":"Living Wall","floor":4,"gold_loss":0},{"damage_healed":0,"gold_gain":0,"cards_transformed":["Defend_R"],"player_choice":"Transformed","damage_taken":0,"max_hp_gain":0,"max_hp_loss":0,"event_name":"Transmorgrifier","floor":5,"gold_loss":0,"cards_obtained":["Seeing Red"]},{"damage_healed":0,"gold_gain":0,"player_choice":"Entered Light","damage_taken":23,"max_hp_gain":0,"max_hp_loss":0,"event_name":"Shining Light","floor":13,"gold_loss":0,"cards_upgraded":["Shockwave","Seeing Red"]},{"damage_healed":0,"gold_gain":0,"player_choice":"Ignored","damage_taken":0,"max_hp_gain":0,"max_hp_loss":0,"event_name":"Ghosts","floor":19,"gold_loss":0},{"damage_healed":0,"gold_gain":0,"player_choice":"Fight","damage_taken":0,"max_hp_gain":0,"max_hp_loss":0,"event_name":"Colosseum","floor":21,"gold_loss":0},{"damage_healed":0,"gold_gain":0,"player_choice":"Fought Nobs","damage_taken":0,"max_hp_gain":0,"max_hp_loss":0,"event_name":"Colosseum","floor":21,"gold_loss":0}],"is_beta":false,"boss_relics":[{"not_picked":["Snecko Eye","Mark of Pain"],"picked":"Coffee Dripper"}],"items_purged_floors":[14],"is_endless":false,"potions_floor_spawned":[7,10,11,12,16,18],"killed_by":"Colosseum Nobs","ascension_level":20}