{"gold_per_floor":[109,62,237,237,252,252,269,269,349,380,83,83,83,99,99,99],"floor_reached":16,"playtime":693,"items_purged":[],"score":103,"play_id":"9ea16ede-9102-4a30-a550-fa4ee1b82c46","local_time":"20190423104822","is_ascension_mode":true,"campfire_choices":[{"data":"Pommel Strike","floor":6,"key":"SMITH"},{"data":"Shrug It Off","floor":8,"key":"SMITH"},{"data":"Cleave","floor":13,"key":"SMITH"},{"floor":15,"key":"REST"}],"neow_cost":"NONE","seed_source_timestamp":478276934782323,"circlet_count":0,"master_deck":["Strike_R","Strike_R","Strike_R","Strike_R","Strike_R","Defend_R","Defend_R","Defend_R","Defend_R","Bash","Dropkick","Armaments+1","Doubt","Pommel Strike+1","Shrug It Off+1","Disarm","Exhume","Madness","Cleave+1","Injury","Anger"],"relics":["Burning Blood","Orichalcum","Oddly Smooth Stone","Golden Idol"],"potions_floor_usage":[10],"damage_taken":[{"damage":3,"enemies":"Small Slimes","floor":1,"turns":4},{"damage":3,"enemies":"2 Louse","floor":5,"turns":3},{"damage":4,"enemies":"Cultist","floor":7,"turns":4},{"damage":24,"enemies":"Lagavulin","floor":10,"turns":10},{"damage":19,"enemies":"Red Slaver","floor":14,"turns":5},{"damage":76,"enemies":"Slime Boss","floor":16,"turns":9}],"seed_played":"-3625432932400213442","potions_obtained":[{"floor":7,"key":"EssenceOfSteel"}],"is_trial":false,"path_per_floor":["M","$","?","?","M","R","M","R","T","E","$","?","R","M","R","B"],"character_chosen":"IRONCLAD","items_purchased":["Armaments","Exhume","Madness","Cleave"],"campfire_rested":1,"item_purchase_floors":[2,11,11,11],"current_hp_per_floor":[80,80,80,80,80,80,80,80,80,62,62,62,62,49,73,0],"gold":99,"neow_bonus":"RANDOM_COMMON_RELIC","is_prod":false,"is_daily":false,"chose_seed":false,"campfire_upgraded":3,"win_rate":0,"timestamp":1556041702,"path_taken":["M","$","?","?","M","R","?","R","T","E","?","?","R","M","R","BOSS"],"build_version":"2019-01-23","purchased_purges":0,"victory":false,"max_hp_per_floor":[80,80,80,80,80,80,80,80,80,80,80,80,80,80,80,80],"card_choices":[{"not_picked":["True Grit","Battle Trance"],"picked":"Dropkick","floor":1},{"not_picked":["Pummel","Iron Wave"],"picked":"Pommel Strike","floor":5},{"not_picked":["Warcry","Pommel Strike"],"picked":"Shrug It Off","floor":7},{"not_picked":["Evolve","Brutality"],"picked":"Disarm","floor":10},{"not_picked":["Rupture","Pummel"],"picked":"Anger","floor":14}],"player_experience":439809,"relics_obtained":[{"floor":10,"key":"Oddly Smooth Stone"}],"event_choices":[{"damage_healed":0,"gold_gain":175,"player_choice":"AGREE","damage_taken":0,"max_hp_gain":0,"max_hp_loss":0,"event_name":"Liars Game","floor":3,"gold_loss":0,"cards_obtained":["Doubt"]},{"damage_healed":0,"gold_gain":0,"player_choice":"Upgraded","damage_taken":0,"max_hp_gain":0,"max_hp_loss":0,"event_name":"Upgrade Shrine","floor":4,"gold_loss":0,"cards_upgraded":["Armaments"]},{"damage_healed":0,"gold_gain":0,"player_choice":"Take Wound","damage_taken":0,"relics_obtained":["Golden Idol"],"max_hp_gain":0,"max_hp_loss":0,"event_name":"Golden Idol","floor":12,"gold_loss":0,"cards_obtained":["Injury"]}],"is_beta":false,"boss_relics":[],"items_purged_floors":[],"is_endless":false,"potions_floor_spawned":[7],"killed_by":"Slime Boss","ascension_level":1}