{"gold_per_floor":[114,129,33,48,63,63,93,93,143,143,173,173,188,203,203,303,303,318,333,52,67,4,4,4,4,4,19,34,34,49,64,64,64],"floor_reached":33,"playtime":1349,"items_purged":[],"score":311,"play_id":"b2328baa-2592-45a3-b36d-aa73f9415a00","local_time":"20180901182749","daily_mods":["Diverse","Terminal","Hoarder"],"is_ascension_mode":false,"campfire_choices":[{"data":"Clash","floor":6,"key":"SMITH"},{"floor":12,"key":"REST"},{"floor":15,"key":"REST"},{"data":"Combust","floor":23,"key":"SMITH"},{"floor":25,"key":"REST"},{"floor":29,"key":"REST"},{"floor":32,"key":"REST"}],"neow_cost":"","seed_source_timestamp":0,"circlet_count":0,"master_deck":["Defend_G","Defend_G","Defend_G","Defend_G","Defend_G","Strike_G","Strike_G","Strike_G","Strike_G","Strike_G","Survivor","Neutralize","Clash+1","Clash","Clash","Blind","Blind","Blind","Beam Cell","Beam Cell","Beam Cell","Battle Trance","Clothesline","Clothesline","Clothesline","Combust","Combust+1","Combust","Double Energy","Double Energy","Double Energy","Anger","Anger","Anger","Tempest+1","Tempest+1","Tempest+1","Flash of Steel","Flash of Steel","Flash of Steel","Reinforced Body","Reinforced Body","Reinforced Body","Shame","Shame","Shame","Endless Agony","Endless Agony","Endless Agony","BootSequence","BootSequence","BootSequence","Backstab+1","Backstab+1","Backstab+1"],"special_seed":17776,"relics":["Ring of the Snake","Dodecahedron","Bronze Scales","Ornamental Fan","Strawberry","Thread and Needle","Snake Skull","Shuriken"],"potions_floor_usage":[],"damage_taken":[{"damage":2,"enemies":"Small Slimes","floor":1,"turns":5},{"damage":0,"enemies":"2 Louse","floor":2,"turns":1},{"damage":0,"enemies":"Cultist","floor":4,"turns":3},{"damage":0,"enemies":"Blue Slaver","floor":5,"turns":2},{"damage":4,"enemies":"Lagavulin","floor":7,"turns":4},{"damage":11,"enemies":"3 Sentries","floor":11,"turns":4},{"damage":6,"enemies":"2 Fungi Beasts","floor":13,"turns":2},{"damage":3,"enemies":"Lots of Slimes","floor":14,"turns":2},{"damage":15,"enemies":"Hexaghost","floor":16,"turns":8},{"damage":1,"enemies":"Shell Parasite","floor":18,"turns":4},{"damage":4,"enemies":"Chosen","floor":19,"turns":4},{"damage":11,"enemies":"Centurion and Healer","floor":21,"turns":4},{"damage":20,"enemies":"Snecko","floor":27,"turns":7},{"damage":6,"enemies":"Snake Plant","floor":28,"turns":3},{"damage":27,"enemies":"Shelled Parasite and Fungi","floor":30,"turns":5},{"damage":3,"enemies":"Centurion and Healer","floor":31,"turns":6},{"damage":21,"enemies":"Collector","floor":33,"turns":3}],"seed_played":"7770520436414535672","potions_obtained":[{"floor":2,"key":"SteroidPotion"},{"floor":11,"key":"FearPotion"},{"floor":13,"key":"Ancient Potion"},{"floor":16,"key":"Poison Potion"},{"floor":18,"key":"Energy Potion"}],"is_trial":false,"path_per_floor":["M","M","$","M","M","R","E","?","T","?","E","R","M","M","R","B",null,"M","M","$","M","?","R","?","R","T","M","M","R","M","M","R"],"character_chosen":"THE_SILENT","items_purchased":["Blind","Strawberry","Flash of Steel","Reinforced Body"],"campfire_rested":5,"item_purchase_floors":[3,20,20,20],"current_hp_per_floor":[67,67,66,65,64,63,59,59,59,59,48,57,51,48,54,39,52,51,47,54,43,43,43,43,51,50,30,24,38,11,8,21,0],"gold":64,"neow_bonus":"","is_prod":false,"is_daily":true,"chose_seed":false,"campfire_upgraded":2,"win_rate":0.0,"timestamp":1535851669,"path_taken":["M","M","$","M","M","R","E","?","T","?","E","R","M","M","R","BOSS","M","M","$","M","?","R","?","R","T","M","M","R","M","M","R","BOSS"],"build_version":"2018-08-30","purchased_purges":0,"victory":false,"max_hp_per_floor":[68,67,66,65,64,63,62,61,60,59,58,57,56,55,54,53,52,51,50,56,55,54,53,52,51,50,49,48,47,46,45,44,44],"card_choices":[{"not_picked":["Dagger Spray","Rupture"],"picked":"Clash","floor":1},{"not_picked":["Chaos","Sucker Punch","Blade Dance"],"picked":"SKIP","floor":2},{"not_picked":["Force Field","Clothesline","Cloak And Dagger"],"picked":"SKIP","floor":4},{"not_picked":["True Grit","Tactician"],"picked":"Beam Cell","floor":5},{"not_picked":["Tempest","Cloak And Dagger"],"picked":"Battle Trance","floor":7},{"not_picked":["Setup","Poisoned Stab","Spot Weakness"],"picked":"SKIP","floor":11},{"not_picked":["Hello World","Bane"],"picked":"Double Energy","floor":13},{"not_picked":["Thunderclap","Tactician"],"picked":"Anger","floor":14},{"not_picked":["Infinite Blades+1","Hello World","Iron Wave"],"picked":"SKIP","floor":18},{"not_picked":["Cleave+1","Dodge and Roll"],"picked":"Tempest+1","floor":19},{"not_picked":["Wild Strike+1","Redo","Carnage+1"],"picked":"SKIP","floor":21},{"not_picked":["Poisoned Stab","Cold Snap+1"],"picked":"Endless Agony","floor":27},{"not_picked":["Cold Snap","Stack+1"],"picked":"BootSequence","floor":28},{"not_picked":["Bane","Havoc+1","Clothesline+1"],"picked":"SKIP","floor":30},{"not_picked":["Shrug It Off","Flechettes"],"picked":"Backstab+1","floor":31}],"player_experience":55761,"relics_obtained":[{"floor":7,"key":"Dodecahedron"},{"floor":9,"key":"Bronze Scales"},{"floor":11,"key":"Ornamental Fan"},{"floor":26,"key":"Shuriken"}],"event_choices":[{"event_name":"Living Wall","player_choice":"Change","floor":8,"damage_taken":0},{"event_name":"Transmorgrifier","player_choice":"Transform","floor":10,"damage_taken":0},{"event_name":"WeMeetAgain","player_choice":"Gold","floor":22,"damage_taken":0},{"event_name":"Addict","player_choice":"Stole Relic","floor":24,"damage_taken":0}],"is_beta":false,"boss_relics":[{"not_picked":[]}],"items_purged_floors":[],"is_endless":false,"potions_floor_spawned":[2,11,13,16,18,21],"killed_by":"Collector","ascension_level":0}