{"gold_per_floor":[111,21,21,171,251,279,279,279,279,279,323,323,155,176,176,267,267,286,311,3,3,27,27,27,27,73,20,20,20,30,61,61,134,134,147,147,158,12,12,12,30,30,30,30,44,56,71,71,71,71,71],"floor_reached":51,"playtime":3637,"items_purged":[],"score":1413,"play_id":"d71791a3-d649-4cb8-8f02-16a10cb30afc","local_time":"20190501141359","is_ascension_mode":true,"campfire_choices":[{"data":"Discovery","floor":8,"key":"SMITH"},{"data":"Neutralize","floor":12,"key":"SMITH"},{"data":"Predator","floor":15,"key":"SMITH"},{"data":"Backstab","floor":23,"key":"SMITH"},{"floor":25,"key":"REST"},{"floor":32,"key":"REST"},{"data":"Flechettes","floor":42,"key":"SMITH"},{"data":"Survivor","floor":49,"key":"SMITH"}],"neow_cost":"NONE","seed_source_timestamp":3803553282838344,"circlet_count":0,"master_deck":["AscendersBane","Defend_G+1","Defend_G+1","Defend_G+1","Defend_G+1","Strike_G+1","Strike_G+1","Strike_G+1","Survivor+1","Neutralize+1","Discovery+1","Terror+1","Discovery+1","Predator+1","Cloak And Dagger+1","Adrenaline+1","Leg Sweep+1","Backstab+1","Discovery+1","Jack Of All Trades+1","Backflip+1","Deflect+1","Deflect+1","Caltrops+1","Bouncing Flask+1","Corpse Explosion+1","Calculated Gamble+1","Flechettes+1","Concentrate+1","Deflect+1","Deadly Poison+1","PiercingWail+1"],"relics":["Ring of the Snake","NeowsBlessing","Toxic Egg 2","Oddly Smooth Stone","Bloody Idol","Pear","WingedGreaves","Runic Pyramid","DollysMirror","PreservedInsect","Mummified Hand","Astrolabe","Singing Bowl"],"potions_floor_usage":[19,19,33,45,50,50],"damage_taken":[{"damage":0,"enemies":"Jaw Worm","floor":1,"turns":1},{"damage":0,"enemies":"Gremlin Nob","floor":6,"turns":1},{"damage":0,"enemies":"3 Sentries","floor":11,"turns":1},{"damage":3,"enemies":"Small Slimes","floor":14,"turns":3},{"damage":11,"enemies":"The Guardian","floor":16,"turns":12},{"damage":6,"enemies":"Shell Parasite","floor":18,"turns":4},{"damage":4,"enemies":"2 Thieves","floor":19,"turns":4},{"damage":14,"enemies":"Sentry and Sphere","floor":22,"turns":5},{"damage":11,"enemies":"Cultist and Chosen","floor":30,"turns":8},{"damage":0,"enemies":"Gremlin Leader","floor":31,"turns":3},{"damage":19,"enemies":"Automaton","floor":33,"turns":10},{"damage":3,"enemies":"Orb Walker","floor":35,"turns":2},{"damage":1,"enemies":"3 Darklings","floor":37,"turns":4},{"damage":1,"enemies":"4 Shapes","floor":41,"turns":5},{"damage":4,"enemies":"Transient","floor":45,"turns":6},{"damage":1,"enemies":"Writhing Mass","floor":46,"turns":6},{"damage":1,"enemies":"4 Shapes","floor":47,"turns":5},{"damage":37,"enemies":"Time Eater","floor":50,"turns":16},{"damage":44,"enemies":"Awakened One","floor":51,"turns":18}],"seed_played":"4759085400910274503","potions_obtained":[{"floor":6,"key":"Energy Potion"},{"floor":16,"key":"Energy Potion"},{"floor":18,"key":"SteroidPotion"},{"floor":31,"key":"Explosive Potion"},{"floor":33,"key":"Ancient Potion"},{"floor":45,"key":"Poison Potion"},{"floor":46,"key":"SpeedPotion"}],"is_trial":false,"path_per_floor":["M","$","?","?","T","E","?","R","T","?","E","R","$","M","R","B",null,"M","M","$","?","M","R","?","R","T","$","?","?","M","E","R","B",null,"M","?","M","$","?","?","M","R","T","?","M","M","M","?","R","B","B"],"character_chosen":"THE_SILENT","items_purchased":["Discovery","Discovery+1","Predator","DollysMirror","Jack Of All Trades+1","SkillPotion","Concentrate+1","Deflect+1"],"campfire_rested":2,"item_purchase_floors":[2,13,13,20,20,27,38,38],"current_hp_per_floor":[59,59,59,59,59,59,36,36,46,46,46,46,46,43,43,32,65,59,55,55,55,41,41,41,63,63,63,63,63,57,62,76,62,73,75,75,76,76,72,67,71,71,71,71,72,72,74,74,74,37,0],"gold":71,"neow_bonus":"THREE_ENEMY_KILL","is_prod":false,"is_daily":false,"chose_seed":false,"campfire_upgraded":6,"win_rate":0,"timestamp":1556716439,"path_taken":["M","$","?","?","?","E","?","R","T","?","E","R","$","?","R","BOSS","M","M","$","?","M","R","?","R","T","$","?","?","M","E","R","BOSS","M","?","M","$","?","?","M","R","T","?","?","M","M","?","R","BOSS","BOSS"],"build_version":"2019-01-23","purchased_purges":0,"victory":false,"max_hp_per_floor":[66,66,66,66,66,66,66,66,76,76,76,76,76,76,76,76,76,76,76,76,76,76,76,76,76,76,76,76,76,76,76,76,76,76,76,76,76,76,72,72,72,72,72,72,72,72,74,74,74,74,74],"card_choices":[{"not_picked":["Deflect","Dagger Spray"],"picked":"Heel Hook","floor":1},{"not_picked":["Flying Knee","Poisoned Stab"],"picked":"Terror+1","floor":6},{"not_picked":["Poisoned Stab","Calculated Gamble+1","Setup+1"],"picked":"SKIP","floor":11},{"not_picked":["Poisoned Stab","Tools of the Trade"],"picked":"Cloak And Dagger+1","floor":14},{"not_picked":["Storm of Steel+1","Doppelganger+1"],"picked":"Adrenaline+1","floor":16},{"not_picked":["Bane+1","Endless Agony"],"picked":"Leg Sweep+1","floor":18},{"not_picked":["Poisoned Stab","Flying Knee"],"picked":"Backstab","floor":19},{"not_picked":["Acrobatics+1","Deadly Poison+1"],"picked":"Backflip+1","floor":22},{"not_picked":["Slice","Deadly Poison+1"],"picked":"Deflect+1","floor":30},{"not_picked":["Caltrops+1","Dagger Throw"],"picked":"Deflect+1","floor":31},{"not_picked":["Die Die Die","Malaise+1"],"picked":"Corpse Explosion+1","floor":33},{"not_picked":["Bane","Heel Hook"],"picked":"Calculated Gamble+1","floor":35},{"not_picked":["Poisoned Stab","Quick Slash"],"picked":"Flechettes","floor":37},{"not_picked":["Bouncing Flask+1","Flying Knee","Underhanded Strike"],"picked":"SKIP","floor":41},{"not_picked":["Concentrate+1","Outmaneuver+1"],"picked":"Deadly Poison+1","floor":45},{"not_picked":["Eviscerate","A Thousand Cuts"],"picked":"PiercingWail+1","floor":46},{"not_picked":["Slice","Dagger Spray+1","Accuracy"],"picked":"Singing Bowl","floor":47}],"player_experience":769309,"relics_obtained":[{"floor":5,"key":"Toxic Egg 2"},{"floor":6,"key":"Oddly Smooth Stone"},{"floor":9,"key":"Pear"},{"floor":11,"key":"WingedGreaves"},{"floor":26,"key":"PreservedInsect"},{"floor":31,"key":"Mummified Hand"},{"floor":43,"key":"Singing Bowl"}],"event_choices":[{"damage_healed":0,"gold_gain":0,"player_choice":"Leave","damage_taken":0,"max_hp_gain":0,"max_hp_loss":0,"event_name":"The Cleric","floor":3,"gold_loss":0},{"damage_healed":0,"gold_gain":150,"player_choice":"AGREE","damage_taken":0,"max_hp_gain":0,"max_hp_loss":0,"event_name":"Liars Game","floor":4,"gold_loss":0,"cards_obtained":["Doubt"]},{"damage_healed":0,"gold_gain":0,"player_choice":"Take Damage","damage_taken":23,"relics_obtained":["Golden Idol"],"max_hp_gain":0,"max_hp_loss":0,"event_name":"Golden Idol","floor":7,"gold_loss":0},{"cards_removed":["Doubt"],"damage_healed":0,"gold_gain":0,"player_choice":"Removed Curses","damage_taken":0,"max_hp_gain":0,"max_hp_loss":0,"event_name":"Fountain of Cleansing","floor":10,"gold_loss":0},{"damage_healed":0,"gold_gain":0,"player_choice":"Ignored","damage_taken":0,"max_hp_gain":0,"max_hp_loss":0,"event_name":"The Mausoleum","floor":21,"gold_loss":0},{"damage_healed":0,"gold_gain":0,"player_choice":"Simplicity","damage_taken":0,"max_hp_gain":0,"max_hp_loss":0,"event_name":"Back to Basics","floor":24,"gold_loss":0,"cards_upgraded":["Defend_G","Defend_G","Defend_G","Defend_G","Defend_G","Strike_G","Strike_G","Strike_G","Strike_G","Strike_G"]},{"damage_healed":0,"gold_gain":0,"player_choice":"Ignored","damage_taken":0,"max_hp_gain":0,"max_hp_loss":0,"event_name":"Vampires","floor":28,"gold_loss":0},{"damage_healed":0,"gold_gain":0,"player_choice":"Gave Idol","damage_taken":0,"relics_obtained":["Bloody Idol"],"max_hp_gain":0,"max_hp_loss":0,"event_name":"Forgotten Altar","floor":29,"relics_lost":["Golden Idol"],"gold_loss":0},{"damage_healed":0,"gold_gain":0,"player_choice":"Ignored","damage_taken":0,"max_hp_gain":0,"max_hp_loss":0,"event_name":"Tomb of Lord Red Mask","floor":36,"gold_loss":0},{"damage_healed":0,"gold_gain":0,"player_choice":"Max HP","damage_taken":0,"max_hp_gain":0,"max_hp_loss":4,"event_name":"Winding Halls","floor":39,"gold_loss":0},{"damage_healed":0,"gold_gain":0,"player_choice":"Memory 2","damage_taken":5,"max_hp_gain":0,"max_hp_loss":0,"event_name":"SensoryStone","floor":40,"gold_loss":0},{"cards_removed":["Corpse Explosion"],"damage_healed":0,"gold_gain":0,"player_choice":"Card Removal","damage_taken":0,"max_hp_gain":0,"max_hp_loss":0,"event_name":"Wheel of Change","floor":44,"gold_loss":0},{"cards_removed":["Strike_G"],"damage_healed":0,"gold_gain":0,"player_choice":"Removed Attack","damage_taken":0,"max_hp_gain":0,"max_hp_loss":0,"event_name":"Falling","floor":48,"gold_loss":0}],"is_beta":false,"boss_relics":[{"not_picked":["Velvet Choker","Coffee Dripper"],"picked":"Runic Pyramid"},{"not_picked":["Ring of the Serpent","Eternal Feather"],"picked":"Astrolabe"}],"items_purged_floors":[],"is_endless":false,"potions_floor_spawned":[6,16,18,31,33,45,46,47],"killed_by":"Awakened One","ascension_level":20}