{"gold_per_floor":[109,122,122,133,133,158,46,46,46,63,63,81,81,112,112,211,211,225,259,3,17,17,17,17],"floor_reached":24,"playtime":1292,"items_purged":["Strike_G","Sucker Punch"],"score":381,"play_id":"dc4d3538-8fe2-4fe0-bc33-b0d59e6a5ac2","local_time":"20180911190939","is_ascension_mode":true,"campfire_choices":[{"floor":11,"key":"REST"},{"data":"Catalyst","floor":15,"key":"SMITH"},{"floor":23,"key":"REST"}],"neow_cost":"TEN_PERCENT_HP_LOSS","seed_source_timestamp":2349158730866838,"circlet_count":0,"master_deck":["Survivor","Neutralize","AscendersBane","Die Die Die","Underhanded Strike","Catalyst+1","Discovery","Deadly Poison","Dagger Throw","Escape Plan","Tools of the Trade","Dodge and Roll","Envenom","Bane","Poisoned Stab","Quick Slash","Underhanded Strike","Outmaneuver","Deflect","Outmaneuver"],"relics":["Ring of the Snake","CultistMask","Snake Skull","Ninja Scroll","The Specimen","Pandora\u0027s Box","Red Mask","Juzu Bracelet"],"potions_floor_usage":[4,6,16],"damage_taken":[{"damage":1,"enemies":"Jaw Worm","floor":1,"turns":4},{"damage":0,"enemies":"Cultist","floor":2,"turns":3},{"damage":1,"enemies":"2 Louse","floor":4,"turns":3},{"damage":19,"enemies":"3 Sentries","floor":6,"turns":7},{"damage":0,"enemies":"Gremlin Gang","floor":10,"turns":1},{"damage":4,"enemies":"Blue Slaver","floor":12,"turns":3},{"damage":9,"enemies":"Gremlin Nob","floor":14,"turns":5},{"damage":0,"enemies":"Slime Boss","floor":16,"turns":3},{"damage":8,"enemies":"Chosen","floor":18,"turns":3},{"damage":15,"enemies":"Masked Bandits","floor":19,"turns":4},{"damage":16,"enemies":"2 Thieves","floor":21,"turns":3},{"damage":45,"enemies":"Gremlin Leader","floor":24,"turns":4}],"seed_played":"-1940227764973344246","potions_obtained":[{"floor":2,"key":"SkillPotion"},{"floor":4,"key":"Fruit Juice"},{"floor":6,"key":"FearPotion"},{"floor":16,"key":"Weak Potion"},{"floor":18,"key":"Dexterity Potion"}],"is_trial":false,"path_per_floor":["M","M","?","M","?","E","$","?","T","M","R","M","$","E","R","B",null,"M","?","$","M","$","R"],"character_chosen":"THE_SILENT","items_purchased":["Escape Plan","Juzu Bracelet"],"campfire_rested":2,"item_purchase_floors":[7,20],"current_hp_per_floor":[62,62,62,66,66,47,47,40,40,40,60,56,56,47,47,47,63,55,40,40,24,24,44,0],"gold":17,"neow_bonus":"THREE_RARE_CARDS","is_prod":false,"is_daily":false,"chose_seed":false,"campfire_upgraded":1,"win_rate":0,"timestamp":1536689379,"path_taken":["M","M","?","?","?","E","$","?","T","M","R","M","?","E","R","BOSS","M","?","$","M","$","R","E"],"build_version":"2018-09-06","purchased_purges":2,"victory":false,"max_hp_per_floor":[63,63,63,68,68,68,68,68,68,68,68,68,68,68,68,68,68,68,68,68,68,68,68,68],"card_choices":[{"not_picked":["Storm of Steel","Burst"],"picked":"Die Die Die","floor":0},{"not_picked":["PiercingWail","Deflect"],"picked":"Underhanded Strike","floor":1},{"not_picked":["Expertise","Underhanded Strike"],"picked":"Catalyst","floor":2},{"not_picked":["Backflip","Finisher"],"picked":"Deadly Poison","floor":4},{"not_picked":["Backflip","Underhanded Strike"],"picked":"Dagger Throw","floor":6},{"not_picked":["Sucker Punch","Backflip"],"picked":"Tools of the Trade","floor":10},{"not_picked":["Outmaneuver","Deadly Poison","Quick Slash"],"picked":"SKIP","floor":12},{"not_picked":["Dagger Throw","Backstab"],"picked":"Dodge and Roll","floor":14},{"not_picked":["Bullet Time","Unload"],"picked":"Envenom","floor":16},{"not_picked":["Dash","Finisher","Poisoned Stab+1"],"picked":"SKIP","floor":18},{"not_picked":["Terror","Choke+1","Flechettes+1"],"picked":"SKIP","floor":21}],"player_experience":342122,"relics_obtained":[{"floor":6,"key":"Snake Skull"},{"floor":9,"key":"Ninja Scroll"},{"floor":14,"key":"The Specimen"},{"floor":19,"key":"Red Mask"}],"event_choices":[{"event_name":"Match and Keep!","player_choice":"1 cards matched","floor":3,"damage_taken":0},{"event_name":"FaceTrader","player_choice":"Trade","floor":5,"damage_taken":0},{"event_name":"Golden Wing","player_choice":"Card Removal","floor":8,"damage_taken":0},{"event_name":"Masked Bandits","player_choice":"Fought Bandits","floor":19,"damage_taken":0}],"is_beta":false,"boss_relics":[{"not_picked":["Lizard Tail","Fusion Hammer"],"picked":"Pandora\u0027s Box"}],"items_purged_floors":[7,20],"is_endless":false,"potions_floor_spawned":[2,4,6,16,18],"killed_by":"Gremlin Leader","ascension_level":10}