{"gold_per_floor":[114,114,131,144,159,159,184,196,196,196,53,53,69,104,104,178,178,198,222,235,235,160,160,189,42,42,42,72,92,110,120,120,193,193,209,224,26,26,45,55,82,102,102,102,130,142,157,170,170,170,170,170,7,32,32],"floor_reached":56,"playtime":7930,"items_purged":["Strike_G","Strike_G","Strike_G"],"score":2092,"play_id":"63a58f9e-b631-4956-a601-d6ec76bce49f","local_time":"20190423181058","is_ascension_mode":true,"campfire_choices":[{"data":"Poisoned Stab","floor":6,"key":"SMITH"},{"data":"Cloak And Dagger","floor":12,"key":"SMITH"},{"data":"Adrenaline","floor":15,"key":"SMITH"},{"data":"Wraith Form v2","floor":23,"key":"SMITH"},{"floor":27,"key":"REST"},{"data":"Well Laid Plans","floor":32,"key":"SMITH"},{"floor":44,"key":"REST"},{"floor":49,"key":"RECALL"},{"floor":52,"key":"REST"}],"neow_cost":"TEN_PERCENT_HP_LOSS","seed_source_timestamp":1168294850073552,"circlet_count":0,"master_deck":["AscendersBane","Defend_G","Defend_G","Defend_G","Defend_G","Defend_G","Strike_G","Survivor","Neutralize+1","Dagger Throw","Poisoned Stab+1","Cloak And Dagger+1","Corpse Explosion","Footwork","Infinite Blades","Backflip","Well Laid Plans+1","Adrenaline+1","Dash","Wraith Form v2+1","Deadly Poison","Blur","Cloak And Dagger","Acrobatics","Die Die Die","Dodge and Roll","PiercingWail","Adrenaline","Catalyst","Noxious Fumes+1","PiercingWail+1","Adrenaline","Sucker Punch+1","Backflip","Leg Sweep","Backflip","Night Terror","Crippling Poison+1","Dodge and Roll+1","Footwork+1","After Image","Acrobatics+1"],"relics":["Ring of the Snake","Prayer Wheel","Bag of Preparation","Dream Catcher","Strawberry","Philosopher\u0027s Stone","Lantern","Question Card","Art of War","Mercury Hourglass","Fusion Hammer","Gremlin Horn","Mummified Hand","Blood Vial"],"potions_floor_usage":[7,20,24,24,29,36,36,55,55],"damage_taken":[{"damage":0,"enemies":"2 Louse","floor":1,"turns":4},{"damage":0,"enemies":"Cultist","floor":3,"turns":4},{"damage":0,"enemies":"Jaw Worm","floor":4,"turns":4},{"damage":6,"enemies":"Exordium Thugs","floor":5,"turns":4},{"damage":28,"enemies":"Gremlin Nob","floor":7,"turns":5},{"damage":13,"enemies":"Gremlin Gang","floor":8,"turns":3},{"damage":0,"enemies":"Red Slaver","floor":13,"turns":4},{"damage":13,"enemies":"3 Sentries","floor":14,"turns":3},{"damage":2,"enemies":"Hexaghost","floor":16,"turns":10},{"damage":2,"enemies":"Chosen","floor":18,"turns":5},{"damage":4,"enemies":"Spheric Guardian","floor":20,"turns":5},{"damage":7,"enemies":"Colosseum Slavers","floor":21,"turns":3},{"damage":16,"enemies":"Gremlin Leader","floor":24,"turns":8},{"damage":3,"enemies":"Book of Stabbing","floor":28,"turns":8},{"damage":0,"enemies":"Snake Plant","floor":29,"turns":3},{"damage":11,"enemies":"Snecko","floor":30,"turns":5},{"damage":0,"enemies":"Shelled Parasite and Fungi","floor":31,"turns":5},{"damage":0,"enemies":"Champ","floor":33,"turns":14},{"damage":0,"enemies":"3 Shapes","floor":35,"turns":3},{"damage":21,"enemies":"3 Darklings","floor":36,"turns":4},{"damage":5,"enemies":"4 Shapes","floor":39,"turns":3},{"damage":0,"enemies":"Maw","floor":40,"turns":8},{"damage":0,"enemies":"Reptomancer","floor":41,"turns":5},{"damage":0,"enemies":"Sphere and 2 Shapes","floor":42,"turns":4},{"damage":14,"enemies":"Nemesis","floor":45,"turns":9},{"damage":0,"enemies":"4 Shapes","floor":46,"turns":3},{"damage":8,"enemies":"Maw","floor":47,"turns":7},{"damage":0,"enemies":"Writhing Mass","floor":48,"turns":6},{"damage":11,"enemies":"Time Eater","floor":50,"turns":15},{"damage":12,"enemies":"Shield and Spear","floor":54,"turns":5},{"damage":49,"enemies":"The Heart","floor":55,"turns":13}],"seed_played":"8228286011207894169","potions_obtained":[{"floor":4,"key":"Swift Potion"},{"floor":5,"key":"Strength Potion"},{"floor":14,"key":"GhostInAJar"},{"floor":16,"key":"GhostInAJar"},{"floor":20,"key":"FearPotion"},{"floor":24,"key":"Ancient Potion"},{"floor":28,"key":"EssenceOfSteel"},{"floor":31,"key":"EssenceOfSteel"},{"floor":39,"key":"GhostInAJar"},{"floor":48,"key":"GhostInAJar"}],"is_trial":false,"path_per_floor":["M","?","M","M","M","R","E","M","T","?","$","R","M","E","R","B",null,"M","T","M","?","?","R","E","$","T","R","E","M","M","M","R","B",null,"M","M","$","?","M","M","E","M","T","R","E","M","M","M","R","B",null,"R","$","E","B",null],"character_chosen":"THE_SILENT","items_purchased":["Well Laid Plans","Dodge and Roll","Leg Sweep","After Image"],"campfire_rested":3,"item_purchase_floors":[11,25,37,53],"current_hp_per_floor":[59,59,59,59,53,53,25,12,12,32,32,32,32,26,26,24,56,54,54,50,43,43,43,27,27,27,47,44,44,33,33,33,33,59,59,38,38,38,33,33,33,33,33,53,39,39,31,31,31,20,55,67,67,55,8],"gold":32,"neow_bonus":"ONE_RARE_RELIC","is_prod":false,"is_daily":false,"chose_seed":false,"campfire_upgraded":5,"win_rate":0,"timestamp":1556057458,"path_taken":["M","?","M","M","?","R","E","M","T","?","?","R","?","E","R","BOSS","M","?","M","?","?","R","E","$","T","R","E","?","M","M","R","BOSS","M","M","?","?","M","M","E","M","T","R","E","M","M","M","R","BOSS","R","$","E","BOSS"],"build_version":"2019-01-23","purchased_purges":3,"victory":true,"max_hp_per_floor":[60,60,60,60,60,60,60,60,60,60,60,60,60,67,67,67,67,67,67,67,67,67,67,67,67,67,67,67,67,67,67,67,67,67,67,67,67,67,67,67,67,67,67,67,67,67,67,67,67,67,67,67,67,67,67],"card_choices":[{"not_picked":["Acrobatics","Sucker Punch"],"picked":"Dagger Throw","floor":1},{"not_picked":["Caltrops","PiercingWail"],"picked":"Poisoned Stab","floor":1},{"not_picked":["PiercingWail","Concentrate"],"picked":"Cloak And Dagger","floor":3},{"not_picked":["Backflip","Deflect","PiercingWail"],"picked":"SKIP","floor":3},{"not_picked":["Endless Agony","Slice"],"picked":"Corpse Explosion","floor":4},{"not_picked":["Finisher","Underhanded Strike","Quick Slash"],"picked":"SKIP","floor":4},{"not_picked":["Finisher","Underhanded Strike","Quick Slash"],"picked":"SKIP","floor":4},{"not_picked":["Bouncing Flask","Blur"],"picked":"Footwork","floor":5},{"not_picked":["Prepared","Quick Slash","Underhanded Strike"],"picked":"SKIP","floor":5},{"not_picked":["Catalyst","Backflip","Expertise"],"picked":"SKIP","floor":7},{"not_picked":["Backflip","Riddle With Holes"],"picked":"Infinite Blades","floor":8},{"not_picked":["Dagger Throw","Tactician"],"picked":"Backflip","floor":8},{"not_picked":["Flying Knee","Expertise"],"picked":"Adrenaline","floor":13},{"not_picked":["Eviscerate","Bane","Slice"],"picked":"SKIP","floor":13},{"not_picked":["Backstab","Flying Knee"],"picked":"Dash","floor":14},{"not_picked":["Tools of the Trade","Night Terror"],"picked":"Wraith Form v2","floor":16},{"not_picked":["Eviscerate","Caltrops"],"picked":"Deadly Poison","floor":18},{"not_picked":["Dagger Throw","Dash"],"picked":"Blur","floor":18},{"not_picked":["Poisoned Stab","Bane"],"picked":"Cloak And Dagger","floor":20},{"not_picked":["Skewer","Riddle With Holes"],"picked":"Acrobatics","floor":20},{"not_picked":["Well Laid Plans+1","Night Terror"],"picked":"Die Die Die","floor":24},{"not_picked":["Deflect+1","Flying Knee+1","Terror"],"picked":"PiercingWail","floor":27},{"not_picked":["Quick Slash","Flying Knee+1","Dagger Throw"],"picked":"Adrenaline","floor":28},{"not_picked":["Quick Slash","Endless Agony","Sucker Punch"],"picked":"Catalyst","floor":29},{"not_picked":["Sucker Punch","Bane","All Out Attack","Outmaneuver"],"picked":"SKIP","floor":29},{"not_picked":["Deadly Poison","Well Laid Plans","Deflect"],"picked":"Noxious Fumes+1","floor":30},{"not_picked":["Reflex","Predator+1","Quick Slash","Infinite Blades"],"picked":"SKIP","floor":30},{"not_picked":["Tools of the Trade","Dagger Throw","Bane"],"picked":"PiercingWail+1","floor":31},{"not_picked":["Terror","Flying Knee","Underhanded Strike+1","Accuracy+1"],"picked":"SKIP","floor":31},{"not_picked":["Terror","Flying Knee","Underhanded Strike+1","Accuracy+1"],"picked":"SKIP","floor":31},{"not_picked":["Unload","Corpse Explosion","Grand Finale"],"picked":"Adrenaline","floor":33},{"not_picked":["Terror","Choke","Dagger Spray+1"],"picked":"Sucker Punch+1","floor":35},{"not_picked":["Prepared","Eviscerate","Bane","Poisoned Stab"],"picked":"SKIP","floor":35},{"not_picked":["Noxious Fumes+1","Deadly Poison","Acrobatics"],"picked":"Backflip","floor":36},{"not_picked":["Dagger Throw","Escape Plan","Finisher","Slice"],"picked":"SKIP","floor":36},{"not_picked":["Dash","Caltrops","Deadly Poison"],"picked":"Night Terror","floor":39},{"not_picked":["Calculated Gamble+1","Backflip","Poisoned Stab+1","Underhanded Strike"],"picked":"SKIP","floor":39},{"not_picked":["Poisoned Stab+1","Flying Knee","Noxious Fumes","Outmaneuver"],"picked":"SKIP","floor":40},{"not_picked":["PiercingWail+1","Escape Plan","Predator","Prepared"],"picked":"SKIP","floor":40},{"not_picked":["Sucker Punch","Dagger Throw","Quick Slash+1","Flying Knee"],"picked":"SKIP","floor":41},{"not_picked":["Unload","Masterful Stab","Finisher+1"],"picked":"Crippling Poison+1","floor":42},{"not_picked":["Blur","PiercingWail","Dagger Spray+1"],"picked":"Dodge and Roll+1","floor":42},{"not_picked":["Slice","Tactician","Dash+1","Predator"],"picked":"SKIP","floor":45},{"not_picked":["Flying Knee","PiercingWail","Quick Slash","Noxious Fumes"],"picked":"SKIP","floor":46},{"not_picked":["Flechettes","Underhanded Strike","Dodge and Roll","Quick Slash+1"],"picked":"SKIP","floor":46},{"not_picked":["Well Laid Plans+1","Concentrate+1","Acrobatics","Sucker Punch"],"picked":"SKIP","floor":47},{"not_picked":["Dodge and Roll+1","Quick Slash","Outmaneuver","PiercingWail"],"picked":"SKIP","floor":47},{"not_picked":["Slice","Skewer+1","Deflect"],"picked":"Footwork+1","floor":48},{"not_picked":["Slice","Crippling Poison","Accuracy","Endless Agony+1"],"picked":"SKIP","floor":48},{"not_picked":["Deflect","Doppelganger","Bane"],"picked":"Acrobatics+1","floor":54}],"player_experience":843241,"relics_obtained":[{"floor":7,"key":"Bag of Preparation"},{"floor":9,"key":"Dream Catcher"},{"floor":14,"key":"Strawberry"},{"floor":19,"key":"Lantern"},{"floor":24,"key":"Question Card"},{"floor":26,"key":"Art of War"},{"floor":28,"key":"Mercury Hourglass"},{"floor":41,"key":"Gremlin Horn"},{"floor":45,"key":"Mummified Hand"},{"floor":54,"key":"Blood Vial"}],"event_choices":[{"damage_healed":0,"gold_gain":0,"player_choice":"Upgraded","damage_taken":0,"max_hp_gain":0,"max_hp_loss":0,"event_name":"Upgrade Shrine","floor":2,"gold_loss":0,"cards_upgraded":["Neutralize"]},{"damage_healed":20,"gold_gain":0,"player_choice":"Banana","damage_taken":0,"max_hp_gain":0,"max_hp_loss":0,"event_name":"Big Fish","floor":10,"gold_loss":0},{"damage_healed":0,"gold_gain":0,"player_choice":"Fight","damage_taken":0,"max_hp_gain":0,"max_hp_loss":0,"event_name":"Colosseum","floor":21,"gold_loss":0},{"damage_healed":0,"gold_gain":0,"player_choice":"Fled From Nobs","damage_taken":0,"max_hp_gain":0,"max_hp_loss":0,"event_name":"Colosseum","floor":21,"gold_loss":0},{"cards_removed":["Strike_G"],"damage_healed":0,"gold_gain":0,"player_choice":"Gave Gold","damage_taken":0,"max_hp_gain":0,"max_hp_loss":0,"event_name":"Beggar","floor":22,"gold_loss":75},{"damage_healed":0,"gold_gain":0,"player_choice":"1 cards matched","damage_taken":0,"max_hp_gain":0,"max_hp_loss":0,"event_name":"Match and Keep!","floor":38,"gold_loss":0,"cards_obtained":["Backflip"]}],"is_beta":false,"boss_relics":[{"not_picked":["Orrery","Eternal Feather"],"picked":"Philosopher\u0027s Stone"},{"not_picked":["Pandora\u0027s Box","Velvet Choker"],"picked":"Fusion Hammer"}],"items_purged_floors":[11,25,37],"is_endless":false,"potions_floor_spawned":[4,5,14,16,20,24,28,31,35,39,48,54],"ascension_level":15}