{"gold_per_floor":[114,114,129,144,159,159,174,189,214,214,214,214,229,259,259,259],"floor_reached":16,"playtime":1012,"items_purged":[],"score":129,"play_id":"b93b7a94-b6fe-42a3-ada8-f29f461cb4ea","local_time":"20180813234203","daily_mods":["Specialized","Lethality","Vintage"],"is_ascension_mode":false,"campfire_choices":[{"data":"Adrenaline","floor":6,"key":"SMITH"},{"data":"Survivor","floor":11,"key":"SMITH"},{"floor":15,"key":"REST"}],"neow_cost":"","seed_source_timestamp":607082592254798,"circlet_count":0,"master_deck":["Defend_G","Defend_G","Defend_G","Defend_G","Defend_G","Strike_G","Strike_G","Strike_G","Strike_G","Strike_G","Survivor+1","Neutralize","Adrenaline","Adrenaline","Adrenaline","Adrenaline+1","Adrenaline+1","Parasite","Distraction"],"special_seed":17757,"relics":["Ring of the Snake","Oddly Smooth Stone","Bag of Preparation","Question Card","Bottled Flame","Darkstone Periapt","Pen Nib","Juzu Bracelet","Strawberry","Smiling Mask"],"potions_floor_usage":[],"damage_taken":[{"damage":0,"enemies":"2 Louse","floor":1,"turns":1},{"damage":0,"enemies":"Small Slimes","floor":3,"turns":2},{"damage":0,"enemies":"Jaw Worm","floor":4,"turns":1},{"damage":0,"enemies":"Lots of Slimes","floor":5,"turns":3},{"damage":0,"enemies":"Looter","floor":7,"turns":2},{"damage":0,"enemies":"3 Louse","floor":8,"turns":5},{"damage":0,"enemies":"Red Slaver","floor":13,"turns":1},{"damage":30,"enemies":"Lagavulin","floor":14,"turns":5},{"damage":77,"enemies":"Slime Boss","floor":16,"turns":12}],"seed_played":"7071705515201836070","potions_obtained":[{"floor":1,"key":"Explosive Potion"},{"floor":5,"key":"Energy Potion"},{"floor":14,"key":"Poison Potion"}],"is_trial":false,"path_per_floor":["M","?","M","M","M","R","M","M","T","?","R","?","M","E","R"],"character_chosen":"THE_SILENT","items_purchased":[],"campfire_rested":1,"item_purchase_floors":[],"current_hp_per_floor":[70,70,70,70,70,70,70,70,70,67,67,76,83,53,77,0],"gold":259,"neow_bonus":"","is_prod":false,"is_daily":true,"chose_seed":false,"campfire_upgraded":2,"win_rate":0.0,"timestamp":1534228923,"path_taken":["M","?","M","M","M","R","M","?","T","?","R","?","M","E","R","BOSS"],"build_version":"2018-08-09","purchased_purges":0,"victory":false,"max_hp_per_floor":[70,70,70,70,70,70,70,70,70,70,70,76,83,83,83,83],"card_choices":[{"not_picked":["Quick Slash","Skewer","PiercingWail"],"picked":"Distraction","floor":14}],"player_experience":1902,"relics_obtained":[{"floor":1,"key":"Oddly Smooth Stone"},{"floor":3,"key":"Bag of Preparation"},{"floor":4,"key":"Question Card"},{"floor":7,"key":"Bottled Flame"},{"floor":8,"key":"Darkstone Periapt"},{"floor":9,"key":"Pen Nib"},{"floor":13,"key":"Strawberry"},{"floor":14,"key":"Smiling Mask"}],"event_choices":[{"event_name":"Living Wall","player_choice":"Grow","floor":2,"damage_taken":0},{"event_name":"Scrap Ooze","player_choice":"success","floor":10,"damage_taken":3},{"event_name":"Mushrooms","player_choice":"Healed and dodged fight","floor":12,"damage_taken":0}],"is_beta":false,"boss_relics":[],"items_purged_floors":[],"is_endless":false,"potions_floor_spawned":[1,5,14],"killed_by":"Slime Boss","ascension_level":0}