{"gold_per_floor":[114,129,39,54,34,34,49,49,74,89,104,104,119,134,134],"floor_reached":15,"playtime":494,"items_purged":[],"score":191,"play_id":"4667a6bf-872e-48a1-b430-7373d0928e39","local_time":"20190321214337","daily_mods":["SealedDeck","Hoarder","Binary"],"is_ascension_mode":false,"campfire_choices":[{"data":"Loop","floor":6,"key":"SMITH"},{"data":"Loop","floor":12,"key":"SMITH"}],"neow_cost":"","seed_source_timestamp":0,"circlet_count":0,"master_deck":["Streamline","Streamline","Streamline","Ball Lightning","Ball Lightning","Ball Lightning","Melter","Melter","Melter","Loop+1","Loop+1","Loop+1","Ball Lightning","Ball Lightning","Ball Lightning","Redo","Redo","Redo","Glacier","Glacier","Glacier","Melter","Melter","Melter","Consume","Consume","Consume","Gash","Gash","Gash","Gash","Gash","Gash","Dark Shackles","Dark Shackles","Dark Shackles"],"special_seed":17977,"relics":["Cracked Core","Orichalcum"],"potions_floor_usage":[10,13,13,13],"damage_taken":[{"damage":8,"enemies":"Small Slimes","floor":1,"turns":2},{"damage":0,"enemies":"Cultist","floor":2,"turns":2},{"damage":0,"enemies":"2 Louse","floor":4,"turns":2},{"damage":8,"enemies":"Lots of Slimes","floor":7,"turns":3},{"damage":0,"enemies":"3 Louse","floor":10,"turns":3},{"damage":0,"enemies":"Looter","floor":11,"turns":3},{"damage":0,"enemies":"Large Slime","floor":13,"turns":2},{"damage":3,"enemies":"Exordium Wildlife","floor":14,"turns":3}],"seed_played":"-8450436515048289889","potions_obtained":[{"floor":1,"key":"AttackPotion"},{"floor":2,"key":"GamblersBrew"},{"floor":5,"key":"Poison Potion"},{"floor":10,"key":"SkillPotion"}],"is_trial":false,"path_per_floor":["M","M","$","M","?","R","M","?","T","M","M","R","M","M","R"],"character_chosen":"DEFECT","items_purchased":["Dark Shackles"],"campfire_rested":0,"item_purchase_floors":[3],"current_hp_per_floor":[67,67,67,67,67,67,59,59,59,59,59,59,59,56,56],"gold":134,"neow_bonus":"","is_prod":false,"is_daily":true,"chose_seed":false,"campfire_upgraded":2,"win_rate":0,"timestamp":1553229817,"path_taken":["M","M","$","M","?","R","?","?","T","M","M","R","M","M","R"],"build_version":"2019-01-23","purchased_purges":0,"victory":false,"max_hp_per_floor":[75,75,75,75,75,75,75,75,75,75,75,75,75,75,75],"card_choices":[{"not_picked":["Compile Driver"],"picked":"Gash","floor":1},{"not_picked":["Rebound","Conserve Battery"],"picked":"SKIP","floor":2},{"not_picked":["Ball Lightning","Turbo"],"picked":"SKIP","floor":4},{"not_picked":["Sweeping Beam","Conserve Battery"],"picked":"SKIP","floor":7},{"not_picked":["Steam","Storm"],"picked":"SKIP","floor":10},{"not_picked":["Rebound","Hologram"],"picked":"SKIP","floor":11},{"not_picked":["Ball Lightning","Gash"],"picked":"SKIP","floor":13},{"not_picked":["Recycle","Rebound"],"picked":"SKIP","floor":14}],"player_experience":364567,"relics_obtained":[{"floor":9,"key":"Orichalcum"}],"event_choices":[{"damage_healed":0,"gold_gain":0,"player_choice":"Bought 1 Potion","damage_taken":0,"max_hp_gain":0,"max_hp_loss":0,"event_name":"The Woman in Blue","floor":5,"gold_loss":0},{"damage_healed":0,"gold_gain":0,"player_choice":"Upgraded","damage_taken":0,"max_hp_gain":0,"max_hp_loss":0,"event_name":"Upgrade Shrine","floor":8,"gold_loss":0,"cards_upgraded":["Loop"]}],"is_beta":false,"boss_relics":[],"items_purged_floors":[],"is_endless":false,"potions_floor_spawned":[1,2,10,11],"ascension_level":0}