{"gold_per_floor":[20,170,95,95,95,95,128,128,128,147,147,72,86,103,103,181,181,200,211,211,211],"floor_reached":21,"playtime":843,"items_purged":["Regret"],"score":354,"play_id":"ef01cef2-4e66-4d65-8a73-56c28a842e1c","local_time":"20190318211519","is_ascension_mode":true,"campfire_choices":[{"data":"Madness","floor":6,"key":"SMITH"},{"floor":8,"key":"REST"},{"data":"Bash","floor":15,"key":"SMITH"}],"neow_cost":"NO_GOLD","seed_source_timestamp":373499835398300,"circlet_count":0,"master_deck":["AscendersBane","Strike_R","Strike_R","Strike_R","Strike_R","Defend_R","Defend_R","Defend_R","Defend_R","Bash+1","Madness+1","Blind","Pommel Strike","Bloodletting","Battle Trance","Evolve+1","Demon Form+1","Shrug It Off"],"relics":["Burning Blood","Frozen Egg 2","Mercury Hourglass","Happy Flower","Oddly Smooth Stone","Darkstone Periapt","Sozu"],"potions_floor_usage":[16,18,21],"damage_taken":[{"damage":0,"enemies":"2 Louse","floor":1,"turns":3},{"damage":49,"enemies":"3 Sentries","floor":7,"turns":8},{"damage":3,"enemies":"Jaw Worm","floor":10,"turns":2},{"damage":0,"enemies":"Cultist","floor":13,"turns":2},{"damage":8,"enemies":"Large Slime","floor":14,"turns":5},{"damage":30,"enemies":"Hexaghost","floor":16,"turns":9},{"damage":25,"enemies":"3 Byrds","floor":18,"turns":5},{"damage":23,"enemies":"Spheric Guardian","floor":19,"turns":5},{"damage":32,"enemies":"Centurion and Healer","floor":21,"turns":4}],"seed_played":"-9165256404963552657","potions_obtained":[{"floor":7,"key":"Block Potion"},{"floor":13,"key":"Energy Potion"},{"floor":16,"key":"PowerPotion"}],"is_trial":false,"path_per_floor":["M","?","?","?","?","R","E","R","T","M","T","$","M","M","R","B",null,"M","M","?","M"],"character_chosen":"IRONCLAD","items_purchased":[],"campfire_rested":1,"item_purchase_floors":[],"current_hp_per_floor":[74,74,74,74,56,56,13,35,35,38,38,38,44,42,42,18,61,42,25,25,0],"gold":211,"neow_bonus":"RANDOM_COLORLESS_2","is_prod":false,"is_daily":false,"chose_seed":false,"campfire_upgraded":2,"win_rate":0,"timestamp":1552943719,"path_taken":["M","?","?","?","?","R","E","R","T","M","?","?","M","M","R","BOSS","M","M","?","M"],"build_version":"2019-01-23","purchased_purges":1,"victory":false,"max_hp_per_floor":[75,75,75,75,75,75,75,75,75,75,75,75,75,75,75,75,75,75,75,75,75],"card_choices":[{"not_picked":["Warcry","Clash"],"picked":"Pommel Strike","floor":1},{"not_picked":["Sword Boomerang","Wild Strike"],"picked":"Bloodletting","floor":7},{"not_picked":["Body Slam","Infernal Blade"],"picked":"Battle Trance","floor":10},{"not_picked":["Sword Boomerang","Clothesline","Rage"],"picked":"SKIP","floor":13},{"not_picked":["Burning Pact","Shrug It Off"],"picked":"Evolve+1","floor":14},{"not_picked":["Impervious","Reaper"],"picked":"Demon Form+1","floor":16},{"not_picked":["Sword Boomerang","Evolve+1"],"picked":"Shrug It Off","floor":18},{"not_picked":["Twin Strike","Shrug It Off","Iron Wave"],"picked":"SKIP","floor":19}],"player_experience":404163,"relics_obtained":[{"floor":7,"key":"Happy Flower"},{"floor":9,"key":"Oddly Smooth Stone"},{"floor":11,"key":"Darkstone Periapt"}],"event_choices":[{"damage_healed":0,"gold_gain":150,"player_choice":"AGREE","damage_taken":0,"max_hp_gain":0,"max_hp_loss":0,"event_name":"Liars Game","floor":2,"gold_loss":0,"cards_obtained":["Doubt"]},{"cards_removed":["Doubt"],"damage_healed":0,"gold_gain":0,"player_choice":"Card Removal","damage_taken":0,"max_hp_gain":0,"max_hp_loss":0,"event_name":"The Cleric","floor":3,"gold_loss":75},{"damage_healed":0,"gold_gain":0,"player_choice":"Box","damage_taken":0,"relics_obtained":["Frozen Egg 2"],"max_hp_gain":0,"max_hp_loss":0,"event_name":"Big Fish","floor":4,"gold_loss":0,"cards_obtained":["Regret"]},{"damage_healed":0,"gold_gain":0,"player_choice":"Success","damage_taken":18,"relics_obtained":["Mercury Hourglass"],"max_hp_gain":0,"max_hp_loss":0,"event_name":"Scrap Ooze","floor":5,"gold_loss":0},{"cards_removed":["Strike_R"],"damage_healed":0,"gold_gain":0,"player_choice":"Purged","damage_taken":0,"max_hp_gain":0,"max_hp_loss":0,"event_name":"Purifier","floor":20,"gold_loss":0}],"is_beta":false,"boss_relics":[{"not_picked":["Astrolabe","Runic Pyramid"],"picked":"Sozu"}],"items_purged_floors":[12],"is_endless":false,"potions_floor_spawned":[7,13,16,18,19],"killed_by":"Centurion and Healer","ascension_level":20}