{"gold_per_floor":[115,115,125,201,216,249,249,264,264,339,339,439,439,456,456,456],"floor_reached":16,"playtime":392,"items_purged":[],"score":155,"play_id":"4a4eff33-ccca-4080-85b7-c5190af0771b","local_time":"20180930193713","is_ascension_mode":true,"campfire_choices":[{"data":"Blade Dance","floor":7,"key":"SMITH"},{"floor":13,"key":"REST"},{"data":"Neutralize","floor":15,"key":"SMITH"}],"neow_cost":"NONE","seed_source_timestamp":12331658601578,"circlet_count":0,"master_deck":["Defend_G","Defend_G","Defend_G","Defend_G","Defend_G","Strike_G","Strike_G","Strike_G","Strike_G","Strike_G","Survivor","Neutralize+1","AscendersBane","Dash","Calculated Gamble","Dagger Spray","Blade Dance+1","A Thousand Cuts"],"relics":["Ring of the Snake","NeowsBlessing","Du-Vu Doll","Singing Bowl"],"potions_floor_usage":[16,16],"damage_taken":[{"damage":0,"enemies":"Cultist","floor":1,"turns":1},{"damage":0,"enemies":"Small Slimes","floor":3,"turns":1},{"damage":0,"enemies":"2 Louse","floor":5,"turns":1},{"damage":30,"enemies":"3 Sentries","floor":6,"turns":9},{"damage":8,"enemies":"Exordium Thugs","floor":8,"turns":4},{"damage":3,"enemies":"3 Louse","floor":14,"turns":2},{"damage":37,"enemies":"Slime Boss","floor":16,"turns":8}],"seed_played":"3502845262309441377","potions_obtained":[{"floor":1,"key":"Swift Potion"},{"floor":6,"key":"Poison Potion"},{"floor":11,"key":"GhostInAJar"},{"floor":11,"key":"Block Potion"}],"is_trial":false,"path_per_floor":["M","$","M","?","M","E","R","M","T","?","?","?","R","M","R"],"character_chosen":"THE_SILENT","items_purchased":[],"campfire_rested":1,"item_purchase_floors":[],"current_hp_per_floor":[63,63,63,63,63,33,33,25,25,14,14,14,35,32,32,0],"gold":456,"neow_bonus":"THREE_ENEMY_KILL","is_prod":false,"is_daily":false,"chose_seed":false,"campfire_upgraded":2,"win_rate":0,"timestamp":1538332633,"path_taken":["M","$","?","?","M","E","R","M","T","?","?","?","R","?","R","BOSS"],"build_version":"2018-09-27","purchased_purges":0,"victory":false,"max_hp_per_floor":[70,70,70,70,70,70,70,70,70,70,70,70,70,70,70,70],"card_choices":[{"not_picked":["Distraction","Cloak And Dagger"],"picked":"Dash","floor":1},{"not_picked":["Prepared","PiercingWail"],"picked":"Calculated Gamble","floor":3},{"not_picked":["Outmaneuver","Slice"],"picked":"Dagger Spray","floor":5},{"not_picked":["Poisoned Stab","Footwork"],"picked":"Blade Dance","floor":6},{"not_picked":["Bane","Dagger Throw","Bouncing Flask"],"picked":"SKIP","floor":8},{"not_picked":["Outmaneuver","Deflect"],"picked":"A Thousand Cuts","floor":14}],"player_experience":390639,"relics_obtained":[{"floor":6,"key":"Du-Vu Doll"},{"floor":9,"key":"Singing Bowl"}],"event_choices":[{"event_name":"Golden Wing","player_choice":"Gained Gold","floor":4,"damage_taken":0},{"event_name":"World of Goop","player_choice":"Gather Gold","floor":10,"damage_taken":0},{"event_name":"The Lab","player_choice":"Got Potions","floor":11,"damage_taken":0},{"event_name":"Wheel of Change","player_choice":"Gold","floor":12,"damage_taken":0}],"is_beta":false,"boss_relics":[],"items_purged_floors":[],"is_endless":false,"potions_floor_spawned":[1,6],"killed_by":"Slime Boss","ascension_level":11}