{"gold_per_floor":[117,137,41,216,291,291,9,9,9,9,22,49,67,77,77,77],"floor_reached":16,"playtime":656,"items_purged":[],"score":105,"play_id":"43438997-5ef9-4530-b460-e3d20dc107ba","local_time":"20180817221535","is_ascension_mode":true,"campfire_choices":[{"floor":6,"key":"REST"},{"data":"Bash","floor":8,"key":"SMITH"},{"floor":15,"key":"REST"}],"neow_cost":"NONE","seed_source_timestamp":294912863243677,"circlet_count":0,"master_deck":["Strike_R","Strike_R","Strike_R","Strike_R","Strike_R","Defend_R","Defend_R","Defend_R","Defend_R","Bash+1","Pommel Strike","Seeing Red","Madness","Doubt","Armaments","Bloodletting","Pommel Strike","Impervious","Heavy Blade"],"relics":["Burning Blood","Happy Flower","Gremlin Horn","Bottled Lightning","Meat on the Bone"],"potions_floor_usage":[],"damage_taken":[{"damage":6,"enemies":"Jaw Worm","floor":1,"turns":6},{"damage":7,"enemies":"Small Slimes","floor":2,"turns":3},{"damage":4,"enemies":"Cultist","floor":11,"turns":4},{"damage":38,"enemies":"Lagavulin","floor":12,"turns":7},{"damage":30,"enemies":"Large Slime","floor":13,"turns":8},{"damage":3,"enemies":"Exordium Wildlife","floor":14,"turns":3},{"damage":77,"enemies":"Hexaghost","floor":16,"turns":9}],"seed_played":"-1611336876323537742","potions_obtained":[{"floor":1,"key":"SkillPotion"},{"floor":13,"key":"Ancient Potion"}],"is_trial":false,"path_per_floor":["M","M","$","?","?","R","$","R","T","$","M","E","M","M","R"],"character_chosen":"IRONCLAD","items_purchased":["Madness","Gremlin Horn","Armaments"],"campfire_rested":2,"item_purchase_floors":[3,7,7],"current_hp_per_floor":[80,79,79,79,68,80,80,80,80,80,80,48,36,51,75,0],"gold":77,"neow_bonus":"RANDOM_COMMON_RELIC","is_prod":false,"is_daily":false,"chose_seed":false,"campfire_upgraded":1,"win_rate":0,"timestamp":1534569335,"path_taken":["M","M","$","?","?","R","$","R","T","?","M","E","?","M","R","BOSS"],"build_version":"2018-08-16","purchased_purges":0,"victory":false,"max_hp_per_floor":[80,80,80,80,80,80,80,80,80,80,80,80,80,80,80,80],"card_choices":[{"not_picked":["Second Wind","Armaments"],"picked":"Pommel Strike","floor":1},{"not_picked":["Heavy Blade","Twin Strike"],"picked":"Seeing Red","floor":2},{"not_picked":["Evolve","Perfected Strike"],"picked":"Bloodletting","floor":11},{"not_picked":["Headbutt","Combust"],"picked":"Pommel Strike","floor":12},{"not_picked":["Clash","True Grit"],"picked":"Impervious","floor":13},{"not_picked":["Twin Strike","True Grit"],"picked":"Heavy Blade","floor":14}],"player_experience":20701,"relics_obtained":[{"floor":9,"key":"Bottled Lightning"},{"floor":12,"key":"Meat on the Bone"}],"event_choices":[{"event_name":"Liars Game","player_choice":"agreed","floor":4,"damage_taken":0},{"event_name":"World of Goop","player_choice":"Gather Gold","floor":5,"damage_taken":0}],"is_beta":false,"boss_relics":[],"items_purged_floors":[],"is_endless":false,"potions_floor_spawned":[1,13],"killed_by":"Hexaghost","ascension_level":1}