{"gold_per_floor":[213,227,2,2,22,51,51,66,66,85,99,22,34,34,34,136,136,150,168,168,16,16,16,49,49,73,83,93,121,81,93,93,195,195,207,31,131,0,46,46,57,3,79,11,11,25,25,75,75,75,75,75,1,31,31],"floor_reached":55,"playtime":3327,"items_purged":[],"score":735,"play_id":"3ebbe804-1982-4442-be49-411904b514e1","local_time":"20181217181213","is_ascension_mode":false,"campfire_choices":[{"floor":7,"key":"REST"},{"floor":15,"key":"REST"},{"floor":23,"key":"RECALL"},{"floor":25,"key":"REST"},{"floor":32,"key":"REST"},{"floor":40,"key":"REST"},{"floor":45,"key":"REST"},{"floor":47,"key":"REST"},{"floor":49,"key":"REST"},{"floor":52,"key":"REST"}],"neow_cost":"NONE","seed_source_timestamp":125505473203514,"circlet_count":0,"master_deck":["Defend_G","Defend_G","Defend_G","Defend_G","Defend_G","Strike_G","Strike_G+1","Strike_G","Strike_G","Strike_G","Survivor","Neutralize","Backstab+1","Dash","Choke","Cloak And Dagger","Blade Dance","Crippling Poison","Poisoned Stab","Noxious Fumes","Infinite Blades+1","Bane","Bullet Time","Dash+1","Accuracy","Blade Dance","Poisoned Stab","PiercingWail","Dagger Spray+1","Choke+1","A Thousand Cuts","Calculated Gamble+1","Cloak And Dagger","Flechettes+1","Poisoned Stab","Leg Sweep","Flying Knee","Finisher","Distraction","Skewer+1"],"relics":["Ring of the Snake","Snake Skull","Du-Vu Doll","Gremlin Horn","Fusion Hammer","Oddly Smooth Stone","MutagenicStrength","Unceasing Top","Art of War","Bag of Marbles","Runic Pyramid","Anchor","Turnip","Red Mask","Tough Bandages","Mercury Hourglass","PreservedInsect","Orichalcum"],"potions_floor_usage":[16,29,33,50,55],"damage_taken":[{"damage":0,"enemies":"Jaw Worm","floor":1,"turns":6},{"damage":0,"enemies":"2 Louse","floor":2,"turns":1},{"damage":0,"enemies":"Small Slimes","floor":5,"turns":1},{"damage":23,"enemies":"Gremlin Nob","floor":6,"turns":5},{"damage":10,"enemies":"Looter","floor":8,"turns":2},{"damage":7,"enemies":"Red Slaver","floor":10,"turns":2},{"damage":6,"enemies":"3 Louse","floor":11,"turns":3},{"damage":7,"enemies":"Looter","floor":13,"turns":3},{"damage":19,"enemies":"Hexaghost","floor":16,"turns":9},{"damage":15,"enemies":"2 Thieves","floor":18,"turns":3},{"damage":2,"enemies":"Shell Parasite","floor":19,"turns":5},{"damage":5,"enemies":"Book of Stabbing","floor":24,"turns":5},{"damage":7,"enemies":"Sentry and Sphere","floor":27,"turns":6},{"damage":8,"enemies":"Chosen and Byrds","floor":28,"turns":6},{"damage":11,"enemies":"Slavers","floor":29,"turns":5},{"damage":9,"enemies":"Centurion and Healer","floor":31,"turns":3},{"damage":52,"enemies":"Automaton","floor":33,"turns":8},{"damage":0,"enemies":"3 Darklings","floor":35,"turns":3},{"damage":12,"enemies":"Mind Bloom Boss Battle","floor":37,"turns":7},{"damage":19,"enemies":"2 Orb Walkers","floor":39,"turns":4},{"damage":14,"enemies":"3 Shapes","floor":41,"turns":3},{"damage":8,"enemies":"Maw","floor":46,"turns":7},{"damage":81,"enemies":"Time Eater","floor":50,"turns":10},{"damage":22,"enemies":"Shield and Spear","floor":54,"turns":5},{"damage":49,"enemies":"The Heart","floor":55,"turns":6}],"seed_played":"-697794724713805067","potions_obtained":[{"floor":2,"key":"SpeedPotion"},{"floor":8,"key":"SpeedPotion"},{"floor":16,"key":"PowerPotion"},{"floor":18,"key":"Explosive Potion"},{"floor":28,"key":"Block Potion"},{"floor":29,"key":"FairyPotion"},{"floor":39,"key":"AttackPotion"}],"is_trial":false,"path_per_floor":["M","M","$","?","M","E","R","M","T","M","M","$","M","?","R","B",null,"M","M","?","$","?","R","E","R","T","M","M","E","?","M","R","B",null,"M","$","?","?","?","R","M","$","T","$","R","M","R","T","R","B",null,"R","$","E","B"],"character_chosen":"THE_SILENT","items_purchased":["Snake Skull","Choke","Infinite Blades","Oddly Smooth Stone","Anchor","Cloak And Dagger","Flying Knee","Finisher","GhostInAJar"],"campfire_rested":9,"item_purchase_floors":[3,3,12,21,36,36,42,44,53],"current_hp_per_floor":[70,70,70,56,56,33,54,44,44,37,31,31,24,17,38,19,70,55,53,53,53,53,53,48,69,69,62,54,43,43,34,55,3,70,70,70,58,58,39,60,46,46,46,46,67,59,70,70,70,7,70,70,70,48,0],"gold":31,"neow_bonus":"HUNDRED_GOLD","is_prod":false,"is_daily":false,"chose_seed":false,"campfire_upgraded":0,"win_rate":0,"timestamp":1545099133,"path_taken":["M","M","$","?","M","E","R","M","T","M","M","$","M","?","R","BOSS","M","M","?","$","?","R","E","R","T","M","M","E","?","M","R","BOSS","M","$","?","?","?","R","M","$","T","$","R","M","R","?","R","BOSS","R","$","E","BOSS"],"build_version":"2018-12-13","purchased_purges":0,"victory":false,"max_hp_per_floor":[70,70,70,70,70,70,70,70,70,70,70,70,70,70,70,70,70,70,70,70,70,70,70,70,70,70,70,70,70,70,70,70,70,70,70,70,70,70,70,70,70,70,70,70,70,70,70,70,70,70,70,70,70,70,70],"card_choices":[{"not_picked":["Dagger Throw","Expertise"],"picked":"Backstab","floor":1},{"not_picked":["Flechettes","Prepared"],"picked":"Dash","floor":2},{"not_picked":["Dash","Deflect"],"picked":"Cloak And Dagger","floor":5},{"not_picked":["Flechettes","Prepared"],"picked":"Blade Dance","floor":6},{"not_picked":["Finisher","PiercingWail"],"picked":"Crippling Poison","floor":8},{"not_picked":["Deadly Poison","Prepared"],"picked":"Poisoned Stab","floor":10},{"not_picked":["Flechettes","All Out Attack"],"picked":"Noxious Fumes","floor":11},{"not_picked":["Dagger Spray","All Out Attack"],"picked":"Bane","floor":13},{"not_picked":["Night Terror","Doppelganger"],"picked":"Bullet Time","floor":16},{"not_picked":["Dagger Throw","Slice"],"picked":"Dash+1","floor":18},{"not_picked":["Noxious Fumes","Dodge and Roll"],"picked":"Accuracy","floor":19},{"not_picked":["Setup","Bouncing Flask"],"picked":"Blade Dance","floor":24},{"not_picked":["Sucker Punch","Calculated Gamble"],"picked":"Poisoned Stab","floor":27},{"not_picked":["Underhanded Strike","Acrobatics+1"],"picked":"PiercingWail","floor":28},{"not_picked":["Dagger Throw","Masterful Stab"],"picked":"Dagger Spray+1","floor":29},{"not_picked":["Prepared","Doppelganger"],"picked":"Choke+1","floor":31},{"not_picked":["Bullet Time","Grand Finale"],"picked":"A Thousand Cuts","floor":33},{"not_picked":["Deflect+1","Tactician+1"],"picked":"Calculated Gamble+1","floor":35},{"not_picked":["Quick Slash+1","Dagger Throw"],"picked":"Flechettes+1","floor":37},{"not_picked":["Underhanded Strike+1","Heel Hook"],"picked":"Poisoned Stab","floor":39},{"not_picked":["Underhanded Strike+1","Deflect"],"picked":"Leg Sweep","floor":41},{"not_picked":["Acrobatics","Bane+1"],"picked":"Distraction","floor":46},{"not_picked":["Unload","Bane+1"],"picked":"Skewer+1","floor":54}],"player_experience":288754,"relics_obtained":[{"floor":6,"key":"Du-Vu Doll"},{"floor":24,"key":"Unceasing Top"},{"floor":26,"key":"Art of War"},{"floor":29,"key":"Bag of Marbles"},{"floor":37,"key":"Turnip"},{"floor":39,"key":"Tough Bandages"},{"floor":43,"key":"Mercury Hourglass"},{"floor":48,"key":"PreservedInsect"},{"floor":54,"key":"Orichalcum"}],"event_choices":[{"damage_healed":0,"gold_gain":0,"player_choice":"Entered Light","damage_taken":14,"max_hp_gain":0,"max_hp_loss":0,"event_name":"Shining Light","floor":4,"gold_loss":0,"cards_upgraded":["Backstab","Strike_G"]},{"damage_healed":0,"gold_gain":0,"player_choice":"Success","damage_taken":7,"relics_obtained":["Gremlin Horn"],"max_hp_gain":0,"max_hp_loss":0,"event_name":"Scrap Ooze","floor":14,"gold_loss":0},{"damage_healed":0,"gold_gain":0,"player_choice":"Ignored","damage_taken":0,"max_hp_gain":0,"max_hp_loss":0,"event_name":"Vampires","floor":20,"gold_loss":0},{"damage_healed":0,"gold_gain":0,"player_choice":"Inject Mutagens","damage_taken":0,"relics_obtained":["MutagenicStrength"],"max_hp_gain":0,"max_hp_loss":0,"event_name":"Drug Dealer","floor":22,"gold_loss":0},{"damage_healed":0,"gold_gain":0,"player_choice":"Upgrade","damage_taken":0,"max_hp_gain":0,"max_hp_loss":0,"event_name":"Designer","floor":30,"gold_loss":40,"cards_upgraded":["Infinite Blades"]},{"damage_healed":0,"gold_gain":0,"player_choice":"Fight","damage_taken":0,"max_hp_gain":0,"max_hp_loss":0,"event_name":"MindBloom","floor":37,"gold_loss":0},{"damage_healed":0,"gold_gain":0,"player_choice":"Paid","damage_taken":0,"relics_obtained":["Red Mask"],"max_hp_gain":0,"max_hp_loss":0,"event_name":"Tomb of Lord Red Mask","floor":38,"gold_loss":131},{"damage_healed":0,"gold_gain":0,"player_choice":"Fight","damage_taken":0,"max_hp_gain":0,"max_hp_loss":0,"event_name":"Mysterious Sphere","floor":39,"gold_loss":0}],"is_beta":false,"boss_relics":[{"not_picked":["Coffee Dripper","HoveringKite"],"picked":"Fusion Hammer"},{"not_picked":["Tiny House","Orrery"],"picked":"Runic Pyramid"}],"items_purged_floors":[],"is_endless":false,"potions_floor_spawned":[2,8,16,18,28,29,39,41,46],"killed_by":"The Heart","ascension_level":0}