{"gold_per_floor":[118,136,147,147,8,43,56,67,67,67,77,87,87,105,105,105],"floor_reached":16,"playtime":517,"items_purged":[],"score":212,"play_id":"53ed679a-b65f-435e-a65e-aaec247f644f","local_time":"20190501115446","is_ascension_mode":true,"campfire_choices":[{"floor":10,"key":"REST"},{"data":"Hologram","floor":15,"key":"SMITH"}],"neow_cost":"NONE","seed_source_timestamp":3798324860865467,"circlet_count":0,"master_deck":["AscendersBane","Strike_B","Strike_B","Strike_B","Strike_B","Defend_B","Defend_B+1","Defend_B","Defend_B","Zap","Dualcast","Steam+1","Compile Driver","Conserve Battery","Defragment","Self Repair","Leap","Sweeping Beam","Beam Cell","All For One","Hologram+1"],"relics":["Cracked Core","NeowsBlessing","Bottled Flame","Omamori"],"potions_floor_usage":[6,6,11,12,16],"damage_taken":[{"damage":0,"enemies":"Cultist","floor":1,"turns":1},{"damage":0,"enemies":"Jaw Worm","floor":2,"turns":1},{"damage":0,"enemies":"Small Slimes","floor":3,"turns":1},{"damage":28,"enemies":"Gremlin Nob","floor":6,"turns":4},{"damage":12,"enemies":"Exordium Thugs","floor":7,"turns":6},{"damage":2,"enemies":"3 Louse","floor":8,"turns":5},{"damage":6,"enemies":"Lots of Slimes","floor":11,"turns":3},{"damage":16,"enemies":"Exordium Thugs","floor":12,"turns":4},{"damage":1,"enemies":"Looter","floor":14,"turns":5},{"damage":65,"enemies":"The Guardian","floor":16,"turns":12}],"seed_played":"-8867272124233731451","potions_obtained":[{"floor":2,"key":"PowerPotion"},{"floor":6,"key":"LiquidBronze"},{"floor":8,"key":"FearPotion"},{"floor":13,"key":"Block Potion"},{"floor":13,"key":"FairyPotion"}],"is_trial":false,"path_per_floor":["M","M","M","?","$","E","M","M","T","R","M","M","?","M","R","B"],"character_chosen":"DEFECT","items_purchased":["Defragment","FearPotion"],"campfire_rested":1,"item_purchase_floors":[5,5],"current_hp_per_floor":[64,64,64,43,43,15,10,15,15,36,30,21,21,27,27,0],"gold":105,"neow_bonus":"THREE_ENEMY_KILL","is_prod":false,"is_daily":false,"chose_seed":false,"campfire_upgraded":1,"win_rate":0,"timestamp":1556708086,"path_taken":["M","?","M","?","$","E","M","M","T","R","M","M","?","?","R","BOSS"],"build_version":"2019-01-23","purchased_purges":0,"victory":false,"max_hp_per_floor":[71,71,71,71,71,71,71,71,71,71,71,71,71,71,71,71],"card_choices":[{"not_picked":["Stack","Hologram"],"picked":"Steam","floor":1},{"not_picked":["Stack","Barrage"],"picked":"Compile Driver","floor":2},{"not_picked":["Beam Cell","Fusion"],"picked":"Conserve Battery","floor":3},{"not_picked":["Leap","Streamline"],"picked":"Self Repair","floor":6},{"not_picked":["Coolheaded","Reprogram"],"picked":"Leap","floor":7},{"not_picked":["Rip and Tear","Blizzard"],"picked":"Sweeping Beam","floor":8},{"not_picked":["Self Repair","Compile Driver"],"picked":"Beam Cell","floor":11},{"not_picked":["Consume","Darkness"],"picked":"All For One","floor":12},{"not_picked":["Leap","Genetic Algorithm"],"picked":"Hologram","floor":14}],"player_experience":764224,"relics_obtained":[{"floor":6,"key":"Bottled Flame"},{"floor":9,"key":"Omamori"}],"event_choices":[{"damage_healed":0,"gold_gain":0,"player_choice":"Entered Light","damage_taken":21,"max_hp_gain":0,"max_hp_loss":0,"event_name":"Shining Light","floor":4,"gold_loss":0,"cards_upgraded":["Steam","Defend_B"]},{"damage_healed":0,"gold_gain":0,"player_choice":"Got Potions","damage_taken":0,"max_hp_gain":0,"max_hp_loss":0,"event_name":"Lab","floor":13,"gold_loss":0}],"is_beta":false,"boss_relics":[],"items_purged_floors":[],"is_endless":false,"potions_floor_spawned":[2,6,8],"killed_by":"The Guardian","ascension_level":20}