{"gold_per_floor":[116,116,133,133,144,155,190,203,249,249,226,226,226,226,226,326,326,344,354,6,6,25,25,55,67,367,367,367],"floor_reached":28,"playtime":868,"items_purged":["Strike_B"],"score":261,"play_id":"8ee0dba0-288b-4d19-9979-8cd4bf8deed8","local_time":"20190405135140","is_ascension_mode":true,"campfire_choices":[{"floor":12,"key":"REST"},{"floor":15,"key":"REST"},{"floor":23,"key":"REST"},{"floor":27,"key":"REST"}],"neow_cost":"NONE","seed_source_timestamp":1524129636460506,"circlet_count":0,"master_deck":["Strike_B","Strike_B","Defend_B+1","Defend_B","Defend_B","Zap+1","Dualcast","Hologram","Conserve Battery","Ball Lightning","Sunder","Self Repair","Auto Shields","Multi-Cast","Conserve Battery+1","White Noise","Self Repair","Echo Form","Echo Form","Redo","Ball Lightning"],"relics":["Cracked Core","NeowsBlessing","Darkstone Periapt","Spirit Poop","Symbiotic Virus","PreservedInsect","Vajra","Empty Cage","DollysMirror","Bottled Flame","Old Coin"],"potions_floor_usage":[7,7,25],"damage_taken":[{"damage":0,"enemies":"Jaw Worm","floor":1,"turns":1},{"damage":0,"enemies":"Small Slimes","floor":3,"turns":1},{"damage":0,"enemies":"Cultist","floor":5,"turns":1},{"damage":16,"enemies":"Exordium Wildlife","floor":6,"turns":4},{"damage":20,"enemies":"Gremlin Nob","floor":7,"turns":4},{"damage":16,"enemies":"3 Louse","floor":8,"turns":3},{"damage":30,"enemies":"Slime Boss","floor":16,"turns":10},{"damage":5,"enemies":"2 Thieves","floor":18,"turns":3},{"damage":14,"enemies":"Spheric Guardian","floor":19,"turns":4},{"damage":59,"enemies":"Chosen and Byrds","floor":22,"turns":6},{"damage":38,"enemies":"Slavers","floor":24,"turns":3},{"damage":19,"enemies":"Snake Plant","floor":25,"turns":3},{"damage":35,"enemies":"Centurion and Healer","floor":28,"turns":4}],"seed_played":"-1567240578433157982","potions_obtained":[{"floor":3,"key":"GamblersBrew"},{"floor":5,"key":"SteroidPotion"},{"floor":24,"key":"PowerPotion"}],"is_trial":false,"path_per_floor":["M","?","M","?","M","M","E","M","T","?","?","R","T","?","R","B",null,"M","M","$","?","M","R","E","M","T","R","M"],"character_chosen":"DEFECT","items_purchased":["DollysMirror","Echo Form"],"campfire_rested":4,"item_purchase_floors":[20,20],"current_hp_per_floor":[75,81,81,81,81,65,45,36,36,20,20,44,44,26,50,20,81,81,74,74,74,29,53,22,10,10,34,0],"gold":367,"neow_bonus":"THREE_ENEMY_KILL","is_prod":false,"is_daily":false,"chose_seed":false,"campfire_upgraded":0,"win_rate":0,"timestamp":1554497500,"path_taken":["M","?","M","?","?","M","E","M","T","?","?","R","?","?","R","BOSS","M","M","$","?","M","R","E","M","T","R","?"],"build_version":"2019-01-23","purchased_purges":1,"victory":false,"max_hp_per_floor":[75,81,81,81,81,81,81,81,81,81,81,81,81,81,81,81,81,81,81,81,81,81,81,81,81,81,81,81],"card_choices":[{"not_picked":["Coolheaded","Steam"],"picked":"Hologram","floor":1},{"not_picked":["Sweeping Beam","Cold Snap"],"picked":"Conserve Battery","floor":3},{"not_picked":["Darkness","Blizzard"],"picked":"Ball Lightning","floor":5},{"not_picked":["Stack","Reinforced Body"],"picked":"Sunder","floor":6},{"not_picked":["Reprogram","Scrape"],"picked":"Self Repair","floor":7},{"not_picked":["Stack","Reprogram"],"picked":"Auto Shields","floor":8},{"not_picked":["Hyperbeam","Reboot"],"picked":"Multi-Cast","floor":16},{"not_picked":["Barrage","Stack+1"],"picked":"Conserve Battery+1","floor":18},{"not_picked":["Turbo","Stack"],"picked":"White Noise","floor":19},{"not_picked":["Chill","Streamline"],"picked":"Redo","floor":22},{"not_picked":["Stack","Hologram"],"picked":"Ball Lightning","floor":24},{"not_picked":["Go for the Eyes","Sweeping Beam+1","Hologram"],"picked":"SKIP","floor":25}],"player_experience":400883,"relics_obtained":[{"floor":7,"key":"Symbiotic Virus"},{"floor":9,"key":"PreservedInsect"},{"floor":24,"key":"Bottled Flame"},{"floor":26,"key":"Old Coin"}],"event_choices":[{"damage_healed":0,"gold_gain":0,"player_choice":"Box","damage_taken":0,"relics_obtained":["Darkstone Periapt"],"max_hp_gain":0,"max_hp_loss":0,"event_name":"Big Fish","floor":2,"gold_loss":0,"cards_obtained":["Regret"]},{"cards_removed":["Regret"],"damage_healed":0,"gold_gain":0,"player_choice":"Offered Curse","damage_taken":0,"relics_obtained":["Spirit Poop"],"max_hp_gain":0,"max_hp_loss":0,"event_name":"Bonfire Elementals","floor":4,"gold_loss":0},{"damage_healed":0,"gold_gain":0,"player_choice":"Entered Light","damage_taken":16,"max_hp_gain":0,"max_hp_loss":0,"event_name":"Shining Light","floor":10,"gold_loss":0,"cards_upgraded":["Defend_B","Zap"]},{"damage_healed":0,"gold_gain":0,"player_choice":"Left Gold","damage_taken":0,"max_hp_gain":0,"max_hp_loss":0,"event_name":"World of Goop","floor":11,"gold_loss":23},{"damage_healed":0,"gold_gain":0,"player_choice":"Success","damage_taken":18,"relics_obtained":["Vajra"],"max_hp_gain":0,"max_hp_loss":0,"event_name":"Scrap Ooze","floor":14,"gold_loss":0},{"damage_healed":0,"gold_gain":0,"player_choice":"Copied","damage_taken":0,"max_hp_gain":0,"max_hp_loss":0,"event_name":"Duplicator","floor":21,"gold_loss":0,"cards_obtained":["Echo Form"]}],"is_beta":false,"boss_relics":[{"not_picked":["Philosopher\u0027s Stone","Runic Pyramid"],"picked":"Empty Cage"}],"items_purged_floors":[20],"is_endless":false,"potions_floor_spawned":[3,5,24],"killed_by":"Centurion and Healer","ascension_level":2}