{"gold_per_floor":[119,7,7,7,18,51,51,79,79,112,262,262,262,289,289,289],"floor_reached":16,"playtime":861,"items_purged":["Strike_G"],"score":298,"play_id":"3410f39d-3f9b-4c17-a01d-dc165694a3da","local_time":"20190504131955","is_ascension_mode":true,"campfire_choices":[{"data":"Dagger Throw","floor":7,"key":"SMITH"},{"floor":13,"key":"REST"},{"floor":15,"key":"REST"}],"neow_cost":"NONE","seed_source_timestamp":231789078683358,"circlet_count":0,"master_deck":["AscendersBane","Defend_G","Defend_G","Defend_G","Defend_G","Defend_G","Strike_G","Strike_G","Survivor","Neutralize","Dagger Throw+1","Tactician","Slice","Bouncing Flask","Finisher","Endless Agony","Doubt","Flying Knee"],"relics":["Ring of the Snake","NeowsBlessing","The Specimen","Ornamental Fan","Darkstone Periapt","Ninja Scroll","Ice Cream"],"potions_floor_usage":[8,10,16],"damage_taken":[{"damage":0,"enemies":"2 Louse","floor":1,"turns":1},{"damage":0,"enemies":"Small Slimes","floor":5,"turns":1},{"damage":0,"enemies":"3 Sentries","floor":6,"turns":1},{"damage":12,"enemies":"Lagavulin","floor":8,"turns":6},{"damage":29,"enemies":"Gremlin Nob","floor":10,"turns":4},{"damage":30,"enemies":"3 Sentries","floor":14,"turns":6},{"damage":36,"enemies":"Slime Boss","floor":16,"turns":7}],"seed_played":"-6308717763141265882","potions_obtained":[{"floor":6,"key":"Swift Potion"},{"floor":8,"key":"EssenceOfSteel"},{"floor":14,"key":"Strength Potion"}],"is_trial":false,"path_per_floor":["M","$","?","?","M","E","R","E","T","E","?","?","R","E","R","B"],"character_chosen":"THE_SILENT","items_purchased":["Tactician"],"campfire_rested":2,"item_purchase_floors":[2],"current_hp_per_floor":[59,59,52,52,52,52,52,40,40,11,17,17,38,8,29,0],"gold":289,"neow_bonus":"THREE_ENEMY_KILL","is_prod":false,"is_daily":false,"chose_seed":false,"campfire_upgraded":1,"win_rate":0,"timestamp":1556968795,"path_taken":["M","$","?","?","?","E","R","E","T","E","?","?","R","E","R","BOSS"],"build_version":"2019-01-23","purchased_purges":1,"victory":false,"max_hp_per_floor":[66,66,66,66,66,66,66,66,66,66,72,72,72,72,72,72],"card_choices":[{"not_picked":["PiercingWail","Calculated Gamble"],"picked":"Dagger Throw","floor":1},{"not_picked":["Dodge and Roll","Tactician"],"picked":"Slice","floor":5},{"not_picked":["Dodge and Roll","Skewer"],"picked":"Bouncing Flask","floor":6},{"not_picked":["Flechettes","Setup"],"picked":"Finisher","floor":8},{"not_picked":["Dagger Throw","Reflex"],"picked":"Endless Agony","floor":10},{"not_picked":["PiercingWail","Underhanded Strike"],"picked":"Flying Knee","floor":14}],"player_experience":1989726,"relics_obtained":[{"floor":6,"key":"The Specimen"},{"floor":8,"key":"Ornamental Fan"},{"floor":9,"key":"Darkstone Periapt"},{"floor":10,"key":"Ninja Scroll"},{"floor":14,"key":"Ice Cream"}],"event_choices":[{"cards_removed":["Strike_G"],"damage_healed":0,"gold_gain":0,"player_choice":"Card Removal","damage_taken":7,"max_hp_gain":0,"max_hp_loss":0,"event_name":"Golden Wing","floor":3,"gold_loss":0},{"cards_removed":["Strike_G"],"damage_healed":0,"gold_gain":0,"player_choice":"Purged","damage_taken":0,"max_hp_gain":0,"max_hp_loss":0,"event_name":"Purifier","floor":4,"gold_loss":0},{"damage_healed":0,"gold_gain":150,"player_choice":"AGREE","damage_taken":0,"max_hp_gain":0,"max_hp_loss":0,"event_name":"Liars Game","floor":11,"gold_loss":0,"cards_obtained":["Doubt"]},{"damage_healed":0,"gold_gain":0,"player_choice":"Ignored","damage_taken":0,"max_hp_gain":0,"max_hp_loss":0,"event_name":"Shining Light","floor":12,"gold_loss":0}],"is_beta":false,"boss_relics":[],"items_purged_floors":[2],"is_endless":false,"potions_floor_spawned":[6,8,14],"killed_by":"Slime Boss","ascension_level":20}