{"gold_per_floor":[115,125,140,158,173,173,186,186,186,186,261,277,277,277,277,381,381,401,418,208,223,223,223,255,255,255,265,278,11,11,29,29,133,133,148,168,183,197,197,197,207,219,219,219,230,247,247,260,260,260],"floor_reached":51,"playtime":6572,"items_purged":[],"score":619,"play_id":"1478441e-61fe-44a6-8d9d-09ade6692b11","local_time":"20190504121649","is_ascension_mode":false,"campfire_choices":[{"data":"Double Energy","floor":6,"key":"SMITH"},{"data":"Zap","floor":8,"key":"SMITH"},{"data":"Static Discharge","floor":10,"key":"SMITH"},{"floor":15,"key":"REST"},{"data":"Go for the Eyes","floor":23,"key":"SMITH"},{"data":"Go for the Eyes","floor":25,"key":"SMITH"},{"floor":32,"key":"REST"},{"data":"Conserve Battery","floor":40,"key":"SMITH"},{"data":"Buffer","floor":44,"key":"SMITH"},{"data":"Seek","floor":47,"key":"SMITH"},{"floor":49,"key":"REST"}],"neow_cost":"TEN_PERCENT_HP_LOSS","seed_source_timestamp":65155522813137,"circlet_count":0,"master_deck":["Strike_B","Strike_B+1","Defend_B","Defend_B","Defend_B","Defend_B","Zap+1","Dualcast","Go for the Eyes+1","Static Discharge+1","Self Repair+1","Double Energy+1","Hologram+1","Go for the Eyes+1","All For One","Conserve Battery+1","Reprogram","Barrage","Hologram+1","FTL","Leap","Undo","Buffer+1","Seek+1","Conserve Battery+1","Electrodynamics","Conserve Battery+1","Tempest+1","Tempest+1","Double Energy","Leap+1"],"relics":["Cracked Core","Anchor","Lizard Tail","Membership Card","MutagenicStrength","Bronze Scales","Dead Branch","MealTicket","Cursed Key"],"potions_floor_usage":[4,7,16,16,24,28,33,50,50],"damage_taken":[{"damage":5,"enemies":"Jaw Worm","floor":1,"turns":4},{"damage":4,"enemies":"2 Louse","floor":2,"turns":3},{"damage":7,"enemies":"Small Slimes","floor":3,"turns":4},{"damage":2,"enemies":"2 Fungi Beasts","floor":4,"turns":3},{"damage":2,"enemies":"Blue Slaver","floor":5,"turns":4},{"damage":17,"enemies":"Exordium Thugs","floor":7,"turns":4},{"damage":10,"enemies":"Large Slime","floor":12,"turns":5},{"damage":7,"enemies":"Slime Boss","floor":16,"turns":8},{"damage":22,"enemies":"Spheric Guardian","floor":18,"turns":3},{"damage":5,"enemies":"Chosen","floor":19,"turns":4},{"damage":33,"enemies":"Snecko","floor":21,"turns":7},{"damage":13,"enemies":"Book of Stabbing","floor":24,"turns":5},{"damage":8,"enemies":"Snake Plant","floor":27,"turns":3},{"damage":31,"enemies":"3 Cultists","floor":28,"turns":5},{"damage":5,"enemies":"Snecko","floor":31,"turns":7},{"damage":66,"enemies":"Collector","floor":33,"turns":10},{"damage":8,"enemies":"Orb Walker","floor":35,"turns":4},{"damage":0,"enemies":"3 Darklings","floor":36,"turns":5},{"damage":8,"enemies":"Spire Growth","floor":37,"turns":5},{"damage":9,"enemies":"Jaw Worm Horde","floor":38,"turns":5},{"damage":12,"enemies":"Sphere and 2 Shapes","floor":41,"turns":4},{"damage":7,"enemies":"Spire Growth","floor":42,"turns":6},{"damage":37,"enemies":"Maw","floor":45,"turns":7},{"damage":17,"enemies":"Jaw Worm Horde","floor":46,"turns":3},{"damage":7,"enemies":"Writhing Mass","floor":48,"turns":5},{"damage":18,"enemies":"Time Eater","floor":50,"turns":7}],"seed_played":"-7009504490493545945","potions_obtained":[{"floor":2,"key":"Fire Potion"},{"floor":3,"key":"Explosive Potion"},{"floor":5,"key":"FocusPotion"},{"floor":7,"key":"Block Potion"},{"floor":12,"key":"Poison Potion"},{"floor":18,"key":"Strength Potion"},{"floor":24,"key":"Regen Potion"},{"floor":28,"key":"Weak Potion"},{"floor":31,"key":"Swift Potion"},{"floor":36,"key":"Explosive Potion"},{"floor":37,"key":"FocusPotion"}],"is_trial":false,"path_per_floor":["M","M","M","M","M","R","M","R","T","R","?","M","?","?","R","B",null,"M","M","$","M","?","R","E","R","T","M","M","$","?","M","R","B",null,"M","M","M","M","?","R","M","M","T","R","M","M","R","M","R","B",null],"character_chosen":"DEFECT","items_purchased":["Membership Card","FTL","Leap","Undo","MealTicket","Buffer"],"campfire_rested":3,"item_purchase_floors":[20,29,29,29,29,29],"current_hp_per_floor":[63,59,52,57,62,62,52,52,52,52,41,38,38,24,44,47,68,56,61,61,38,38,38,35,35,35,27,20,20,20,25,45,31,68,68,68,68,68,68,68,66,68,68,68,41,24,24,27,47,29],"gold":260,"neow_bonus":"REMOVE_TWO","is_prod":false,"is_daily":false,"chose_seed":false,"campfire_upgraded":8,"win_rate":0.0,"timestamp":1556965009,"path_taken":["M","M","M","M","M","R","M","R","T","R","?","M","?","?","R","BOSS","M","M","$","M","?","R","E","R","T","M","M","$","?","M","R","BOSS","M","M","M","M","?","R","M","M","T","R","M","M","R","M","R","BOSS"],"build_version":"2019-01-23","purchased_purges":0,"victory":true,"max_hp_per_floor":[68,68,68,68,68,68,68,68,68,68,68,68,68,68,68,68,68,68,68,68,68,68,68,68,68,68,68,68,68,68,68,68,68,68,68,68,68,68,68,68,68,68,68,68,68,68,68,68,68,68],"card_choices":[{"not_picked":["Cold Snap","Leap"],"picked":"Go for the Eyes","floor":1},{"not_picked":["Redo","Leap"],"picked":"Static Discharge","floor":2},{"not_picked":["Double Energy","Buffer"],"picked":"Self Repair","floor":3},{"not_picked":["Redo","Streamline"],"picked":"Double Energy","floor":4},{"not_picked":["Steam","Go for the Eyes"],"picked":"Hologram","floor":5},{"not_picked":["Fusion","Hologram"],"picked":"Go for the Eyes","floor":7},{"not_picked":["Gash","Sweeping Beam","Steam"],"picked":"SKIP","floor":12},{"not_picked":["Meteor Strike","Creative AI"],"picked":"All For One","floor":16},{"not_picked":["Turbo+1","Ball Lightning"],"picked":"Conserve Battery+1","floor":18},{"not_picked":["Hello World","Conserve Battery"],"picked":"Reprogram","floor":19},{"not_picked":["Go for the Eyes","Aggregate"],"picked":"Barrage","floor":21},{"not_picked":["Sunder","Stack","Barrage"],"picked":"SKIP","floor":24},{"not_picked":["Streamline","Steam","Rebound"],"picked":"SKIP","floor":27},{"not_picked":["Stack","Rebound+1"],"picked":"Hologram+1","floor":28},{"not_picked":["Rebound","Steam"],"picked":"Conserve Battery","floor":31},{"not_picked":["Fission","Echo Form"],"picked":"Electrodynamics","floor":33},{"not_picked":["Redo","Beam Cell+1","Compile Driver+1"],"picked":"SKIP","floor":35},{"not_picked":["Rebound+1","Gash","Sunder"],"picked":"SKIP","floor":36},{"not_picked":["Sweeping Beam+1","Rebound","All For One"],"picked":"SKIP","floor":37},{"not_picked":["FTL","Turbo","White Noise"],"picked":"SKIP","floor":38},{"not_picked":["Ball Lightning+1","Sweeping Beam+1"],"picked":"Tempest+1","floor":41},{"not_picked":["Rebound","Melter+1"],"picked":"Tempest+1","floor":42},{"not_picked":["Ball Lightning","Chaos","Glacier+1"],"picked":"SKIP","floor":45},{"not_picked":["Sweeping Beam","Rebound+1"],"picked":"Double Energy","floor":46},{"not_picked":["Rebound","Stack+1"],"picked":"Leap+1","floor":48}],"player_experience":162157,"relics_obtained":[{"floor":9,"key":"Anchor"},{"floor":24,"key":"Bronze Scales"},{"floor":26,"key":"Dead Branch"}],"event_choices":[{"damage_healed":0,"gold_gain":75,"player_choice":"Gather Gold","damage_taken":11,"max_hp_gain":0,"max_hp_loss":0,"event_name":"World of Goop","floor":11,"gold_loss":0},{"damage_healed":0,"gold_gain":0,"player_choice":"Grow","damage_taken":0,"max_hp_gain":0,"max_hp_loss":0,"event_name":"Living Wall","floor":13,"gold_loss":0,"cards_upgraded":["Hologram"]},{"damage_healed":0,"gold_gain":0,"player_choice":"Entered Light","damage_taken":14,"max_hp_gain":0,"max_hp_loss":0,"event_name":"Shining Light","floor":14,"gold_loss":0,"cards_upgraded":["Strike_B","Self Repair"]},{"damage_healed":0,"gold_gain":0,"player_choice":"Inject Mutagens","damage_taken":0,"relics_obtained":["MutagenicStrength"],"max_hp_gain":0,"max_hp_loss":0,"event_name":"Drug Dealer","floor":22,"gold_loss":0},{"damage_healed":0,"gold_gain":0,"player_choice":"Read","damage_taken":0,"max_hp_gain":0,"max_hp_loss":0,"event_name":"The Library","floor":30,"gold_loss":0,"cards_obtained":["Seek"]},{"damage_healed":0,"gold_gain":0,"player_choice":"Copied","damage_taken":0,"max_hp_gain":0,"max_hp_loss":0,"event_name":"Duplicator","floor":39,"gold_loss":0,"cards_obtained":["Conserve Battery"]}],"is_beta":false,"boss_relics":[{"not_picked":["Snecko Eye","Calling Bell"],"picked":"Lizard Tail"},{"not_picked":["Philosopher\u0027s Stone","Black Star"],"picked":"Cursed Key"}],"items_purged_floors":[],"is_endless":false,"potions_floor_spawned":[2,3,5,7,12,18,24,28,31,36,37,46],"ascension_level":0}