{"gold_per_floor":[110,128,128,146,158,158,176,209,209,209,188,188,207,3,3,103,103,115,126,142,142,155,155,170,170,170,170,181,194,208,223,223,323,323,341,360,360,371,371],"floor_reached":39,"playtime":3343,"items_purged":[],"score":416,"play_id":"89c2259b-e81c-4829-9039-f7f33270f11f","local_time":"20190503204406","is_ascension_mode":false,"campfire_choices":[{"floor":6,"key":"REST"},{"data":"Electrodynamics","floor":15,"key":"SMITH"},{"data":"Static Discharge","floor":23,"key":"SMITH"},{"data":"Loop","floor":25,"key":"SMITH"},{"data":"Zap","floor":27,"key":"SMITH"},{"floor":32,"key":"REST"}],"neow_cost":"PERCENT_DAMAGE","seed_source_timestamp":37175307114738,"circlet_count":0,"master_deck":["Strike_B","Strike_B","Strike_B","Defend_B","Defend_B","Defend_B","Defend_B","Zap+1","Dualcast","Capacitor","Go for the Eyes","Scrape","Redo","Electrodynamics+1","Thunder Strike","Parasite","Static Discharge+1","Multi-Cast","Loop+1","Storm+1","Self Repair+1","Lockon","Ball Lightning","Defragment","Reinforced Body+1","Rainbow","Tempest+1","Double Energy","Aggregate+1"],"relics":["Cracked Core","Torii","Matryoshka","Happy Flower","Du-Vu Doll","Pear","Ornamental Fan","Lee\u0027s Waffle","Nuclear Battery","Anchor","Inserter"],"potions_floor_usage":[5,8,8,31,33,35,39],"damage_taken":[{"damage":2,"enemies":"Small Slimes","floor":1,"turns":3},{"damage":7,"enemies":"Jaw Worm","floor":2,"turns":4},{"damage":0,"enemies":"Cultist","floor":4,"turns":4},{"damage":39,"enemies":"Exordium Thugs","floor":5,"turns":6},{"damage":14,"enemies":"Large Slime","floor":7,"turns":6},{"damage":12,"enemies":"Gremlin Nob","floor":8,"turns":4},{"damage":8,"enemies":"3 Louse","floor":13,"turns":2},{"damage":48,"enemies":"Hexaghost","floor":16,"turns":5},{"damage":2,"enemies":"Chosen","floor":18,"turns":3},{"damage":18,"enemies":"Spheric Guardian","floor":19,"turns":4},{"damage":17,"enemies":"Chosen and Byrds","floor":20,"turns":4},{"damage":26,"enemies":"Sentry and Sphere","floor":22,"turns":4},{"damage":3,"enemies":"Cultist and Chosen","floor":24,"turns":3},{"damage":9,"enemies":"Centurion and Healer","floor":28,"turns":3},{"damage":10,"enemies":"Chosen and Byrds","floor":29,"turns":4},{"damage":8,"enemies":"Snake Plant","floor":30,"turns":2},{"damage":10,"enemies":"Centurion and Healer","floor":31,"turns":3},{"damage":44,"enemies":"Champ","floor":33,"turns":7},{"damage":36,"enemies":"3 Darklings","floor":35,"turns":3},{"damage":0,"enemies":"Orb Walker","floor":36,"turns":2},{"damage":36,"enemies":"Maw","floor":38,"turns":6},{"damage":44,"enemies":"Spire Growth","floor":39,"turns":3}],"seed_played":"3281008139567994861","potions_obtained":[{"floor":1,"key":"Weak Potion"},{"floor":5,"key":"Fire Potion"},{"floor":7,"key":"Fruit Juice"},{"floor":13,"key":"GamblersBrew"},{"floor":16,"key":"Weak Potion"},{"floor":19,"key":"Swift Potion"},{"floor":28,"key":"Regen Potion"},{"floor":31,"key":"Strength Potion"}],"is_trial":false,"path_per_floor":["M","M","$","M","M","R","M","E","T","?","?","T","M","$","R","B",null,"M","M","M","?","M","R","M","R","T","R","M","M","M","M","R","B",null,"M","M","?","M","M"],"character_chosen":"DEFECT","items_purchased":["Lee\u0027s Waffle"],"campfire_rested":2,"item_purchase_floors":[14],"current_hp_per_floor":[52,45,45,45,6,28,14,7,7,27,27,37,29,97,97,49,97,95,77,60,60,34,34,41,41,41,41,42,32,34,33,62,28,97,61,61,61,35,0],"gold":371,"neow_bonus":"ONE_RARE_RELIC","is_prod":false,"is_daily":false,"chose_seed":false,"campfire_upgraded":4,"win_rate":0.0,"timestamp":1556909046,"path_taken":["M","M","$","M","M","R","M","E","T","?","?","?","M","$","R","BOSS","M","M","M","?","M","R","?","R","T","R","M","M","M","M","R","BOSS","M","M","?","M","M"],"build_version":"2019-01-23","purchased_purges":0,"victory":false,"max_hp_per_floor":[75,75,75,75,75,75,75,80,80,80,80,90,90,97,97,97,97,97,97,97,97,97,97,97,97,97,97,97,97,97,97,97,97,97,97,97,97,97,97],"card_choices":[{"not_picked":["Leap","Compile Driver"],"picked":"Capacitor","floor":1},{"not_picked":["Ball Lightning","Coolheaded"],"picked":"Go for the Eyes","floor":2},{"not_picked":["Darkness","Redo"],"picked":"Scrape","floor":4},{"not_picked":["Darkness","Storm"],"picked":"Redo","floor":5},{"not_picked":["Static Discharge","Self Repair"],"picked":"Electrodynamics","floor":7},{"not_picked":["Stack","All For One"],"picked":"Thunder Strike","floor":8},{"not_picked":["Barrage","Ball Lightning"],"picked":"Static Discharge","floor":13},{"not_picked":["Reboot","All For One"],"picked":"Multi-Cast","floor":16},{"not_picked":["Ball Lightning+1","Storm"],"picked":"Loop","floor":18},{"not_picked":["Cold Snap","Streamline"],"picked":"Storm+1","floor":19},{"not_picked":["Cold Snap","Streamline","Consume+1"],"picked":"SKIP","floor":20},{"not_picked":["Go for the Eyes","Hologram"],"picked":"Self Repair+1","floor":22},{"not_picked":["Compile Driver","Creative AI"],"picked":"Lockon","floor":24},{"not_picked":["Steam","Barrage"],"picked":"Ball Lightning","floor":28},{"not_picked":["Streamline","Ball Lightning","Rainbow"],"picked":"SKIP","floor":29},{"not_picked":["Streamline","Ball Lightning"],"picked":"Defragment","floor":30},{"not_picked":["Go for the Eyes","Redo"],"picked":"Reinforced Body+1","floor":31},{"not_picked":["Electrodynamics","All For One"],"picked":"Rainbow","floor":33},{"not_picked":["Hologram","Storm"],"picked":"Tempest+1","floor":35},{"not_picked":["Stack+1","Storm"],"picked":"Double Energy","floor":36},{"not_picked":["Darkness+1","Compile Driver"],"picked":"Aggregate+1","floor":38}],"player_experience":141494,"relics_obtained":[{"floor":8,"key":"Matryoshka"},{"floor":9,"key":"Happy Flower"},{"floor":9,"key":"Du-Vu Doll"},{"floor":12,"key":"Pear"},{"floor":12,"key":"Ornamental Fan"},{"floor":26,"key":"Anchor"}],"event_choices":[{"damage_healed":20,"gold_gain":0,"player_choice":"Healed and dodged fight","damage_taken":0,"max_hp_gain":0,"max_hp_loss":0,"event_name":"Mushrooms","floor":10,"gold_loss":0,"cards_obtained":["Parasite"]},{"damage_healed":0,"gold_gain":0,"player_choice":"Left Gold","damage_taken":0,"max_hp_gain":0,"max_hp_loss":0,"event_name":"World of Goop","floor":11,"gold_loss":21},{"damage_healed":0,"gold_gain":0,"player_choice":"Leave","damage_taken":0,"max_hp_gain":0,"max_hp_loss":0,"event_name":"FaceTrader","floor":21,"gold_loss":0},{"cards_removed":["Strike_B"],"damage_healed":0,"gold_gain":0,"player_choice":"Removed Attack","damage_taken":0,"max_hp_gain":0,"max_hp_loss":0,"event_name":"Falling","floor":37,"gold_loss":0}],"is_beta":false,"boss_relics":[{"not_picked":["Busted Crown","Ectoplasm"],"picked":"Nuclear Battery"},{"not_picked":["Fusion Hammer","Sozu"],"picked":"Inserter"}],"items_purged_floors":[],"is_endless":false,"potions_floor_spawned":[1,5,7,13,16,19,22,28,31],"killed_by":"Spire Growth","ascension_level":0}