{"gold_per_floor":[115,68,86,97,97,161,161,14,61,72,72,97,117,117,117,220,220,237,237,237,237,252,252,278,291,291,323,5,5,20,33,33,33],"floor_reached":33,"playtime":1123,"items_purged":["Strike_R"],"score":289,"play_id":"b479e666-f11b-4e22-8107-3347036eba1a","local_time":"20190402232933","is_ascension_mode":true,"campfire_choices":[{"data":"Flex","floor":7,"key":"SMITH"},{"floor":11,"key":"REST"},{"floor":15,"key":"REST"},{"data":"Perfected Strike","floor":23,"key":"SMITH"},{"data":"Discovery","floor":29,"key":"SMITH"},{"data":"Flex","floor":32,"key":"SMITH"}],"neow_cost":"NONE","seed_source_timestamp":1299351140094282,"circlet_count":0,"master_deck":["Strike_R","Strike_R","Strike_R+1","Strike_R+1","Defend_R","Defend_R","Defend_R","Defend_R","Bash","Flex+1","Perfected Strike+1","Anger","Metallicize","Pummel","Perfected Strike+1","Flex+1","Double Tap","Pommel Strike","Uppercut","Feed","Sword Boomerang+1","Shrug It Off","Discovery+1","Flex+1","Anger"],"relics":["Burning Blood","NeowsBlessing","Tiny Chest","Happy Flower","Dream Catcher","Bag of Marbles","Self Forming Clay","Busted Crown","Boot","Pantograph","Red Skull","Whetstone"],"potions_floor_usage":[6,10,16,22,27,33],"damage_taken":[{"damage":0,"enemies":"2 Louse","floor":1,"turns":1},{"damage":0,"enemies":"Jaw Worm","floor":3,"turns":1},{"damage":0,"enemies":"Small Slimes","floor":4,"turns":1},{"damage":30,"enemies":"Lagavulin","floor":6,"turns":4},{"damage":4,"enemies":"2 Fungi Beasts","floor":10,"turns":2},{"damage":29,"enemies":"3 Sentries","floor":12,"turns":5},{"damage":7,"enemies":"Blue Slaver","floor":13,"turns":2},{"damage":34,"enemies":"Hexaghost","floor":16,"turns":5},{"damage":14,"enemies":"Shell Parasite","floor":18,"turns":4},{"damage":6,"enemies":"Chosen","floor":22,"turns":3},{"damage":14,"enemies":"Centurion and Healer","floor":25,"turns":7},{"damage":4,"enemies":"Gremlin Leader","floor":27,"turns":2},{"damage":11,"enemies":"Chosen and Byrds","floor":30,"turns":2},{"damage":6,"enemies":"Sentry and Sphere","floor":31,"turns":3},{"damage":88,"enemies":"Collector","floor":33,"turns":6}],"seed_played":"6774342266560801949","potions_obtained":[{"floor":3,"key":"AttackPotion"},{"floor":6,"key":"Poison Potion"},{"floor":10,"key":"Ancient Potion"},{"floor":13,"key":"SteroidPotion"},{"floor":18,"key":"GamblersBrew"},{"floor":25,"key":"SkillPotion"}],"is_trial":false,"path_per_floor":["M","$","M","M","?","E","R","$","T","M","R","E","M","T","R","B",null,"M","?","?","T","M","R","T","M","T","E","$","R","M","M","R","B"],"character_chosen":"IRONCLAD","items_purchased":["Perfected Strike","Happy Flower","Whetstone","Discovery"],"campfire_rested":2,"item_purchase_floors":[2,8,28,28],"current_hp_per_floor":[80,80,80,80,64,40,40,40,40,42,66,43,42,42,66,38,80,72,72,72,72,72,72,72,67,67,69,69,69,64,67,67,0],"gold":33,"neow_bonus":"THREE_ENEMY_KILL","is_prod":false,"is_daily":false,"chose_seed":false,"campfire_upgraded":4,"win_rate":0,"timestamp":1554272973,"path_taken":["M","$","M","M","?","E","R","$","T","M","R","E","M","?","R","BOSS","M","?","?","?","M","R","?","M","T","E","$","R","?","M","R","BOSS"],"build_version":"2019-01-23","purchased_purges":1,"victory":false,"max_hp_per_floor":[80,80,80,80,80,80,80,80,80,80,80,80,80,80,80,80,80,80,80,80,80,80,80,80,83,83,83,83,83,83,86,86,86],"card_choices":[{"not_picked":["Shockwave","Twin Strike"],"picked":"Flex","floor":1},{"not_picked":["Fire Breathing","Pommel Strike"],"picked":"Anger","floor":3},{"not_picked":["Sentinel","Twin Strike"],"picked":"Metallicize","floor":4},{"not_picked":["Havoc","Rupture"],"picked":"Pummel","floor":6},{"not_picked":["Ghostly Armor","Iron Wave"],"picked":"Perfected Strike","floor":10},{"not_picked":["Twin Strike","Power Through"],"picked":"Flex","floor":11},{"not_picked":["Iron Wave","Havoc"],"picked":"Double Tap","floor":12},{"not_picked":["True Grit","Ghostly Armor"],"picked":"Pommel Strike","floor":13},{"not_picked":["Clash","Thunderclap"],"picked":"Uppercut","floor":15},{"not_picked":["Demon Form","Double Tap"],"picked":"Feed","floor":16},{"not_picked":[],"picked":"Sword Boomerang","floor":18},{"not_picked":["Warcry"],"picked":"SKIP","floor":22},{"not_picked":[],"picked":"Shrug It Off","floor":25},{"not_picked":["Body Slam"],"picked":"SKIP","floor":27},{"not_picked":[],"picked":"Flex+1","floor":30},{"not_picked":[],"picked":"Anger","floor":31}],"player_experience":392862,"relics_obtained":[{"floor":6,"key":"Tiny Chest"},{"floor":9,"key":"Dream Catcher"},{"floor":12,"key":"Bag of Marbles"},{"floor":14,"key":"Self Forming Clay"},{"floor":24,"key":"Boot"},{"floor":26,"key":"Pantograph"},{"floor":27,"key":"Red Skull"}],"event_choices":[{"damage_healed":0,"gold_gain":0,"player_choice":"Entered Light","damage_taken":16,"max_hp_gain":0,"max_hp_loss":0,"event_name":"Shining Light","floor":5,"gold_loss":0,"cards_upgraded":["Strike_R","Perfected Strike"]},{"damage_healed":0,"gold_gain":0,"player_choice":"Ignored","damage_taken":0,"max_hp_gain":0,"max_hp_loss":0,"event_name":"Vampires","floor":19,"gold_loss":0},{"damage_healed":0,"gold_gain":0,"player_choice":"Ignored","damage_taken":0,"max_hp_gain":0,"max_hp_loss":0,"event_name":"Ghosts","floor":20,"gold_loss":0}],"is_beta":false,"boss_relics":[{"not_picked":["Astrolabe","Runic Dome"],"picked":"Busted Crown"}],"items_purged_floors":[28],"is_endless":false,"potions_floor_spawned":[3,6,10,13,18,25],"killed_by":"Collector","ascension_level":1}