{"gold_per_floor":[113,38,54,17,17,17,30,44,67,98,139,205,232,262,274,286],"floor_reached":16,"playtime":919,"items_purged":[],"score":208,"play_id":"831ab2a0-7786-4915-ab0c-242ae83b02ff","local_time":"20190401033647","is_ascension_mode":true,"campfire_choices":[{"data":"Terror","floor":6,"key":"SMITH"},{"floor":15,"key":"REST"}],"neow_cost":"NONE","seed_source_timestamp":2012099203125205,"circlet_count":0,"master_deck":["AscendersBane","Defend_G","Defend_G","Defend_G","Defend_G","Defend_G+1","Strike_G","Strike_G+1","Strike_G","Strike_G","Survivor","Neutralize+1","Terror+1","PiercingWail","Flying Knee","Masterful Stab","Endless Agony","Cloak And Dagger","PiercingWail"],"relics":["Ring of the Snake","MawBank","PreservedInsect","Bag of Preparation"],"potions_floor_usage":[11,14,16],"damage_taken":[{"damage":0,"enemies":"2 Louse","floor":1,"turns":3},{"damage":4,"enemies":"Small Slimes","floor":3,"turns":4},{"damage":0,"enemies":"Jaw Worm","floor":7,"turns":5},{"damage":1,"enemies":"Looter","floor":8,"turns":4},{"damage":1,"enemies":"Exordium Thugs","floor":10,"turns":4},{"damage":29,"enemies":"Gremlin Nob","floor":11,"turns":4},{"damage":0,"enemies":"3 Louse","floor":13,"turns":3},{"damage":0,"enemies":"Gremlin Gang","floor":14,"turns":6},{"damage":27,"enemies":"Hexaghost","floor":16,"turns":9}],"seed_played":"7199470809799056220","potions_obtained":[{"floor":1,"key":"Weak Potion"},{"floor":7,"key":"Dexterity Potion"},{"floor":13,"key":"Ancient Potion"}],"is_trial":false,"path_per_floor":["M","?","M","?","?","R","M","M","T","M","E","T","M","M","R","B"],"character_chosen":"THE_SILENT","items_purchased":[],"campfire_rested":1,"item_purchase_floors":[],"current_hp_per_floor":[59,59,55,55,35,35,35,34,34,33,4,4,4,4,23,0],"gold":286,"neow_bonus":"UPGRADE_CARD","is_prod":false,"is_daily":false,"chose_seed":false,"campfire_upgraded":1,"win_rate":0,"timestamp":1554086207,"path_taken":["M","?","M","?","?","R","M","M","T","M","E","?","M","?","R","BOSS"],"build_version":"2019-01-23","purchased_purges":0,"victory":false,"max_hp_per_floor":[66,66,66,66,66,66,66,66,66,66,66,66,66,66,66,66],"card_choices":[{"not_picked":["Heel Hook","Expertise"],"picked":"Terror","floor":1},{"not_picked":["Slice","Endless Agony"],"picked":"PiercingWail","floor":3},{"not_picked":["Escape Plan","Bane","Calculated Gamble"],"picked":"SKIP","floor":7},{"not_picked":["Bane","Prepared"],"picked":"Flying Knee","floor":8},{"not_picked":["Leg Sweep","Concentrate"],"picked":"Masterful Stab","floor":10},{"not_picked":["Deflect","Acrobatics"],"picked":"Endless Agony","floor":11},{"not_picked":["Catalyst","Calculated Gamble"],"picked":"Cloak And Dagger","floor":13},{"not_picked":["Deflect","Eviscerate"],"picked":"PiercingWail","floor":14}],"player_experience":1564854,"relics_obtained":[{"floor":9,"key":"MawBank"},{"floor":11,"key":"PreservedInsect"},{"floor":12,"key":"Bag of Preparation"}],"event_choices":[{"cards_removed":["Strike_G"],"damage_healed":0,"gold_gain":0,"player_choice":"Card Removal","damage_taken":0,"max_hp_gain":0,"max_hp_loss":0,"event_name":"The Cleric","floor":2,"gold_loss":75},{"damage_healed":0,"gold_gain":0,"player_choice":"Left Gold","damage_taken":0,"max_hp_gain":0,"max_hp_loss":0,"event_name":"World of Goop","floor":4,"gold_loss":37},{"damage_healed":0,"gold_gain":0,"player_choice":"Entered Light","damage_taken":20,"max_hp_gain":0,"max_hp_loss":0,"event_name":"Shining Light","floor":5,"gold_loss":0,"cards_upgraded":["Defend_G","Strike_G"]}],"is_beta":false,"boss_relics":[],"items_purged_floors":[],"is_endless":false,"potions_floor_spawned":[1,7,13],"killed_by":"Hexaghost","ascension_level":20}