{"gold_per_floor":[109,184,197,197,197,197,233,233,284,318,339,339,357,371,371,467,467,487,487,57,57,77,77,115,115,140,153,189,208,208,252,252,342,342,357,357,377,36,57,57,101,101,125,125],"floor_reached":44,"playtime":3513,"items_purged":["Strike_G+1"],"score":1208,"play_id":"6c9edad5-a055-48f8-aabf-ff89d42b83d7","local_time":"20190401003045","is_ascension_mode":true,"campfire_choices":[{"data":"Neutralize","floor":6.0,"key":"SMITH"},{"data":"Finisher","floor":8.0,"key":"SMITH"},{"data":"A Thousand Cuts","floor":12.0,"key":"SMITH"},{"data":"Cloak And Dagger","floor":15.0,"key":"SMITH"},{"data":"Leg Sweep","floor":23,"key":"SMITH"},{"data":"Outmaneuver","floor":25,"key":"SMITH"},{"floor":30,"key":"REST"},{"data":"Blade Dance","floor":32,"key":"SMITH"},{"floor":40,"key":"RECALL"},{"data":"Skewer","floor":42,"key":"SMITH"}],"neow_cost":"NONE","seed_source_timestamp":1998306567961952,"circlet_count":0,"master_deck":["AscendersBane","Defend_G+1","Defend_G+1","Defend_G+1","Defend_G+1","Defend_G+1","Strike_G+1","Strike_G+1","Strike_G+1","Strike_G+1","Survivor","Neutralize+1","Finisher+1","Flying Knee","Cloak And Dagger+1","Leg Sweep+1","A Thousand Cuts+1","Dash","Blade Dance+1","Dagger Throw+1","Outmaneuver+1","Deflect+1","Concentrate","Cloak And Dagger","Blur+1","Dodge and Roll+1","Concentrate+1","Corpse Explosion","Footwork","Crippling Poison","Skewer+1","Deflect+1","Escape Plan+1","Normality"],"special_seed":0,"relics":["Ring of the Snake","NeowsBlessing","Golden Idol","Strawberry","Bag of Marbles","Dream Catcher","Runic Pyramid","Membership Card","Nunchaku","MutagenicStrength","Gremlin Horn","Regal Pillow","Oddly Smooth Stone","Pocketwatch","Cursed Key","Blood Vial","Lee\u0027s Waffle","Toxic Egg 2"],"potions_floor_usage":[24,31,31,44,44],"damage_taken":[{"damage":0.0,"enemies":"Jaw Worm","floor":1.0,"turns":1.0},{"damage":0.0,"enemies":"2 Louse","floor":3.0,"turns":1.0},{"damage":0.0,"enemies":"Lagavulin","floor":7.0,"turns":1.0},{"damage":9.0,"enemies":"Gremlin Nob","floor":10.0,"turns":4.0},{"damage":0.0,"enemies":"Small Slimes","floor":11.0,"turns":3.0},{"damage":4.0,"enemies":"3 Louse","floor":13.0,"turns":3.0},{"damage":0.0,"enemies":"2 Fungi Beasts","floor":14.0,"turns":3.0},{"damage":30.0,"enemies":"The Guardian","floor":16.0,"turns":14.0},{"damage":7.0,"enemies":"Shell Parasite","floor":18.0,"turns":8.0},{"damage":3,"enemies":"3 Byrds","floor":22,"turns":5},{"damage":0,"enemies":"Gremlin Leader","floor":24,"turns":6},{"damage":2,"enemies":"Snake Plant","floor":27,"turns":4},{"damage":24,"enemies":"Book of Stabbing","floor":28,"turns":6},{"damage":0,"enemies":"Chosen and Byrds","floor":29,"turns":5},{"damage":0,"enemies":"Slavers","floor":31,"turns":7},{"damage":10,"enemies":"Automaton","floor":33,"turns":12},{"damage":0,"enemies":"3 Shapes","floor":35,"turns":3},{"damage":0,"enemies":"Orb Walker","floor":37,"turns":5},{"damage":0,"enemies":"Sphere and 2 Shapes","floor":39,"turns":3},{"damage":0,"enemies":"Nemesis","floor":41,"turns":7},{"damage":84,"enemies":"Giant Head","floor":44,"turns":7}],"seed_played":"7086414753893634909","potions_obtained":[{"floor":1.0,"key":"Block Potion"},{"floor":3.0,"key":"GhostInAJar"},{"floor":13.0,"key":"SkillPotion"},{"floor":22,"key":"GhostInAJar"},{"floor":28,"key":"FairyPotion"},{"floor":29,"key":"EssenceOfSteel"},{"floor":33,"key":"Strength Potion"},{"floor":37,"key":"GamblersBrew"},{"floor":39,"key":"SkillPotion"}],"is_trial":false,"path_per_floor":["M","?","M","?","?","R","E","R","T","E","M","R","M","M","R","B",null,"M","?","$","?","M","R","E","R","T","M","E","M","R","E","R","B",null,"M","?","M","$","M","R","E","R","T","E"],"character_chosen":"THE_SILENT","items_purchased":["Membership Card","Nunchaku","Outmaneuver","Footwork","Crippling Poison","Skewer","Blood Vial","Lee\u0027s Waffle"],"campfire_rested":1,"item_purchase_floors":[20,20,20,38,38,38,38,38],"current_hp_per_floor":[59,48,48,48,53,53,60,60,60,51,51,51,47,47,47,17,58,51,51,51,51,48,48,48,48,48,46,22,22,58,58,58,48,66,66,66,66,79,79,79,79,79,79,0],"gold":125,"neow_bonus":"THREE_ENEMY_KILL","is_prod":false,"is_daily":false,"chose_seed":false,"campfire_upgraded":8,"win_rate":0,"timestamp":1554075045,"path_taken":["M","?","M","?","?","R","E","R","T","E","M","R","M","M","R","BOSS","M","?","$","?","M","R","E","R","T","M","E","M","R","E","R","BOSS","M","?","M","$","M","R","E","R","T","E"],"build_version":"2019-01-23","purchased_purges":1,"victory":false,"max_hp_per_floor":[66,66,66,60,65,65,72,72,72,72,72,72,72,72,72,72,72,72,72,72,72,72,72,72,72,72,72,72,72,72,72,72,72,72,72,72,72,79,79,79,79,79,79,79],"card_choices":[{"not_picked":["Concentrate","Blur"],"picked":"Finisher","floor":1.0},{"not_picked":["PiercingWail","Deflect"],"picked":"Flying Knee","floor":3.0},{"not_picked":["Dodge and Roll","Bane"],"picked":"Cloak And Dagger","floor":7.0},{"not_picked":["Dagger Spray","Dagger Throw"],"picked":"Leg Sweep","floor":10.0},{"not_picked":["Masterful Stab","Deadly Poison"],"picked":"A Thousand Cuts","floor":11.0},{"not_picked":["Backflip","Expertise"],"picked":"Dash","floor":13.0},{"not_picked":["Dagger Spray","Underhanded Strike"],"picked":"Blade Dance","floor":14.0},{"not_picked":["Setup","Heel Hook"],"picked":"Dagger Throw+1","floor":18.0},{"not_picked":["Choke","Underhanded Strike"],"picked":"Deflect+1","floor":22},{"not_picked":["Outmaneuver","Dodge and Roll","Sucker Punch+1"],"picked":"SKIP","floor":24},{"not_picked":["Riddle With Holes","Escape Plan"],"picked":"Concentrate","floor":27},{"not_picked":["Masterful Stab+1","Blade Dance"],"picked":"Cloak And Dagger","floor":28},{"not_picked":["Predator","Bane+1"],"picked":"Blur+1","floor":29},{"not_picked":["Prepared","Backflip"],"picked":"Dodge and Roll+1","floor":30},{"not_picked":["Prepared","Storm of Steel"],"picked":"Concentrate+1","floor":31},{"not_picked":["Adrenaline","Malaise"],"picked":"Corpse Explosion","floor":33},{"not_picked":["Cloak And Dagger+1","Slice","Calculated Gamble+1"],"picked":"SKIP","floor":35},{"not_picked":["Poisoned Stab+1","Masterful Stab+1","Dagger Throw"],"picked":"SKIP","floor":37},{"not_picked":["Dagger Spray","Cloak And Dagger+1"],"picked":"Deflect+1","floor":39},{"not_picked":["Outmaneuver+1","Blur"],"picked":"Escape Plan","floor":41}],"player_experience":1551837,"relics_obtained":[{"floor":7.0,"key":"Strawberry"},{"floor":9.0,"key":"Bag of Marbles"},{"floor":10.0,"key":"Dream Catcher"},{"floor":24,"key":"Gremlin Horn"},{"floor":26,"key":"Regal Pillow"},{"floor":28,"key":"Oddly Smooth Stone"},{"floor":31,"key":"Pocketwatch"},{"floor":41,"key":"Toxic Egg 2"}],"event_choices":[{"damage_healed":0.0,"max_hp_gain":0.0,"max_hp_loss":0.0,"gold_gain":75.0,"event_name":"World of Goop","player_choice":"Gather Gold","floor":2.0,"gold_loss":0.0,"damage_taken":11.0},{"damage_healed":0.0,"max_hp_gain":0.0,"max_hp_loss":6.0,"gold_gain":0.0,"event_name":"Golden Idol","player_choice":"Lose Max HP","floor":4.0,"gold_loss":0.0,"damage_taken":0.0,"relics_obtained":["Golden Idol"]},{"damage_healed":0.0,"max_hp_gain":5.0,"max_hp_loss":0.0,"gold_gain":0.0,"event_name":"Big Fish","player_choice":"Donut","floor":5.0,"gold_loss":0.0,"damage_taken":0.0},{"damage_healed":0.0,"max_hp_gain":0.0,"max_hp_loss":0.0,"gold_gain":0.0,"event_name":"Back to Basics","player_choice":"Simplicity","floor":19.0,"gold_loss":0.0,"damage_taken":0.0,"cards_upgraded":["Defend_G","Defend_G","Defend_G","Defend_G","Defend_G","Strike_G","Strike_G","Strike_G","Strike_G","Strike_G"]},{"damage_healed":0,"gold_gain":0,"player_choice":"Inject Mutagens","damage_taken":0,"relics_obtained":["MutagenicStrength"],"max_hp_gain":0,"max_hp_loss":0,"event_name":"Drug Dealer","floor":21,"gold_loss":0},{"damage_healed":0,"gold_gain":0,"player_choice":"0 cards matched","damage_taken":0,"max_hp_gain":0,"max_hp_loss":0,"event_name":"Match and Keep!","floor":36,"gold_loss":0,"cards_obtained":[]}],"is_beta":false,"boss_relics":[{"not_picked":["Ectoplasm","Snecko Eye"],"picked":"Runic Pyramid"},{"not_picked":["Ring of the Serpent","Fusion Hammer"],"picked":"Cursed Key"}],"items_purged_floors":[38],"is_endless":false,"potions_floor_spawned":[1,3,13,22,28,29,33,37,39],"killed_by":"Giant Head","ascension_level":20}