{"gold_per_floor":[118,118,118,136,154,154,154,154,231,248,248,19,44,8,8,105,105,124,8,27,27,39,39,59,94,94,94,123,123,151,35,35,132,132,152,27,39,59,59,59,75,90,143,143,159,159,159,173,173,173],"floor_reached":50,"playtime":2862,"items_purged":["Metallicize"],"score":550,"play_id":"c5c99761-300d-403e-9afe-367295d57850","local_time":"20180817110436","is_ascension_mode":false,"campfire_choices":[{"floor":6,"key":"REST"},{"floor":8,"key":"REST"},{"floor":15,"key":"REST"},{"floor":23,"key":"REST"},{"floor":27,"key":"REST"},{"floor":32,"key":"REST"},{"floor":40,"key":"REST"},{"floor":46,"key":"REST"},{"floor":49,"key":"REST"}],"neow_cost":"PERCENT_DAMAGE","seed_source_timestamp":252445398910138,"circlet_count":0,"master_deck":["Strike_R+1","Strike_R+1","Strike_R+1","Strike_R+1","Defend_R+1","Defend_R+1","Defend_R+1","Defend_R+1","Bash","Whirlwind+1","Cleave","Clothesline","Feel No Pain","Impervious","Bash+1","Flex","Jack Of All Trades","Shrug It Off","Demon Form","Flex+1","Ghostly Armor","Feel No Pain","Body Slam","Spot Weakness","Intimidate+1","Hemokinesis+1","Flame Barrier+1","Headbutt+1","Seeing Red+1","Barricade","Battle Trance+1","Dark Shackles+1","Headbutt+1","Rage+1","Flex+1","Enlightenment+1","Trip+1","Dual Wield+1","Inflame+1","Doubt","Demon Form"],"relics":["Burning Blood","Champion Belt","Ice Cream","Mercury Hourglass","Anchor","Fusion Hammer","Pen Nib","Letter Opener","Toxic Egg 2","Mummified Hand","Eternal Feather","Whetstone"],"potions_floor_usage":[33,33,33,50,50,50],"damage_taken":[{"damage":2,"enemies":"Small Slimes","floor":1,"turns":4},{"damage":0,"enemies":"Cultist","floor":4,"turns":2},{"damage":8,"enemies":"Jaw Worm","floor":5,"turns":2},{"damage":9,"enemies":"2 Fungi Beasts","floor":10,"turns":2},{"damage":41,"enemies":"Lagavulin","floor":13,"turns":7},{"damage":41,"enemies":"Slime Boss","floor":16,"turns":11},{"damage":0,"enemies":"Spheric Guardian","floor":18,"turns":4},{"damage":3,"enemies":"Chosen","floor":20,"turns":7},{"damage":11,"enemies":"Shelled Parasite and Fungi","floor":22,"turns":4},{"damage":3,"enemies":"Snecko","floor":24,"turns":4},{"damage":16,"enemies":"Book of Stabbing","floor":25,"turns":6},{"damage":31,"enemies":"Gremlin Leader","floor":28,"turns":7},{"damage":2,"enemies":"Slavers","floor":30,"turns":2},{"damage":25,"enemies":"Collector","floor":33,"turns":8},{"damage":13,"enemies":"Orb Walker","floor":35,"turns":4},{"damage":23,"enemies":"3 Darklings","floor":37,"turns":5},{"damage":2,"enemies":"Transient","floor":38,"turns":5},{"damage":62,"enemies":"4 Shapes","floor":41,"turns":4},{"damage":20,"enemies":"Spire Growth","floor":42,"turns":5},{"damage":2,"enemies":"Maw","floor":45,"turns":8},{"damage":11,"enemies":"Flame Bruiser 2 Orb","floor":48,"turns":5},{"damage":84,"enemies":"Awakened One","floor":50,"turns":10}],"seed_played":"-6128693140469102443","potions_obtained":[{"floor":1,"key":"LiquidBronze"},{"floor":16,"key":"SpeedPotion"},{"floor":18,"key":"Ancient Potion"},{"floor":24,"key":"Dexterity Potion"},{"floor":33,"key":"GamblersBrew"},{"floor":41,"key":"Explosive Potion"},{"floor":42,"key":"Explosive Potion"},{"floor":45,"key":"Weak Potion"}],"is_trial":false,"path_per_floor":["M","?","?","M","M","R","?","R","T","M","?","$","E","?","R","B",null,"M","$","M","?","M","R","M","E","T","R","E","?","E","$","R","B",null,"M","$","M","M","?","R","M","M","T","?","M","R","?","M","R"],"character_chosen":"IRONCLAD","items_purchased":["Metallicize","Flex","Jack Of All Trades","Ghostly Armor","Feel No Pain","Seeing Red+1","Dark Shackles+1","Headbutt"],"campfire_rested":9,"item_purchase_floors":[12,12,12,19,19,31,36,36],"current_hp_per_floor":[60,60,44,50,48,72,72,80,80,77,77,77,42,42,66,31,80,80,80,80,80,75,80,80,70,70,80,55,55,59,59,80,61,80,73,73,56,60,55,80,24,10,10,80,80,80,80,75,80,0],"gold":173,"neow_bonus":"ONE_RARE_RELIC","is_prod":false,"is_daily":false,"chose_seed":false,"campfire_upgraded":0,"win_rate":0.0,"timestamp":1534529076,"path_taken":["M","?","?","?","M","R","?","R","T","M","?","$","E","?","R","BOSS","M","$","M","?","M","R","M","E","T","R","E","?","E","?","R","BOSS","M","$","M","M","?","R","M","M","T","?","M","R","?","M","R","BOSS"],"build_version":"2018-08-16","purchased_purges":1,"victory":false,"max_hp_per_floor":[80,80,80,80,80,80,80,80,80,80,80,80,80,80,80,80,80,80,80,80,80,80,80,80,80,80,80,80,80,80,80,80,80,80,80,80,80,80,80,80,80,80,80,80,80,80,80,80,80,80],"card_choices":[{"not_picked":["Shrug It Off","Carnage"],"picked":"Whirlwind","floor":1},{"not_picked":["Thunderclap","Rampage"],"picked":"Cleave","floor":4},{"not_picked":["Combust","Iron Wave"],"picked":"Clothesline","floor":5},{"not_picked":["Shrug It Off","Body Slam"],"picked":"Feel No Pain","floor":10},{"not_picked":["Impervious","Power Through"],"picked":"Shrug It Off","floor":13},{"not_picked":["Bludgeon","Reaper"],"picked":"Demon Form","floor":16},{"not_picked":["Rage","Headbutt"],"picked":"Flex+1","floor":18},{"not_picked":["Sword Boomerang+1","True Grit"],"picked":"Body Slam","floor":20},{"not_picked":["Perfected Strike","Pommel Strike"],"picked":"Spot Weakness","floor":22},{"not_picked":["Rampage+1","True Grit"],"picked":"Intimidate+1","floor":24},{"not_picked":["Second Wind","Pommel Strike"],"picked":"Hemokinesis+1","floor":25},{"not_picked":["Ghostly Armor","Thunderclap"],"picked":"Flame Barrier","floor":28},{"not_picked":["Armaments+1","Fiend Fire"],"picked":"Headbutt+1","floor":30},{"not_picked":["Offering+1","Reaper"],"picked":"Barricade","floor":33},{"not_picked":["Sword Boomerang","Pommel Strike+1"],"picked":"Battle Trance+1","floor":35},{"not_picked":["Thunderclap+1","Sever Soul"],"picked":"Rage+1","floor":37},{"not_picked":["Heavy Blade","Headbutt"],"picked":"Flex+1","floor":38},{"not_picked":["Apotheosis+1","Madness+1"],"picked":"Enlightenment+1","floor":39},{"not_picked":["Chrysalis+1","Swift Strike"],"picked":"Trip+1","floor":39},{"not_picked":["Shrug It Off+1","Headbutt"],"picked":"Dual Wield+1","floor":41},{"not_picked":["Clash","Clothesline"],"picked":"Inflame","floor":42},{"not_picked":["Infernal Blade+1","Metallicize+1","Armaments+1"],"picked":"SKIP","floor":45},{"not_picked":["Spot Weakness+1","Anger+1"],"picked":"Demon Form","floor":48}],"player_experience":10201,"relics_obtained":[{"floor":9,"key":"Mercury Hourglass"},{"floor":13,"key":"Anchor"},{"floor":25,"key":"Pen Nib"},{"floor":26,"key":"Letter Opener"},{"floor":28,"key":"Toxic Egg 2"},{"floor":30,"key":"Mummified Hand"},{"floor":43,"key":"Whetstone"}],"event_choices":[{"event_name":"Purifier","player_choice":"One Purge","floor":2,"damage_taken":0},{"event_name":"Shining Light","player_choice":"Entered Light","floor":3,"damage_taken":0},{"event_name":"WeMeetAgain","player_choice":"Potion","floor":7,"damage_taken":0},{"event_name":"Match and Keep!","player_choice":"2 cards matched","floor":11,"damage_taken":0},{"event_name":"World of Goop","player_choice":"Left","floor":14,"damage_taken":0},{"event_name":"Back to Basics","player_choice":"Simplicity","floor":21,"damage_taken":0},{"event_name":"Ghosts","player_choice":"Ignored","floor":29,"damage_taken":0},{"event_name":"SensoryStone","player_choice":"Memory 2","floor":39,"damage_taken":0},{"event_name":"MindBloom","player_choice":"Heal","floor":44,"damage_taken":0},{"event_name":"Upgrade Shrine","player_choice":"Upgraded","floor":47,"damage_taken":0}],"is_beta":false,"boss_relics":[{"not_picked":["Coffee Dripper","Snecko Eye"],"picked":"Fusion Hammer"},{"not_picked":["Astrolabe","Busted Crown"],"picked":"Eternal Feather"}],"items_purged_floors":[31],"is_endless":false,"potions_floor_spawned":[1,16,18,24,33,41,42,45,48],"killed_by":"Awakened One","ascension_level":0}