{"gold_per_floor":[115,132,142,152,169,169,199,199,223,234,250,250,279,279,279,384,384,400,416,269,287,306,306,84,84,110,123,157,167,198,224,224,224],"floor_reached":33,"playtime":2689,"items_purged":[],"score":482,"play_id":"2bc8c0ef-19f5-40df-bd4d-81de2600a74d","local_time":"20190504131937","is_ascension_mode":true,"campfire_choices":[{"data":"Glacier","floor":6.0,"key":"SMITH"},{"data":"Electrodynamics","floor":8.0,"key":"SMITH"},{"floor":12.0,"key":"REST"},{"data":"Streamline","floor":15.0,"key":"SMITH"},{"data":"Self Repair","floor":23.0,"key":"SMITH"},{"data":"Conserve Battery","floor":25.0,"key":"SMITH"},{"data":"Stack","floor":32.0,"key":"SMITH"}],"neow_cost":"TEN_PERCENT_HP_LOSS","seed_source_timestamp":0,"circlet_count":0,"master_deck":["AscendersBane","Strike_B","Strike_B","Strike_B","Strike_B","Defend_B","Defend_B","Defend_B","Defend_B","Zap","Dualcast","Undo","Glacier+1","Gash","Conserve Battery+1","Sweeping Beam","Electrodynamics+1","Stack+1","Streamline+1","Rip and Tear","Core Surge","Self Repair+1","Cold Snap","Cold Snap","Cold Snap","Rip and Tear","Go for the Eyes","Hologram","Stack"],"special_seed":0,"relics":["Cracked Core","Mango","Vajra","Orichalcum","Boot","Potion Belt","Eternal Feather","DataDisk","Oddly Smooth Stone","Bag of Preparation","Symbiotic Virus","Turnip","Juzu Bracelet"],"potions_floor_usage":[33,33],"damage_taken":[{"damage":11.0,"enemies":"Cultist","floor":1.0,"turns":4.0},{"damage":6.0,"enemies":"Small Slimes","floor":2.0,"turns":3.0},{"damage":5.0,"enemies":"2 Louse","floor":3.0,"turns":3.0},{"damage":6.0,"enemies":"Red Slaver","floor":4.0,"turns":4.0},{"damage":0.0,"enemies":"3 Louse","floor":5.0,"turns":5.0},{"damage":20.0,"enemies":"3 Sentries","floor":7.0,"turns":10.0},{"damage":0.0,"enemies":"Exordium Wildlife","floor":10.0,"turns":2.0},{"damage":0.0,"enemies":"Looter","floor":11.0,"turns":4.0},{"damage":25.0,"enemies":"Lagavulin","floor":13.0,"turns":6.0},{"damage":4.0,"enemies":"The Guardian","floor":16.0,"turns":11.0},{"damage":3.0,"enemies":"3 Byrds","floor":18.0,"turns":5.0},{"damage":2.0,"enemies":"Chosen","floor":19.0,"turns":5.0},{"damage":19.0,"enemies":"Snecko","floor":21.0,"turns":5.0},{"damage":15.0,"enemies":"Snake Plant","floor":22.0,"turns":7.0},{"damage":19.0,"enemies":"Centurion and Healer","floor":27.0,"turns":9.0},{"damage":2.0,"enemies":"Gremlin Leader","floor":28.0,"turns":5.0},{"damage":6.0,"enemies":"Snecko","floor":29.0,"turns":4.0},{"damage":23.0,"enemies":"Book of Stabbing","floor":30.0,"turns":8.0},{"damage":102,"enemies":"Collector","floor":33,"turns":18}],"seed_played":"-5408722620095302267","potions_obtained":[{"floor":3.0,"key":"SpeedPotion"},{"floor":4.0,"key":"Energy Potion"},{"floor":13.0,"key":"AttackPotion"},{"floor":16.0,"key":"SpeedPotion"},{"floor":18.0,"key":"PowerPotion"},{"floor":19.0,"key":"Poison Potion"},{"floor":27.0,"key":"PowerPotion"},{"floor":30.0,"key":"LiquidBronze"}],"is_trial":false,"path_per_floor":["M","M","M","M","M","R","E","R","T","M","M","R","E","?","R","B",null,"M","M","$","M","M","R","$","R","T","M","E","M","E","T","R","B"],"character_chosen":"DEFECT","items_purchased":["DataDisk","Oddly Smooth Stone","FocusPotion"],"campfire_rested":1,"item_purchase_floors":[20,24,24],"current_hp_per_floor":[71,65,60,54,54,54,34,34,34,34,34,58,33,33,33,29,69,66,71,71,59,51,66,66,81,81,72,80,82,69,69,82,0],"gold":224,"neow_bonus":"ONE_RARE_RELIC","is_prod":false,"is_daily":false,"chose_seed":false,"campfire_upgraded":6,"win_rate":0,"timestamp":1556968777,"path_taken":["M","?","M","?","M","R","E","R","T","M","M","R","E","?","R","BOSS","M","M","$","M","?","R","$","R","T","M","E","M","E","?","R","BOSS"],"build_version":"2019-01-23","purchased_purges":0,"victory":false,"max_hp_per_floor":[82,82,82,82,82,82,82,82,82,82,82,82,82,82,82,82,82,82,82,82,82,82,82,82,82,82,82,82,82,82,82,82,82],"card_choices":[{"not_picked":["Beam Cell","Rebound"],"picked":"Undo","floor":1.0},{"not_picked":["Beam Cell","Compile Driver"],"picked":"Glacier","floor":2.0},{"not_picked":["Coolheaded","Fusion"],"picked":"Gash","floor":3.0},{"not_picked":["Barrage","Reinforced Body"],"picked":"Conserve Battery","floor":4.0},{"not_picked":["Barrage","Heatsinks"],"picked":"Sweeping Beam","floor":5.0},{"not_picked":["Conserve Battery","Turbo"],"picked":"Electrodynamics","floor":7.0},{"not_picked":["Conserve Battery","Hologram"],"picked":"Stack","floor":10.0},{"not_picked":["Capacitor","Reinforced Body"],"picked":"Streamline","floor":11.0},{"not_picked":["Rebound","Recycle"],"picked":"Rip and Tear","floor":13.0},{"not_picked":["Reboot","Rainbow"],"picked":"Core Surge","floor":16.0},{"not_picked":["Ball Lightning","Gash"],"picked":"Self Repair","floor":18.0},{"not_picked":["Compile Driver","Turbo+1"],"picked":"Cold Snap","floor":19.0},{"not_picked":["Compile Driver","Redo"],"picked":"Cold Snap","floor":21.0},{"not_picked":["Sweeping Beam+1","Doom and Gloom"],"picked":"Cold Snap","floor":22.0},{"not_picked":["Fission","Compile Driver"],"picked":"Rip and Tear","floor":27.0},{"not_picked":["Lockon","Compile Driver"],"picked":"Go for the Eyes","floor":28.0},{"not_picked":["Storm","Rebound"],"picked":"Hologram","floor":29.0},{"not_picked":["Compile Driver","Aggregate"],"picked":"Stack","floor":30.0}],"player_experience":727452,"relics_obtained":[{"floor":7.0,"key":"Vajra"},{"floor":9.0,"key":"Orichalcum"},{"floor":13.0,"key":"Boot"},{"floor":26.0,"key":"Bag of Preparation"},{"floor":28.0,"key":"Symbiotic Virus"},{"floor":30.0,"key":"Turnip"},{"floor":31.0,"key":"Juzu Bracelet"}],"event_choices":[{"damage_healed":0.0,"max_hp_gain":0.0,"max_hp_loss":0.0,"gold_gain":0.0,"event_name":"WeMeetAgain","player_choice":"Gave Potion","floor":14.0,"gold_loss":0.0,"damage_taken":0.0,"relics_obtained":["Potion Belt"]}],"is_beta":false,"boss_relics":[{"not_picked":["Inserter","Philosopher\u0027s Stone"],"picked":"Eternal Feather"}],"items_purged_floors":[],"is_endless":false,"potions_floor_spawned":[3,4,7,13,16,18,19,27,30],"killed_by":"Collector","ascension_level":12}