{"gold_per_floor":[113,131,5,5,20,20,54,70,93,93,113,124,124,124,124,227,227,227],"floor_reached":18,"playtime":660,"items_purged":["Strike_R"],"score":162,"play_id":"cc1822d9-35b5-4c42-9c89-b0fbd8463f5b","local_time":"20181128234750","is_ascension_mode":false,"campfire_choices":[{"data":"Rampage","floor":6,"key":"SMITH"},{"floor":10,"key":"REST"},{"data":"Carnage","floor":15,"key":"SMITH"}],"neow_cost":"NONE","seed_source_timestamp":13974359989570,"circlet_count":0,"master_deck":["Strike_R","Strike_R","Strike_R","Defend_R","Defend_R","Bash+1","Anger","Twin Strike","Rampage+1","Ghostly Armor","Carnage+1","Impervious","Feel No Pain+1","Wild Strike+1","Rupture+1"],"relics":["Burning Blood","Anchor","Bronze Scales","Astrolabe"],"potions_floor_usage":[5,7,11,16,16,16,16,16,16],"damage_taken":[{"damage":12,"enemies":"2 Louse","floor":1,"turns":3},{"damage":6,"enemies":"Cultist","floor":2,"turns":3},{"damage":11,"enemies":"Jaw Worm","floor":5,"turns":2},{"damage":14,"enemies":"Gremlin Nob","floor":7,"turns":3},{"damage":9,"enemies":"3 Louse","floor":8,"turns":3},{"damage":18,"enemies":"Lots of Slimes","floor":11,"turns":3},{"damage":0,"enemies":"Looter","floor":12,"turns":2},{"damage":40,"enemies":"Hexaghost","floor":16,"turns":5},{"damage":0,"enemies":"2 Thieves","floor":18,"turns":1}],"seed_played":"7351575180631160477","potions_obtained":[{"floor":2,"key":"FearPotion"},{"floor":5,"key":"AttackPotion"},{"floor":7,"key":"Dexterity Potion"},{"floor":14,"key":"FearPotion"},{"floor":14,"key":"Regen Potion"},{"floor":14,"key":"EntropicBrew"}],"is_trial":false,"path_per_floor":["M","M","$","?","M","R","E","M","T","R","M","M","?","?","R","B",null,"M"],"character_chosen":"IRONCLAD","items_purchased":["Twin Strike"],"campfire_rested":1,"item_purchase_floors":[3],"current_hp_per_floor":[74,74,74,80,75,75,67,64,64,80,68,74,74,74,74,51,80,80],"gold":227,"neow_bonus":"UPGRADE_CARD","is_prod":false,"is_daily":false,"chose_seed":false,"campfire_upgraded":2,"win_rate":0,"timestamp":1543477670,"path_taken":["M","M","$","?","M","R","E","?","T","R","M","M","?","?","R","BOSS","M"],"build_version":"2018-11-15","purchased_purges":1,"victory":false,"max_hp_per_floor":[80,80,80,80,80,80,80,80,80,80,80,80,80,80,80,80,80,80],"card_choices":[{"not_picked":["Combust","Wild Strike"],"picked":"Anger","floor":1},{"not_picked":["Cleave","Clash"],"picked":"Ghostly Armor","floor":2},{"not_picked":["Combust","Clash"],"picked":"Rampage","floor":5},{"not_picked":["Armaments","Dropkick"],"picked":"Ghostly Armor","floor":7},{"not_picked":["Iron Wave","Perfected Strike"],"picked":"Carnage","floor":8},{"not_picked":["Headbutt","Second Wind","Cleave"],"picked":"SKIP","floor":11},{"not_picked":["Twin Strike","Clothesline","Wild Strike"],"picked":"SKIP","floor":12},{"not_picked":["Offering","Exhume"],"picked":"Impervious","floor":16}],"player_experience":99154,"relics_obtained":[{"floor":7,"key":"Anchor"},{"floor":9,"key":"Bronze Scales"}],"event_choices":[{"cards_removed":["Ghostly Armor"],"damage_healed":6,"gold_gain":0,"player_choice":"Offered Uncommon","damage_taken":0,"max_hp_gain":0,"max_hp_loss":0,"event_name":"Bonfire Elementals","floor":4,"gold_loss":0},{"damage_healed":0,"gold_gain":0,"player_choice":"Ignored","damage_taken":0,"max_hp_gain":0,"max_hp_loss":0,"event_name":"Liars Game","floor":13,"gold_loss":0},{"damage_healed":0,"gold_gain":0,"player_choice":"Got Potions","damage_taken":0,"max_hp_gain":0,"max_hp_loss":0,"event_name":"Lab","floor":14,"gold_loss":0}],"is_beta":false,"boss_relics":[{"not_picked":["Runic Cube","White Beast Statue"],"picked":"Astrolabe"}],"items_purged_floors":[3],"is_endless":false,"potions_floor_spawned":[2,5,7],"killed_by":"2 Thieves","ascension_level":0}