{"gold_per_floor":[144,44,44,89,134,224,236,26,51,96,141,186,186,231,231,531,531,576,2,47,92,137,137,182,182,207,252,342,342,342,342,342,342],"floor_reached":33,"playtime":974,"items_purged":["Armaments"],"score":371,"play_id":"c78f6600-a30d-4624-bfda-9b2faefb563f","local_time":"20180904205503","daily_mods":["Heirloom","Midas","Lethality"],"is_ascension_mode":false,"campfire_choices":[{"floor":7,"key":"REST"},{"floor":13,"key":"REST"},{"floor":15,"key":"REST"},{"floor":23,"key":"REST"},{"floor":25,"key":"REST"},{"floor":29,"key":"REST"},{"floor":32,"key":"REST"}],"neow_cost":"","seed_source_timestamp":0,"circlet_count":0,"master_deck":["Strike_R","Strike_R","Strike_R","Strike_R","Strike_R","Defend_R","Defend_R","Defend_R","Defend_R","Bash","Anger","Anger","Heavy Blade","Whirlwind","Blind","Flex","Armaments","Limit Break","Berserk","Armaments+1","Anger","Thunderclap","Intimidate+1","Secret Technique"],"special_seed":17779,"relics":["Burning Blood","Incense Burner","Strawberry","MawBank","Bag of Marbles","Lizard Tail","DollysMirror","Ornamental Fan","Happy Flower","StoneCalendar"],"potions_floor_usage":[6,6,6,21,21,21,28],"damage_taken":[{"damage":4,"enemies":"Cultist","floor":1,"turns":3},{"damage":0,"enemies":"Small Slimes","floor":4,"turns":2},{"damage":0,"enemies":"2 Louse","floor":5,"turns":2},{"damage":0,"enemies":"Lagavulin","floor":6,"turns":2},{"damage":16,"enemies":"Exordium Wildlife","floor":10,"turns":3},{"damage":12,"enemies":"Red Slaver","floor":11,"turns":3},{"damage":11,"enemies":"Exordium Thugs","floor":12,"turns":2},{"damage":0,"enemies":"3 Louse","floor":14,"turns":2},{"damage":0,"enemies":"Slime Boss","floor":16,"turns":6},{"damage":35,"enemies":"Spheric Guardian","floor":18,"turns":4},{"damage":32,"enemies":"3 Byrds","floor":20,"turns":4},{"damage":0,"enemies":"Snake Plant","floor":21,"turns":2},{"damage":55,"enemies":"3 Cultists","floor":22,"turns":5},{"damage":31,"enemies":"Centurion and Healer","floor":24,"turns":5},{"damage":7,"enemies":"Snecko","floor":27,"turns":4},{"damage":70,"enemies":"Slavers","floor":28,"turns":4},{"damage":71,"enemies":"Automaton","floor":33,"turns":6}],"seed_played":"-4275745277921961061","potions_obtained":[{"floor":1,"key":"Fire Potion"},{"floor":11,"key":"FearPotion"},{"floor":14,"key":"AttackPotion"},{"floor":18,"key":"Dexterity Potion"},{"floor":24,"key":"BloodPotion"},{"floor":28,"key":"Weak Potion"}],"is_trial":false,"path_per_floor":["M","$","T","M","M","E","R","$","T","M","M","M","R","M","R","B",null,"M","$","M","M","M","R","M","R","T","M","E","R","?","?","R"],"character_chosen":"IRONCLAD","items_purchased":["Fire Potion","Poison Potion","Whirlwind","Blind","Armaments","DollysMirror","Ornamental Fan","Thunderclap"],"campfire_rested":7,"item_purchase_floors":[2,2,8,8,8,19,19,19],"current_hp_per_floor":[80,80,87,87,87,87,87,87,87,77,71,66,87,87,87,87,87,58,58,32,38,49,75,50,76,76,75,19,45,13,13,39,0],"gold":342,"neow_bonus":"","is_prod":false,"is_daily":true,"chose_seed":false,"campfire_upgraded":0,"win_rate":0,"timestamp":1536119703,"path_taken":["M","$","?","M","M","E","R","$","T","M","M","?","R","M","R","BOSS","M","$","M","M","M","R","M","R","T","M","E","R","?","?","R","BOSS"],"build_version":"2018-08-30","purchased_purges":1,"victory":false,"max_hp_per_floor":[80,80,87,87,87,87,87,87,87,87,87,87,87,87,87,87,87,87,87,87,87,87,87,87,87,87,87,87,87,87,87,87,87],"card_choices":[{"not_picked":["Searing Blow","Hemokinesis","Combust"],"picked":"SKIP","floor":1},{"not_picked":["Body Slam","Cleave"],"picked":"Anger","floor":4},{"not_picked":["Warcry","Intimidate"],"picked":"Anger","floor":5},{"not_picked":["Brutality","Armaments"],"picked":"Heavy Blade","floor":6},{"not_picked":["Headbutt","Iron Wave"],"picked":"Flex","floor":10},{"not_picked":["True Grit","Second Wind"],"picked":"Armaments","floor":11},{"not_picked":["Rupture","Shrug It Off","True Grit"],"picked":"SKIP","floor":12},{"not_picked":["Fire Breathing","Hemokinesis"],"picked":"Limit Break","floor":14},{"not_picked":["Immolate","Barricade"],"picked":"Berserk","floor":16},{"not_picked":["Sword Boomerang+1","Infernal Blade"],"picked":"Armaments+1","floor":18},{"not_picked":["Searing Blow","Thunderclap+1","Havoc+1"],"picked":"SKIP","floor":20},{"not_picked":["Blood for Blood+1","Metallicize","Disarm"],"picked":"SKIP","floor":21},{"not_picked":["Headbutt","Blood for Blood"],"picked":"Intimidate+1","floor":22},{"not_picked":["Cleave+1","Power Through","Twin Strike"],"picked":"SKIP","floor":24},{"not_picked":["Feel No Pain+1","True Grit","Clash"],"picked":"SKIP","floor":27},{"not_picked":["Shrug It Off","Brutality","Uppercut"],"picked":"SKIP","floor":28}],"player_experience":59796,"relics_obtained":[{"floor":3,"key":"Strawberry"},{"floor":6,"key":"MawBank"},{"floor":9,"key":"Bag of Marbles"},{"floor":26,"key":"Happy Flower"},{"floor":28,"key":"StoneCalendar"}],"event_choices":[{"event_name":"Knowing Skull","player_choice":"POTION POTION CARD ","floor":30,"damage_taken":0},{"event_name":"Transmorgrifier","player_choice":"Transform","floor":31,"damage_taken":0}],"is_beta":false,"boss_relics":[{"not_picked":["Sozu","Tiny House"],"picked":"Lizard Tail"}],"items_purged_floors":[19],"is_endless":false,"potions_floor_spawned":[1,4,11,14,18,24,28],"killed_by":"Automaton","ascension_level":0}