{"gold_per_floor":[114,114,173,188,152,152,159,159,184,90,90,90,120,135,135,235,235,250,250,250,265,17,47,47,62,62,77,39,39,39,54,354,454,454,469,109,124,124,124,124,139,19,44,44,44,74,74,119,119,131],"floor_reached":51,"playtime":2204,"items_purged":[],"score":964,"play_id":"169d9e5a-3f67-4418-bbb1-776806a5b7bb","local_time":"20180817151411","daily_mods":["Insanity","Terminal","Vintage"],"is_ascension_mode":false,"campfire_choices":[{"data":"1","floor":6,"key":"LIFT"},{"data":"2","floor":8,"key":"LIFT"},{"data":"3","floor":11,"key":"LIFT"},{"data":"Whirlwind","floor":15,"key":"SMITH"},{"floor":24,"key":"DIG"},{"floor":29,"key":"REST"},{"floor":32,"key":"DIG"},{"floor":45,"key":"DIG"},{"floor":47,"key":"DIG"},{"floor":49,"key":"DIG"}],"neow_cost":"","seed_source_timestamp":266182121701534,"circlet_count":0,"master_deck":["Carnage","Rage","Clothesline","Hemokinesis","Bludgeon","Reaper","Dual Wield","Flame Barrier","Sever Soul","Sword Boomerang","Blood for Blood","Disarm","Metallicize","Burning Pact+1","Ghostly Armor","Iron Wave","Body Slam","Inflame+1","Evolve","Seeing Red","Power Through","Bludgeon","Exhume","Pommel Strike","Flex","Metallicize","Rupture","Fire Breathing","Feel No Pain","Feed","Second Wind","Metallicize","Flame Barrier","Rampage","Pummel","Defend_R","Ghostly Armor","Barricade","Intimidate+1","Immolate","Heavy Blade","Dark Embrace","Clothesline","Barricade","Sword Boomerang","Reckless Charge","Iron Wave","Headbutt","Whirlwind+1","Searing Blow","Iron Wave","Discovery+1","Clash","Offering+1","Decay","Bite","Bite","Bite","Bite","Bite","Bandage Up+1","Flex+1","Cleave","Immolate","Flex+1","Impervious+1","Dramatic Entrance","Good Instincts+1","Madness+1","Madness+1"],"special_seed":17760,"relics":["Burning Blood","Bag of Marbles","Girya","Toxic Egg 2","Odd Mushroom","Strawberry","The Courier","War Paint","Fusion Hammer","Shovel","Dodecahedron","Oddly Smooth Stone","Omamori","StoneCalendar","Darkstone Periapt","Juzu Bracelet","Dead Branch","Happy Flower","Old Coin","Bird Faced Urn","Sozu","Matryoshka","Bottled Lightning","Lee\u0027s Waffle","Lantern","Vajra","Anchor","Bottled Tornado","Art of War","Bronze Scales","Bag of Preparation","Ornamental Fan","Tiny Chest","MawBank"],"potions_floor_usage":[16,16,16],"damage_taken":[{"damage":0,"enemies":"2 Louse","floor":1,"turns":3},{"damage":0,"enemies":"Jaw Worm","floor":4,"turns":2},{"damage":0,"floor":7,"turns":1},{"damage":5,"enemies":"Gremlin Nob","floor":13,"turns":4},{"damage":0,"enemies":"Small Slimes","floor":14,"turns":2},{"damage":0,"enemies":"Slime Boss","floor":16,"turns":7},{"damage":28,"enemies":"Spheric Guardian","floor":18,"turns":5},{"damage":18,"enemies":"2 Thieves","floor":21,"turns":5},{"damage":0,"enemies":"Slavers","floor":23,"turns":1},{"damage":0,"enemies":"Chosen and Byrds","floor":25,"turns":4},{"damage":16,"enemies":"3 Cultists","floor":27,"turns":5},{"damage":0,"enemies":"Snecko","floor":31,"turns":5},{"damage":13,"enemies":"Collector","floor":33,"turns":6},{"damage":0,"enemies":"3 Shapes","floor":35,"turns":1},{"damage":6,"enemies":"Orb Walker","floor":37,"turns":2},{"damage":0,"enemies":"Flame Bruiser 2 Orb","floor":41,"turns":3},{"damage":5,"floor":44,"turns":3},{"damage":9,"enemies":"Nemesis","floor":46,"turns":5},{"damage":6,"enemies":"Transient","floor":48,"turns":5},{"damage":27,"enemies":"Donu and Deca","floor":50,"turns":4}],"seed_played":"-944749805206435662","potions_obtained":[{"floor":1,"key":"AttackPotion"},{"floor":7,"key":"EssenceOfSteel"},{"floor":14,"key":"LiquidBronze"},{"floor":16,"key":"Fire Potion"},{"floor":27,"key":"AttackPotion"},{"floor":31,"key":"BloodPotion"}],"is_trial":false,"path_per_floor":["M","?","?","M","$","R","?","R","T","$","R","?","E","M","R","B",null,"M","?","?","M","$","E","R","M","T","M","$","R","?","M","R","B",null,"M","$","M","?","?","?","M","$","T","?","R","E","R","M","R","B"],"character_chosen":"IRONCLAD","items_purchased":["Searing Blow","Discovery+1","Bandage Up+1","Flex+1","Cleave","Oddly Smooth Stone","Flex+1","Bottled Lightning","Lee\u0027s Waffle","Anchor"],"campfire_rested":1,"item_purchase_floors":[5,10,22,22,22,22,28,36,36,42],"current_hp_per_floor":[78,75,75,75,74,73,72,71,77,76,75,60,71,72,71,73,72,50,50,48,47,46,45,44,43,42,35,35,42,41,40,39,34,37,36,42,41,36,31,31,37,36,35,34,33,32,31,30,29,8],"gold":143,"neow_bonus":"","is_prod":false,"is_daily":true,"chose_seed":false,"campfire_upgraded":1,"win_rate":0.0,"timestamp":1534544051,"path_taken":["M","?","?","M","$","R","?","R","T","?","R","?","E","M","R","BOSS","M","?","?","M","$","E","R","?","T","M","?","R","?","M","R","BOSS","M","$","M","?","?","?","M","?","T","?","R","E","R","M","R","BOSS"],"build_version":"2018-08-16","purchased_purges":0,"victory":true,"max_hp_per_floor":[78,77,76,75,74,73,72,71,77,76,75,74,73,72,71,73,72,71,70,48,47,46,45,44,43,42,44,43,42,41,40,39,38,37,36,42,41,40,39,38,37,36,35,34,33,32,31,30,29,28],"card_choices":[{"not_picked":["Thunderclap","Body Slam"],"picked":"Iron Wave","floor":7},{"not_picked":["Metallicize","Thunderclap"],"picked":"Clash","floor":13},{"not_picked":["Bludgeon","Double Tap+1"],"picked":"Offering+1","floor":16},{"not_picked":["Thunderclap+1","Ghostly Armor+1"],"picked":"Immolate","floor":23},{"not_picked":["Berserk","Barricade"],"picked":"Impervious+1","floor":33},{"not_picked":["Forethought+1","The Bomb+1"],"picked":"Dramatic Entrance","floor":38},{"not_picked":["Secret Weapon+1","Magnetism"],"picked":"Good Instincts+1","floor":38},{"not_picked":["Wild Strike","Dropkick","Barricade"],"picked":"SKIP","floor":46}],"player_experience":14921,"relics_obtained":[{"floor":1,"key":"Bag of Marbles"},{"floor":4,"key":"Toxic Egg 2"},{"floor":7,"key":"Odd Mushroom"},{"floor":9,"key":"Strawberry"},{"floor":13,"key":"The Courier"},{"floor":16,"key":"War Paint"},{"floor":18,"key":"Shovel"},{"floor":21,"key":"Dodecahedron"},{"floor":23,"key":"Omamori"},{"floor":24,"key":"StoneCalendar"},{"floor":25,"key":"Darkstone Periapt"},{"floor":26,"key":"Juzu Bracelet"},{"floor":27,"key":"Dead Branch"},{"floor":31,"key":"Happy Flower"},{"floor":32,"key":"Old Coin"},{"floor":33,"key":"Bird Faced Urn"},{"floor":35,"key":"Matryoshka"},{"floor":37,"key":"Lantern"},{"floor":41,"key":"Vajra"},{"floor":43,"key":"Bottled Tornado"},{"floor":43,"key":"Art of War"},{"floor":45,"key":"Bronze Scales"},{"floor":46,"key":"Bag of Preparation"},{"floor":47,"key":"Ornamental Fan"},{"floor":48,"key":"Tiny Chest"},{"floor":49,"key":"MawBank"}],"event_choices":[{"event_name":"Scrap Ooze","player_choice":"success","floor":2,"damage_taken":3},{"event_name":"Golden Wing","player_choice":"Gained Gold","floor":3,"damage_taken":0},{"event_name":"Mushrooms","player_choice":"Fought Mushrooms","floor":7,"damage_taken":0},{"event_name":"Shining Light","player_choice":"Entered Light","floor":12,"damage_taken":0},{"event_name":"Forgotten Altar","player_choice":"Smashed Altar","floor":19,"damage_taken":0},{"event_name":"Vampires","player_choice":"Became a vampire","floor":20,"damage_taken":0},{"event_name":"Ghosts","player_choice":"Ignored","floor":30,"damage_taken":0},{"event_name":"SensoryStone","player_choice":"Memory 2","floor":38,"damage_taken":0},{"event_name":"Winding Halls","player_choice":"Embrace Madness","floor":39,"damage_taken":0},{"event_name":"Falling","player_choice":"Removed Skill","floor":40,"damage_taken":0},{"event_name":"MindBloom","player_choice":"Fight","floor":44,"damage_taken":0}],"is_beta":false,"boss_relics":[{"not_picked":["Ectoplasm","Calling Bell"],"picked":"Fusion Hammer"},{"not_picked":["Eternal Feather","Lizard Tail"],"picked":"Sozu"}],"items_purged_floors":[],"is_endless":false,"potions_floor_spawned":[1,7,14,16,27,31,35,37,44,46],"ascension_level":0}