{"gold_per_floor":[17,27,43,43,43,68,85,95,118,118,134,145,320,334,334,334],"floor_reached":16,"playtime":1293,"items_purged":[],"score":106,"play_id":"fe09b117-5d46-4077-b297-e705181ee542","local_time":"20181207165249","is_ascension_mode":false,"campfire_choices":[{"floor":10,"key":"REST"},{"floor":15,"key":"REST"}],"neow_cost":"NO_GOLD","seed_source_timestamp":239343500815770,"circlet_count":0,"master_deck":["Strike_R","Strike_R","Strike_R","Strike_R","Defend_R","Defend_R","Defend_R","Defend_R","Bash","Armaments+1","Perfected Strike","Inflame","Exhume","Bludgeon","Flex+1","Whirlwind","Sword Boomerang","Shockwave","Doubt","Pummel"],"relics":["Burning Blood","Gambling Chip","Gremlin Horn","War Paint"],"potions_floor_usage":[16,16],"damage_taken":[{"damage":1,"enemies":"Cultist","floor":1,"turns":3},{"damage":8,"enemies":"Jaw Worm","floor":2,"turns":3},{"damage":2,"enemies":"2 Louse","floor":3,"turns":3},{"damage":56,"enemies":"Gremlin Nob","floor":6,"turns":6},{"damage":13,"enemies":"Exordium Thugs","floor":7,"turns":3},{"damage":14,"enemies":"Gremlin Gang","floor":8,"turns":4},{"damage":4,"enemies":"Blue Slaver","floor":11,"turns":3},{"damage":10,"enemies":"Looter","floor":12,"turns":2},{"damage":10,"enemies":"3 Louse","floor":14,"turns":2},{"damage":65,"enemies":"Hexaghost","floor":16,"turns":9}],"seed_played":"-1399069176183694381","potions_obtained":[{"floor":6,"key":"Energy Potion"},{"floor":8,"key":"SkillPotion"},{"floor":11,"key":"SmokeBomb"},{"floor":12,"key":"Regen Potion"}],"is_trial":false,"path_per_floor":["M","M","M","$","?","E","M","M","T","R","M","M","?","M","R","B"],"character_chosen":"IRONCLAD","items_purchased":[],"campfire_rested":2,"item_purchase_floors":[],"current_hp_per_floor":[80,78,80,80,80,30,23,15,15,39,41,37,37,33,57,0],"gold":334,"neow_bonus":"ONE_RARE_RELIC","is_prod":false,"is_daily":false,"chose_seed":false,"campfire_upgraded":0,"win_rate":0,"timestamp":1544230369,"path_taken":["M","?","?","$","?","E","M","?","T","R","?","M","?","M","R","BOSS"],"build_version":"2018-12-06","purchased_purges":0,"victory":false,"max_hp_per_floor":[80,80,80,80,80,80,80,80,80,80,80,80,80,80,80,80],"card_choices":[{"not_picked":["Flex","Clash"],"picked":"Armaments","floor":1},{"not_picked":["Metallicize","Blood for Blood"],"picked":"Perfected Strike","floor":2},{"not_picked":["Clothesline","Dropkick"],"picked":"Inflame","floor":3},{"not_picked":["Rage","Brutality"],"picked":"Bludgeon","floor":6},{"not_picked":["Armaments","Warcry"],"picked":"Flex","floor":7},{"not_picked":["Rage","Cleave"],"picked":"Whirlwind","floor":8},{"not_picked":["Havoc","Sever Soul"],"picked":"Sword Boomerang","floor":11},{"not_picked":["Pommel Strike","Rupture"],"picked":"Shockwave","floor":12},{"not_picked":["Reckless Charge","True Grit"],"picked":"Pummel","floor":14}],"player_experience":145771,"relics_obtained":[{"floor":6,"key":"Gremlin Horn"},{"floor":9,"key":"War Paint"}],"event_choices":[{"damage_healed":0,"gold_gain":0,"cards_transformed":["Strike_R"],"player_choice":"Transformed","damage_taken":0,"max_hp_gain":0,"max_hp_loss":0,"event_name":"Transmorgrifier","floor":5,"gold_loss":0,"cards_obtained":["Exhume"]},{"damage_healed":0,"gold_gain":175,"player_choice":"AGREE","damage_taken":0,"max_hp_gain":0,"max_hp_loss":0,"event_name":"Liars Game","floor":13,"gold_loss":0,"cards_obtained":["Doubt"]}],"is_beta":false,"boss_relics":[],"items_purged_floors":[],"is_endless":false,"potions_floor_spawned":[6,8,11,12,14],"killed_by":"Hexaghost","ascension_level":0}