{"gold_per_floor":[115,131,131,145,156,156,167,167,167,192,152,152,165,175,175,277,277,288,298,147,157,157],"floor_reached":22,"playtime":1046,"items_purged":[],"score":189,"play_id":"a93b63a6-2a37-4133-9ba4-0d7e3f751879","local_time":"20181222222250","is_ascension_mode":true,"campfire_choices":[{"floor":6,"key":"RECALL"},{"floor":12,"key":"REST"},{"floor":15,"key":"REST"}],"neow_cost":"NONE","seed_source_timestamp":28646268083636,"circlet_count":0,"master_deck":["Strike_R","Strike_R","Strike_R","Strike_R","Strike_R","Defend_R","Defend_R","Defend_R","Defend_R","Bash","Clash","Heavy Blade","Regret","Inflame","Uppercut","Flex","Blood for Blood","Flame Barrier","Double Tap","Battle Trance","Bludgeon","Twin Strike","Clothesline+1"],"relics":["Burning Blood","Lantern","Sundial","Odd Mushroom","Lizard Tail","Vajra"],"potions_floor_usage":[16],"damage_taken":[{"damage":10,"enemies":"Cultist","floor":1,"turns":4},{"damage":9,"enemies":"Jaw Worm","floor":2,"turns":4},{"damage":2,"enemies":"Small Slimes","floor":4,"turns":3},{"damage":0,"enemies":"3 Louse","floor":5,"turns":2},{"damage":14,"enemies":"Looter","floor":7,"turns":3},{"damage":24,"enemies":"The Mushroom Lair","floor":10,"turns":3},{"damage":20,"enemies":"Gremlin Gang","floor":13,"turns":3},{"damage":15,"enemies":"Large Slime","floor":14,"turns":5},{"damage":63,"enemies":"Hexaghost","floor":16,"turns":9},{"damage":34,"enemies":"Shell Parasite","floor":18,"turns":5},{"damage":35,"enemies":"3 Byrds","floor":19,"turns":5},{"damage":53,"enemies":"Shelled Parasite and Fungi","floor":21,"turns":5},{"damage":37,"enemies":"Centurion and Healer","floor":22,"turns":3}],"seed_played":"2629337387356341057","potions_obtained":[{"floor":2,"key":"BloodPotion"},{"floor":4,"key":"PowerPotion"},{"floor":14,"key":"Explosive Potion"},{"floor":19,"key":"SkillPotion"}],"is_trial":false,"path_per_floor":["M","M","?","M","M","R","M","?","T","?","$","R","M","M","R","B",null,"M","M","$","M","M"],"character_chosen":"IRONCLAD","items_purchased":["Flame Barrier","Vajra"],"campfire_rested":2,"item_purchase_floors":[11,20],"current_hp_per_floor":[84,81,81,85,88,88,80,77,77,59,59,85,71,62,88,31,88,60,31,31,28,0],"gold":157,"neow_bonus":"TEN_PERCENT_HP_BONUS","is_prod":false,"is_daily":false,"chose_seed":false,"campfire_upgraded":0,"win_rate":0,"timestamp":1545546170,"path_taken":["M","M","?","M","M","R","M","?","T","?","$","R","M","M","R","BOSS","M","M","$","M","M"],"build_version":"2018-12-20","purchased_purges":0,"victory":false,"max_hp_per_floor":[88,88,88,88,88,88,88,88,88,88,88,88,88,88,88,88,88,88,88,88,88,88],"card_choices":[{"not_picked":["Warcry","Uppercut"],"picked":"Clash","floor":1},{"not_picked":["Spot Weakness","Bloodletting"],"picked":"Heavy Blade","floor":2},{"not_picked":["Pommel Strike","Wild Strike"],"picked":"Inflame","floor":4},{"not_picked":["Entrench","Cleave"],"picked":"Uppercut","floor":5},{"not_picked":["Clothesline","Corruption"],"picked":"Flex","floor":7},{"not_picked":["Bloodletting","Clothesline"],"picked":"Blood for Blood","floor":10},{"not_picked":["Wild Strike","True Grit"],"picked":"Double Tap","floor":13},{"not_picked":["Intimidate","Reckless Charge"],"picked":"Battle Trance","floor":14},{"not_picked":["Dark Embrace","Exhume"],"picked":"Bludgeon","floor":16},{"not_picked":["Havoc","Body Slam","Combust"],"picked":"SKIP","floor":18},{"not_picked":["Entrench","Shockwave"],"picked":"Twin Strike","floor":19},{"not_picked":["Armaments","Disarm"],"picked":"Clothesline+1","floor":21}],"player_experience":312667,"relics_obtained":[{"floor":10,"key":"Odd Mushroom"}],"event_choices":[{"damage_healed":0,"gold_gain":0,"player_choice":"Box","damage_taken":0,"relics_obtained":["Lantern"],"max_hp_gain":0,"max_hp_loss":0,"event_name":"Big Fish","floor":3,"gold_loss":0,"cards_obtained":["Regret"]},{"damage_healed":0,"gold_gain":0,"player_choice":"Success","damage_taken":3,"relics_obtained":["Sundial"],"max_hp_gain":0,"max_hp_loss":0,"event_name":"Scrap Ooze","floor":8,"gold_loss":0},{"damage_healed":0,"gold_gain":0,"player_choice":"Fought Mushrooms","damage_taken":0,"max_hp_gain":0,"max_hp_loss":0,"event_name":"Mushrooms","floor":10,"gold_loss":0}],"is_beta":false,"boss_relics":[{"not_picked":["White Beast Statue","Fusion Hammer"],"picked":"Lizard Tail"}],"items_purged_floors":[],"is_endless":false,"potions_floor_spawned":[2,4,14,19],"killed_by":"Centurion and Healer","ascension_level":1}