{"gold_per_floor":[119,131,144,155,175,175,191,191,218,92,103,134,134,168,168,240,290,310,47,67,67,84,84,84,116,116,133,133,146,146],"floor_reached":30,"playtime":2172,"items_purged":["Strike_G"],"score":462,"play_id":"d94e5e94-4df5-48dc-9e19-19d19b4b4a71","local_time":"20190414143644","is_ascension_mode":true,"campfire_choices":[{"data":"Neutralize","floor":6,"key":"SMITH"},{"data":"Poisoned Stab","floor":8,"key":"SMITH"},{"data":"Caltrops","floor":13,"key":"SMITH"},{"data":"Backstab","floor":15,"key":"SMITH"},{"floor":23,"key":"REST"}],"neow_cost":"NONE","seed_source_timestamp":383711750310535,"circlet_count":0,"master_deck":["AscendersBane","Defend_G+1","Defend_G+1","Defend_G+1","Defend_G+1","Defend_G+1","Strike_G+1","Strike_G+1","Strike_G+1","Strike_G+1","Survivor","Neutralize+1","Leg Sweep","Poisoned Stab+1","Backstab+1","Predator","Footwork","Caltrops+1","Corpse Explosion","Infinite Blades","Blur","Cloak And Dagger","Deadly Poison","Dodge and Roll+1","Backstab"],"relics":["Ring of the Snake","NeowsBlessing","Art of War","Singing Bowl","Vajra","Tiny House","OrangePellets","Strawberry","Toxic Egg 2","The Courier"],"potions_floor_usage":[7,18,21,21,21,21,27],"damage_taken":[{"damage":0,"enemies":"Jaw Worm","floor":1,"turns":1},{"damage":0,"enemies":"Small Slimes","floor":2,"turns":1},{"damage":0,"enemies":"Cultist","floor":3,"turns":1},{"damage":1,"enemies":"Looter","floor":4,"turns":3},{"damage":4,"enemies":"Gremlin Gang","floor":5,"turns":9},{"damage":0,"enemies":"Exordium Wildlife","floor":7,"turns":3},{"damage":0,"enemies":"2 Fungi Beasts","floor":11,"turns":3},{"damage":12,"enemies":"Gremlin Nob","floor":12,"turns":4},{"damage":3,"enemies":"Lagavulin","floor":14,"turns":8},{"damage":6,"enemies":"Hexaghost","floor":16,"turns":11},{"damage":6,"enemies":"2 Thieves","floor":18,"turns":4},{"damage":6,"enemies":"Chosen","floor":20,"turns":7},{"damage":3,"enemies":"Colosseum Slavers","floor":21,"turns":3},{"damage":35,"enemies":"Shelled Parasite and Fungi","floor":22,"turns":7},{"damage":21,"enemies":"Book of Stabbing","floor":25,"turns":7},{"damage":9,"enemies":"Cultist and Chosen","floor":27,"turns":7},{"damage":4,"enemies":"3 Cultists","floor":29,"turns":3},{"damage":17,"enemies":"Shelled Parasite and Fungi","floor":30,"turns":5}],"seed_played":"592484868631010189","potions_obtained":[{"floor":3,"key":"Weak Potion"},{"floor":5,"key":"SkillPotion"},{"floor":11,"key":"LiquidBronze"},{"floor":12,"key":"Weak Potion"},{"floor":17,"key":"EntropicBrew"},{"floor":20,"key":"EssenceOfSteel"},{"floor":25,"key":"Fire Potion"}],"is_trial":false,"path_per_floor":["M","M","M","M","M","R","M","R","T","$","M","E","R","E","R","B",null,"M","$","M","?","M","R","?","E","T","M","T","M","M"],"character_chosen":"THE_SILENT","items_purchased":["AttackPotion","OrangePellets","Blur"],"campfire_rested":1,"item_purchase_floors":[10,19,19],"current_hp_per_floor":[59,59,59,58,54,54,54,54,54,54,54,42,42,41,41,35,67,61,61,57,54,19,42,42,28,28,19,19,15,0],"gold":146,"neow_bonus":"THREE_ENEMY_KILL","is_prod":false,"is_daily":false,"chose_seed":false,"campfire_upgraded":4,"win_rate":0,"timestamp":1555267004,"path_taken":["M","M","M","M","M","R","M","R","T","$","M","E","R","E","R","BOSS","M","$","M","?","M","R","?","E","T","M","?","?","M"],"build_version":"2019-01-23","purchased_purges":1,"victory":false,"max_hp_per_floor":[66,66,66,66,66,66,66,66,66,66,66,66,66,68,68,68,75,75,75,77,77,77,77,77,84,84,84,84,84,84],"card_choices":[{"not_picked":["Backflip","Slice"],"picked":"Leg Sweep","floor":1},{"not_picked":["Slice","Prepared"],"picked":"Poisoned Stab","floor":2},{"not_picked":["Concentrate","Acrobatics"],"picked":"Backstab","floor":3},{"not_picked":["Noxious Fumes","Finisher","Grand Finale"],"picked":"SKIP","floor":4},{"not_picked":["Cloak And Dagger","Quick Slash"],"picked":"Predator","floor":5},{"not_picked":["Flechettes","PiercingWail"],"picked":"Footwork","floor":7},{"not_picked":["Tactician","Underhanded Strike","Dodge and Roll"],"picked":"SKIP","floor":11},{"not_picked":["Footwork","Catalyst"],"picked":"Caltrops","floor":12},{"not_picked":["Prepared","Slice","Blade Dance"],"picked":"Singing Bowl","floor":14},{"not_picked":["Venomology","Storm of Steel"],"picked":"Corpse Explosion","floor":16},{"not_picked":["Slice","Deflect","Distraction"],"picked":"Singing Bowl","floor":17},{"not_picked":["Skewer","Reflex"],"picked":"Infinite Blades","floor":18},{"not_picked":["Calculated Gamble","Slice","Sucker Punch"],"picked":"Singing Bowl","floor":20},{"not_picked":["Setup","Finisher+1"],"picked":"Cloak And Dagger","floor":22},{"not_picked":["Flechettes","All Out Attack"],"picked":"Deadly Poison","floor":25},{"not_picked":["Terror+1","Sucker Punch"],"picked":"Dodge and Roll+1","floor":27},{"not_picked":["Leg Sweep+1","Envenom"],"picked":"Backstab","floor":29}],"player_experience":826087,"relics_obtained":[{"floor":9,"key":"Art of War"},{"floor":12,"key":"Singing Bowl"},{"floor":14,"key":"Vajra"},{"floor":25,"key":"Strawberry"},{"floor":26,"key":"Toxic Egg 2"},{"floor":28,"key":"The Courier"}],"event_choices":[{"damage_healed":0,"gold_gain":0,"player_choice":"Fight","damage_taken":0,"max_hp_gain":0,"max_hp_loss":0,"event_name":"Colosseum","floor":21,"gold_loss":0},{"damage_healed":0,"gold_gain":0,"player_choice":"Fled From Nobs","damage_taken":0,"max_hp_gain":0,"max_hp_loss":0,"event_name":"Colosseum","floor":21,"gold_loss":0},{"damage_healed":0,"gold_gain":0,"player_choice":"Simplicity","damage_taken":0,"max_hp_gain":0,"max_hp_loss":0,"event_name":"Back to Basics","floor":24,"gold_loss":0,"cards_upgraded":["Defend_G","Defend_G","Defend_G","Defend_G","Defend_G","Strike_G","Strike_G","Strike_G"]}],"is_beta":false,"boss_relics":[{"not_picked":["WristBlade","Lizard Tail"],"picked":"Tiny House"}],"items_purged_floors":[10],"is_endless":false,"potions_floor_spawned":[3,5,11,12,14,20,25],"killed_by":"Shelled Parasite and Fungi","ascension_level":15}