{"gold_per_floor":[115,130,130,147,36,69,69,69,69,85,85,146,46,63,63,165,165,165,13,13,13,13,13,13,13,13,13,13,13,13,13,13,13,13,13,13,0,0,0,0,0,0,0,0],"floor_reached":44,"playtime":1703,"items_purged":["Defend_G"],"score":520,"play_id":"4bd35ae2-6787-4cc2-b9d8-c563bb3703c0","local_time":"20190331214701","is_ascension_mode":true,"campfire_choices":[{"floor":11,"key":"REST"},{"floor":15,"key":"REST"},{"floor":23,"key":"REST"},{"data":"Catalyst","floor":30,"key":"SMITH"},{"data":"Skewer","floor":32,"key":"SMITH"},{"floor":41,"key":"REST"}],"neow_cost":"CURSE","seed_source_timestamp":1119823132900759,"circlet_count":0,"master_deck":["Defend_G","Defend_G","Defend_G","Defend_G","Strike_G","Strike_G","Strike_G","Strike_G","Survivor","Neutralize","Flying Knee","Bouncing Flask","Bane","Catalyst+1","Dash","Distraction","Flying Knee","Catalyst+1","Accuracy","Bane","Deadly Poison","Doppelganger","Skewer+1","Backstab","Cloak And Dagger+1","Night Terror+1","Writhe","Poisoned Stab"],"relics":["Ring of the Snake","Ninja Scroll","Mummified Hand","Tiny Chest","Ectoplasm","Toxic Egg 2","Regal Pillow","Busted Crown","Red Mask","Bottled Lightning","Mercury Hourglass"],"potions_floor_usage":[4,10,16,24,27,42],"damage_taken":[{"damage":5,"enemies":"Cultist","floor":1,"turns":4},{"damage":0,"enemies":"Jaw Worm","floor":2,"turns":4},{"damage":6,"enemies":"2 Louse","floor":4,"turns":3},{"damage":52,"enemies":"Gremlin Nob","floor":6,"turns":5},{"damage":0,"enemies":"Looter","floor":10,"turns":3},{"damage":13,"enemies":"Lagavulin","floor":12,"turns":4},{"damage":13,"enemies":"Exordium Thugs","floor":14,"turns":2},{"damage":24,"enemies":"Slime Boss","floor":16,"turns":7},{"damage":16,"enemies":"3 Byrds","floor":18,"turns":5},{"damage":10,"enemies":"Spheric Guardian","floor":20,"turns":3},{"damage":12,"enemies":"Snake Plant","floor":22,"turns":4},{"damage":10,"enemies":"Chosen and Byrds","floor":24,"turns":3},{"damage":14,"enemies":"Snecko","floor":27,"turns":4},{"damage":74,"enemies":"Champ","floor":33,"turns":8},{"damage":14,"enemies":"Orb Walker","floor":35,"turns":3},{"damage":33,"enemies":"3 Darklings","floor":39,"turns":6},{"damage":35,"enemies":"Giant Head","floor":40,"turns":6},{"damage":23,"enemies":"Writhing Mass","floor":42,"turns":4},{"damage":37,"enemies":"Sphere and 2 Shapes","floor":44,"turns":4}],"seed_played":"-21705170694989319","potions_obtained":[{"floor":1,"key":"SpeedPotion"},{"floor":6,"key":"Block Potion"},{"floor":14,"key":"Weak Potion"},{"floor":22,"key":"Explosive Potion"},{"floor":24,"key":"Swift Potion"},{"floor":39,"key":"Dexterity Potion"}],"is_trial":false,"path_per_floor":["M","M","?","M","$","E","?","?","T","M","R","E","$","M","R","B",null,"M","$","M","?","M","R","M","?","T","M","$","?","R","T","R","B",null,"M","?","?","?","M","E","R","M","T","M"],"character_chosen":"THE_SILENT","items_purchased":["Catalyst","Dash","Accuracy","Bane","Backstab"],"campfire_rested":4,"item_purchase_floors":[5,5,13,13,19],"current_hp_per_floor":[79,79,79,73,73,21,14,14,14,14,39,26,26,13,38,14,84,68,68,58,58,46,71,61,61,61,47,47,75,75,75,75,1,84,70,70,70,84,51,16,56,33,33,0],"gold":0,"neow_bonus":"TWENTY_PERCENT_HP_BONUS","is_prod":false,"is_daily":false,"chose_seed":false,"campfire_upgraded":2,"win_rate":0,"timestamp":1554094021,"path_taken":["M","?","?","M","$","E","?","?","T","?","R","E","$","M","R","BOSS","M","$","M","?","?","R","M","?","T","M","?","?","R","?","R","BOSS","M","?","?","?","M","E","R","M","T","?"],"build_version":"2019-01-23","purchased_purges":1,"victory":false,"max_hp_per_floor":[84,84,84,84,84,84,84,84,84,84,84,84,84,84,84,84,84,84,84,84,84,84,84,84,84,84,84,84,84,84,84,84,84,84,84,84,84,84,84,84,84,84,84,84],"card_choices":[{"not_picked":["Blur","Dagger Spray"],"picked":"Flying Knee","floor":1},{"not_picked":["Endless Agony","PiercingWail"],"picked":"Bouncing Flask","floor":2},{"not_picked":["Dagger Throw","Grand Finale"],"picked":"Bane","floor":4},{"not_picked":["Expertise","PiercingWail"],"picked":"Distraction","floor":6},{"not_picked":["Calculated Gamble","Backflip"],"picked":"Flying Knee","floor":10},{"not_picked":["Flying Knee","Outmaneuver"],"picked":"Catalyst","floor":12},{"not_picked":["Dodge and Roll","Bane"],"picked":"Deadly Poison","floor":14},{"not_picked":["Venomology","After Image"],"picked":"Doppelganger","floor":16},{"not_picked":["Caltrops+1","Backflip"],"picked":"Skewer","floor":18},{"not_picked":["Underhanded Strike","Acrobatics"],"picked":"PiercingWail","floor":20},{"not_picked":["Acrobatics+1","Underhanded Strike","Leg Sweep+1"],"picked":"SKIP","floor":22},{"not_picked":["Dagger Throw","Bane+1"],"picked":"Cloak And Dagger+1","floor":24},{"not_picked":["Flying Knee","Deflect+1","Cloak And Dagger+1"],"picked":"SKIP","floor":27},{"not_picked":["Bullet Time+1","Malaise+1"],"picked":"Night Terror+1","floor":33},{"not_picked":["Quick Slash+1"],"picked":"SKIP","floor":35},{"not_picked":[],"picked":"Poisoned Stab","floor":39},{"not_picked":["Distraction+1"],"picked":"SKIP","floor":40},{"not_picked":["Dagger Spray+1"],"picked":"SKIP","floor":42}],"player_experience":383988,"relics_obtained":[{"floor":6,"key":"Ninja Scroll"},{"floor":9,"key":"Mummified Hand"},{"floor":12,"key":"Tiny Chest"},{"floor":31,"key":"Regal Pillow"},{"floor":40,"key":"Bottled Lightning"},{"floor":43,"key":"Mercury Hourglass"}],"event_choices":[{"damage_healed":0,"gold_gain":0,"player_choice":"Ignored","damage_taken":0,"max_hp_gain":0,"max_hp_loss":0,"event_name":"Golden Idol","floor":3,"gold_loss":0},{"cards_removed":["Clumsy"],"damage_healed":0,"gold_gain":0,"player_choice":"Card Removal","damage_taken":7,"max_hp_gain":0,"max_hp_loss":0,"event_name":"Golden Wing","floor":7,"gold_loss":0},{"damage_healed":0,"gold_gain":0,"player_choice":"Grow","damage_taken":0,"max_hp_gain":0,"max_hp_loss":0,"event_name":"Living Wall","floor":8,"gold_loss":0,"cards_upgraded":["Catalyst"]},{"cards_removed":["PiercingWail"],"damage_healed":0,"gold_gain":0,"player_choice":"Gave Card","damage_taken":0,"relics_obtained":["Toxic Egg 2"],"max_hp_gain":0,"max_hp_loss":0,"event_name":"WeMeetAgain","floor":21,"gold_loss":0},{"damage_healed":0,"gold_gain":99,"player_choice":"Stole From Cult","damage_taken":0,"max_hp_gain":0,"max_hp_loss":0,"event_name":"Nest","floor":25,"gold_loss":0},{"damage_healed":28,"gold_gain":0,"player_choice":"Heal","damage_taken":0,"max_hp_gain":0,"max_hp_loss":0,"event_name":"The Library","floor":29,"gold_loss":0},{"cards_removed":["Strike_G"],"damage_healed":0,"gold_gain":0,"player_choice":"Removed Attack","damage_taken":0,"max_hp_gain":0,"max_hp_loss":0,"event_name":"Falling","floor":36,"gold_loss":0},{"damage_healed":0,"gold_gain":0,"player_choice":"Paid","damage_taken":0,"relics_obtained":["Red Mask"],"max_hp_gain":0,"max_hp_loss":0,"event_name":"Tomb of Lord Red Mask","floor":37,"gold_loss":13},{"damage_healed":21,"gold_gain":0,"player_choice":"Writhe","damage_taken":0,"max_hp_gain":0,"max_hp_loss":0,"event_name":"Winding Halls","floor":38,"gold_loss":0,"cards_obtained":["Writhe"]}],"is_beta":false,"boss_relics":[{"not_picked":["Snecko Eye","Philosopher\u0027s Stone"],"picked":"Ectoplasm"},{"not_picked":["Orrery","Tiny House"],"picked":"Busted Crown"}],"items_purged_floors":[19],"is_endless":false,"potions_floor_spawned":[1,6,14,22,24,39],"killed_by":"Sphere and 2 Shapes","ascension_level":1}