{"gold_per_floor":[111,71,36,52,62,96,116,34,34,110,128,128,128],"floor_reached":13,"playtime":368,"items_purged":[],"score":98,"play_id":"2f66e9fe-10ad-4c06-b7f2-4fa6a5b11757","local_time":"20190423075916","is_ascension_mode":true,"campfire_choices":[{"floor":12,"key":"REST"}],"neow_cost":"PERCENT_DAMAGE","seed_source_timestamp":468455488490569,"circlet_count":0,"master_deck":["Strike_B","Strike_B","Defend_B","Defend_B","Defend_B","Defend_B","Zap","Dualcast","Sweeping Beam","Self Repair","Coolheaded","Defragment","Capacitor","Ball Lightning","Defragment"],"relics":["Cracked Core","Singing Bowl","Meat on the Bone"],"potions_floor_usage":[],"damage_taken":[{"damage":1,"enemies":"2 Louse","floor":1,"turns":2},{"damage":2,"enemies":"Jaw Worm","floor":4,"turns":3},{"damage":0,"enemies":"Small Slimes","floor":5,"turns":3},{"damage":32,"enemies":"Gremlin Nob","floor":6,"turns":4},{"damage":13,"enemies":"2 Fungi Beasts","floor":7,"turns":4},{"damage":44,"enemies":"Large Slime","floor":11,"turns":5},{"damage":49,"enemies":"3 Sentries","floor":13,"turns":4}],"seed_played":"6066612472104316577","potions_obtained":[{"floor":1,"key":"Ancient Potion"},{"floor":4,"key":"GamblersBrew"}],"is_trial":false,"path_per_floor":["M","$","?","M","M","E","M","$","T","T","M","R","E"],"character_chosen":"DEFECT","items_purchased":["Self Repair","Capacitor","Ball Lightning"],"campfire_rested":1,"item_purchase_floors":[2,8,8],"current_hp_per_floor":[53,53,71,75,75,52,48,48,48,48,23,46,0],"gold":128,"neow_bonus":"REMOVE_TWO","is_prod":false,"is_daily":false,"chose_seed":false,"campfire_upgraded":0,"win_rate":0,"timestamp":1556031556,"path_taken":["M","$","?","M","M","E","M","$","T","?","M","R","E"],"build_version":"2019-01-23","purchased_purges":0,"victory":false,"max_hp_per_floor":[75,75,75,75,75,77,79,79,79,79,79,79,79],"card_choices":[{"not_picked":["Recycle","Leap"],"picked":"Sweeping Beam","floor":1},{"not_picked":["Leap","Rebound"],"picked":"Coolheaded","floor":4},{"not_picked":["Barrage","Redo"],"picked":"Defragment","floor":5},{"not_picked":["Beam Cell","Redo","Undo"],"picked":"Singing Bowl","floor":6},{"not_picked":["Beam Cell","Gash","Steam"],"picked":"Singing Bowl","floor":7},{"not_picked":["Tempest","Stack"],"picked":"Defragment","floor":11}],"player_experience":439441,"relics_obtained":[{"floor":6,"key":"Singing Bowl"},{"floor":10,"key":"Meat on the Bone"}],"event_choices":[{"damage_healed":18,"gold_gain":0,"player_choice":"Healed","damage_taken":0,"max_hp_gain":0,"max_hp_loss":0,"event_name":"The Cleric","floor":3,"gold_loss":35}],"is_beta":false,"boss_relics":[],"items_purged_floors":[],"is_endless":false,"potions_floor_spawned":[1,4],"killed_by":"3 Sentries","ascension_level":3}