{"gold_per_floor":[114,129,144,16,16,46,46,21,21,21,21,36,36,51,51,151,151,166,16,16,16,16,76,76,91,116,116,146,161,161,161,161,161],"floor_reached":33,"playtime":1058,"items_purged":[],"score":431,"play_id":"845faa5b-51ef-4552-9872-a65e46a95119","local_time":"20180903192246","daily_mods":["Specialized","Time Dilation","Night Terrors"],"is_ascension_mode":false,"campfire_choices":[{"data":"Adrenaline","floor":7,"key":"SMITH"},{"floor":11,"key":"REST"},{"data":"Backstab","floor":13,"key":"SMITH"},{"data":"Finisher","floor":15,"key":"SMITH"},{"data":"Corpse Explosion","floor":24,"key":"SMITH"},{"data":"Crippling Poison","floor":27,"key":"SMITH"},{"data":"PiercingWail","floor":32,"key":"SMITH"}],"neow_cost":"","seed_source_timestamp":0,"circlet_count":0,"master_deck":["Defend_G","Defend_G+1","Defend_G","Defend_G","Defend_G","Strike_G","Strike_G","Strike_G","Strike_G","Strike_G","Neutralize","Adrenaline+1","Adrenaline","Adrenaline","Adrenaline","Adrenaline","PiercingWail+1","Outmaneuver","Finisher+1","Dagger Spray","Dark Shackles+1","Adrenaline","Backstab+1","Adrenaline","Corpse Explosion+1","Crippling Poison+1","Deflect+1","Deflect+1"],"special_seed":17778,"relics":["Ring of the Snake","Sundial","Ninja Scroll","Runic Dome","Snake Skull","Tiny Chest","Lantern","Boot","Meat on the Bone"],"potions_floor_usage":[23,23,23],"damage_taken":[{"damage":0,"enemies":"Cultist","floor":1,"turns":1},{"damage":0,"enemies":"2 Louse","floor":2,"turns":1},{"damage":0,"enemies":"Small Slimes","floor":3,"turns":2},{"damage":13,"enemies":"Lagavulin","floor":6,"turns":5},{"damage":0,"enemies":"2 Fungi Beasts","floor":12,"turns":1},{"damage":0,"enemies":"Looter","floor":14,"turns":1},{"damage":0,"enemies":"Slime Boss","floor":16,"turns":1},{"damage":0,"enemies":"Chosen","floor":18,"turns":2},{"damage":0,"enemies":"Book of Stabbing","floor":23,"turns":1},{"damage":0,"enemies":"3 Byrds","floor":25,"turns":2},{"damage":0,"enemies":"Gremlin Leader","floor":28,"turns":2},{"damage":0,"enemies":"Centurion and Healer","floor":29,"turns":1},{"damage":54,"enemies":"Automaton","floor":33,"turns":10}],"seed_played":"899177994719070386","potions_obtained":[{"floor":1,"key":"Regen Potion"},{"floor":2,"key":"FearPotion"},{"floor":3,"key":"Explosive Potion"},{"floor":6,"key":"GhostInAJar"},{"floor":28,"key":"Block Potion"}],"is_trial":false,"path_per_floor":["M","M","M","$","?","E","R","?","T","?","R","M","R","M","R","B",null,"M","$","?","$","$","E","R","M","T","R","E","M","T","?","R"],"character_chosen":"THE_SILENT","items_purchased":["Dagger Spray","Dark Shackles","Snake Skull"],"campfire_rested":1,"item_purchase_floors":[4,4,19],"current_hp_per_floor":[70,70,70,70,70,57,57,57,57,43,65,65,65,65,65,65,65,65,65,65,65,65,65,65,65,65,65,65,65,65,54,54,0],"gold":161,"neow_bonus":"","is_prod":false,"is_daily":true,"chose_seed":false,"campfire_upgraded":6,"win_rate":0.0,"timestamp":1536027766,"path_taken":["M","?","M","$","?","E","R","?","T","?","R","M","R","M","R","BOSS","M","$","?","?","$","E","R","?","T","R","E","M","?","?","R","BOSS"],"build_version":"2018-08-30","purchased_purges":0,"victory":false,"max_hp_per_floor":[70,70,70,70,70,70,70,70,70,70,65,65,65,65,65,65,65,65,65,65,65,65,65,65,65,65,65,65,65,65,70,70,70],"card_choices":[{"not_picked":["Reflex","Dagger Spray"],"picked":"PiercingWail","floor":1},{"not_picked":["Bouncing Flask","Underhanded Strike"],"picked":"Outmaneuver","floor":2},{"not_picked":["Poisoned Stab","Burst"],"picked":"Finisher","floor":3},{"not_picked":["Underhanded Strike","Concentrate"],"picked":"Adrenaline","floor":6},{"not_picked":["Outmaneuver","Prepared"],"picked":"Backstab","floor":12},{"not_picked":["Deflect","Dodge and Roll"],"picked":"Adrenaline","floor":14},{"not_picked":["Envenom","Phantasmal Killer"],"picked":"Corpse Explosion","floor":16},{"not_picked":["Deflect","Bane+1","Eviscerate"],"picked":"SKIP","floor":18},{"not_picked":["Underhanded Strike","Blade Dance"],"picked":"Crippling Poison","floor":23},{"not_picked":["Poisoned Stab","Sucker Punch"],"picked":"Deflect+1","floor":25},{"not_picked":["Backflip","Choke","Sucker Punch"],"picked":"SKIP","floor":28},{"not_picked":["Blade Dance+1","Dodge and Roll"],"picked":"Deflect+1","floor":29}],"player_experience":58738,"relics_obtained":[{"floor":6,"key":"Sundial"},{"floor":9,"key":"Ninja Scroll"},{"floor":23,"key":"Tiny Chest"},{"floor":26,"key":"Lantern"},{"floor":28,"key":"Boot"},{"floor":30,"key":"Meat on the Bone"}],"event_choices":[{"event_name":"Liars Game","player_choice":"disagreed","floor":5,"damage_taken":0},{"event_name":"World of Goop","player_choice":"Left","floor":8,"damage_taken":0},{"event_name":"Shining Light","player_choice":"Entered Light","floor":10,"damage_taken":0},{"event_name":"Bonfire Elementals","player_choice":"BASIC","floor":20,"damage_taken":0},{"event_name":"Forgotten Altar","player_choice":"Shed Blood","floor":31,"damage_taken":0}],"is_beta":false,"boss_relics":[{"not_picked":["Snecko Eye","Velvet Choker"],"picked":"Runic Dome"}],"items_purged_floors":[],"is_endless":false,"potions_floor_spawned":[1,2,3,6,18,28],"killed_by":"Automaton","ascension_level":0}