{"gold_per_floor":[112,112,112,131,150,150,167,167,190,208,226,226,104,120,120,215,215,225,225,237,85,99,99,124,124,173,173,185,110,110,110],"floor_reached":31,"playtime":1873,"items_purged":["Strike_G","Defend_G"],"score":371,"play_id":"6b477b57-9348-40be-baa7-da3c8582a962","local_time":"20180910174039","is_ascension_mode":true,"campfire_choices":[{"data":"Noxious Fumes","floor":6,"key":"SMITH"},{"floor":15,"key":"REST"},{"floor":23,"key":"REST"},{"floor":25,"key":"REST"},{"data":"Footwork","floor":27,"key":"SMITH"}],"neow_cost":"PERCENT_DAMAGE","seed_source_timestamp":2256824884534087,"circlet_count":0,"master_deck":["Defend_G","Survivor","Neutralize","AscendersBane","Noxious Fumes+1","Skewer","Footwork+1","Escape Plan","Bouncing Flask","Backflip","Caltrops","After Image","Deadly Poison","Backflip","Backflip+1","Dodge and Roll"],"relics":["Ring of the Snake","Strawberry","Snake Skull","Empty Cage","Bottled Tornado","Lantern"],"potions_floor_usage":[11,16,16,20,31,31,31],"damage_taken":[{"damage":1,"enemies":"2 Louse","floor":1,"turns":4},{"damage":1,"enemies":"Cultist","floor":4,"turns":5},{"damage":1,"enemies":"Jaw Worm","floor":5,"turns":4},{"damage":2,"enemies":"Looter","floor":7,"turns":4},{"damage":21,"enemies":"Exordium Wildlife","floor":10,"turns":5},{"damage":3,"enemies":"Lots of Slimes","floor":11,"turns":3},{"damage":0,"enemies":"Large Slime","floor":14,"turns":5},{"damage":35,"enemies":"Slime Boss","floor":16,"turns":10},{"damage":1,"enemies":"Chosen","floor":18,"turns":5},{"damage":12,"enemies":"3 Byrds","floor":20,"turns":4},{"damage":4,"enemies":"Snake Plant","floor":22,"turns":5},{"damage":35,"enemies":"Gremlin Leader","floor":24,"turns":8},{"damage":2,"enemies":"Centurion and Healer","floor":28,"turns":7},{"damage":5,"enemies":"Colosseum Slavers","floor":31,"turns":5},{"damage":50,"enemies":"Colosseum Nobs","floor":31,"turns":3}],"seed_played":"-1792261233220032201","potions_obtained":[{"floor":5,"key":"Ancient Potion"},{"floor":7,"key":"AttackPotion"},{"floor":14,"key":"PowerPotion"},{"floor":16,"key":"PowerPotion"},{"floor":18,"key":"Block Potion"},{"floor":20,"key":"GamblersBrew"},{"floor":24,"key":"Poison Potion"},{"floor":28,"key":"AttackPotion"}],"is_trial":false,"path_per_floor":["M","?","?","M","M","R","M","?","T","M","M","?","$","M","R","B",null,"M","?","M","$","M","R","E","R","T","R","M","?","$"],"character_chosen":"THE_SILENT","items_purchased":["Backflip","Backflip"],"campfire_rested":3,"item_purchase_floors":[13,21],"current_hp_per_floor":[44,44,44,43,42,42,40,47,47,26,23,16,16,16,39,4,59,58,58,46,46,42,65,30,53,53,53,51,51,51,0],"gold":110,"neow_bonus":"REMOVE_TWO","is_prod":false,"is_daily":false,"chose_seed":false,"campfire_upgraded":2,"win_rate":0,"timestamp":1536597639,"path_taken":["M","?","?","?","M","R","M","?","T","?","M","?","?","M","R","BOSS","M","?","M","$","M","R","E","R","T","R","?","?","?","?"],"build_version":"2018-09-06","purchased_purges":2,"victory":false,"max_hp_per_floor":[70,70,70,70,70,70,70,77,77,77,77,77,77,77,77,77,77,77,77,77,77,77,77,77,77,77,77,77,77,77,77],"card_choices":[{"not_picked":["PiercingWail","Distraction"],"picked":"Noxious Fumes","floor":1},{"not_picked":["Acrobatics","Cloak And Dagger"],"picked":"Skewer","floor":4},{"not_picked":["Crippling Poison","Prepared"],"picked":"Footwork","floor":5},{"not_picked":["Choke","Flying Knee"],"picked":"Escape Plan","floor":7},{"not_picked":["Poisoned Stab","Flying Knee"],"picked":"Bouncing Flask","floor":10},{"not_picked":["Die Die Die","Dash","Poisoned Stab"],"picked":"SKIP","floor":11},{"not_picked":["Underhanded Strike","PiercingWail"],"picked":"Caltrops","floor":14},{"not_picked":["Envenom","Night Terror"],"picked":"After Image","floor":16},{"not_picked":["Sucker Punch","Backstab","Heel Hook+1"],"picked":"SKIP","floor":18},{"not_picked":["PiercingWail","Sucker Punch","Cloak And Dagger"],"picked":"SKIP","floor":20},{"not_picked":["Accuracy+1","Flechettes"],"picked":"Backflip+1","floor":22},{"not_picked":["Flechettes","Phantasmal Killer","Dagger Throw"],"picked":"SKIP","floor":24},{"not_picked":["Outmaneuver","Cloak And Dagger"],"picked":"Dodge and Roll","floor":28}],"player_experience":335728,"relics_obtained":[{"floor":9,"key":"Snake Skull"},{"floor":24,"key":"Bottled Tornado"},{"floor":26,"key":"Lantern"}],"event_choices":[{"event_name":"Bonfire Elementals","player_choice":"BASIC","floor":2,"damage_taken":0},{"event_name":"Living Wall","player_choice":"Forget","floor":3,"damage_taken":0},{"event_name":"Big Fish","player_choice":"Box","floor":8,"damage_taken":0},{"event_name":"Golden Wing","player_choice":"Card Removal","floor":12,"damage_taken":0},{"event_name":"The Library","player_choice":"Read","floor":19,"damage_taken":0},{"event_name":"Beggar","player_choice":"Gave Gold","floor":29,"damage_taken":0},{"event_name":"Colosseum","player_choice":"Fight","floor":31,"damage_taken":0},{"event_name":"Colosseum","player_choice":"Fought Nobs","floor":31,"damage_taken":0}],"is_beta":false,"boss_relics":[{"not_picked":["Runic Pyramid","Cursed Key"],"picked":"Empty Cage"}],"items_purged_floors":[13,21],"is_endless":false,"potions_floor_spawned":[5,7,14,16,18,20,24,28],"killed_by":"Colosseum Nobs","ascension_level":10}