{"gold_per_floor":[114,114,24,36,36,36,48,48,48,22,47,59,59,69,69,145,145,165,165,145,14,24,24,43,43],"floor_reached":25,"playtime":739,"items_purged":[],"score":406,"play_id":"b4e54dab-0a5a-4cf4-9687-32f282b5264a","local_time":"20190501193236","is_ascension_mode":true,"campfire_choices":[{"data":"Infinite Blades","floor":6,"key":"SMITH"},{"floor":13,"key":"REST"},{"floor":15,"key":"REST"}],"neow_cost":"NONE","seed_source_timestamp":3825571155859858,"circlet_count":0,"master_deck":["AscendersBane","Defend_G","Defend_G","Defend_G","Defend_G","Defend_G","Strike_G","Strike_G","Strike_G","Strike_G","Survivor","Neutralize","Escape Plan","Unload","Footwork","Infinite Blades+1","Acrobatics","Backstab","Deflect","Sucker Punch","Die Die Die","Dash","Dodge and Roll","PiercingWail","Dagger Throw","J.A.X.","Slice","Slice"],"relics":["Busted Crown","Bag of Marbles","Bottled Flame","The Courier","Orrery","Bag of Preparation"],"potions_floor_usage":[11,16,16,24,25],"damage_taken":[{"damage":0,"enemies":"2 Louse","floor":1,"turns":2},{"damage":0,"enemies":"Cultist","floor":4,"turns":4},{"damage":8,"enemies":"Small Slimes","floor":7,"turns":4},{"damage":41,"enemies":"Gremlin Nob","floor":11,"turns":5},{"damage":0,"enemies":"3 Louse","floor":12,"turns":3},{"damage":0,"enemies":"2 Fungi Beasts","floor":14,"turns":3},{"damage":31,"enemies":"The Guardian","floor":16,"turns":14},{"damage":17,"enemies":"Spheric Guardian","floor":18,"turns":7},{"damage":1,"enemies":"2 Thieves","floor":20,"turns":4},{"damage":11,"enemies":"Snake Plant","floor":22,"turns":7},{"damage":0,"enemies":"Centurion and Healer","floor":24,"turns":4},{"damage":12,"enemies":"Shelled Parasite and Fungi","floor":25,"turns":1}],"seed_played":"-7673886187862124441","potions_obtained":[{"floor":1,"key":"GhostInAJar"},{"floor":11,"key":"AttackPotion"},{"floor":14,"key":"Regen Potion"},{"floor":20,"key":"Energy Potion"},{"floor":22,"key":"Fire Potion"}],"is_trial":false,"path_per_floor":["M","?","$","M","?","R","M","?","T","$","E","M","R","M","R","B",null,"M","?","M","$","M","?","M","M"],"character_chosen":"THE_SILENT","items_purchased":["Footwork","Deflect","Bag of Preparation"],"campfire_rested":2,"item_purchase_floors":[3,10,21],"current_hp_per_floor":[59,59,59,59,59,59,51,46,46,46,5,5,24,24,43,27,56,39,39,38,38,27,9,9,0],"gold":43,"neow_bonus":"BOSS_RELIC","is_prod":false,"is_daily":false,"chose_seed":false,"campfire_upgraded":1,"win_rate":0,"timestamp":1556735556,"path_taken":["M","?","$","?","?","R","M","?","T","$","E","M","R","M","R","BOSS","M","?","M","$","M","?","M","M"],"build_version":"2019-01-23","purchased_purges":0,"victory":false,"max_hp_per_floor":[66,66,66,66,66,66,66,66,66,66,66,66,66,66,66,66,66,66,66,66,66,66,71,71,71],"card_choices":[{"not_picked":[],"picked":"Escape Plan","floor":1},{"not_picked":[],"picked":"Infinite Blades","floor":4},{"not_picked":[],"picked":"Backstab","floor":7},{"not_picked":["Prepared"],"picked":"SKIP","floor":11},{"not_picked":["Dodge and Roll"],"picked":"SKIP","floor":12},{"not_picked":[],"picked":"Sucker Punch","floor":14},{"not_picked":[],"picked":"Die Die Die","floor":16},{"not_picked":[],"picked":"Dash","floor":17},{"not_picked":[],"picked":"Dodge and Roll","floor":17},{"not_picked":[],"picked":"PiercingWail","floor":17},{"not_picked":[],"picked":"Dagger Throw","floor":17},{"not_picked":["Bane"],"picked":"SKIP","floor":18},{"not_picked":[],"picked":"Slice","floor":20},{"not_picked":[],"picked":"Slice","floor":22},{"not_picked":["Expertise"],"picked":"SKIP","floor":24}],"player_experience":787371,"relics_obtained":[{"floor":9,"key":"Bottled Flame"},{"floor":11,"key":"The Courier"}],"event_choices":[{"damage_healed":0,"gold_gain":0,"player_choice":"1 cards matched","damage_taken":0,"max_hp_gain":0,"max_hp_loss":0,"event_name":"Match and Keep!","floor":2,"gold_loss":0,"cards_obtained":["Unload"]},{"damage_healed":0,"gold_gain":0,"cards_transformed":["Strike_G"],"player_choice":"Change","damage_taken":0,"max_hp_gain":0,"max_hp_loss":0,"event_name":"Living Wall","floor":5,"gold_loss":0,"cards_obtained":["Acrobatics"]},{"damage_healed":0,"gold_gain":0,"player_choice":"Success","damage_taken":5,"relics_obtained":["Bag of Marbles"],"max_hp_gain":0,"max_hp_loss":0,"event_name":"Scrap Ooze","floor":8,"gold_loss":0},{"damage_healed":0,"gold_gain":0,"player_choice":"Obtain J.A.X.","damage_taken":0,"max_hp_gain":0,"max_hp_loss":0,"event_name":"Drug Dealer","floor":19,"gold_loss":0,"cards_obtained":["J.A.X."]},{"damage_healed":0,"gold_gain":0,"player_choice":"Shed Blood","damage_taken":23,"max_hp_gain":5,"max_hp_loss":0,"event_name":"Forgotten Altar","floor":23,"gold_loss":0}],"is_beta":false,"boss_relics":[{"not_picked":["HoveringKite","Empty Cage"],"picked":"Orrery"}],"items_purged_floors":[],"is_endless":false,"potions_floor_spawned":[1,11,14,20,22],"killed_by":"Shelled Parasite and Fungi","ascension_level":20}