{"gold_per_floor":[10,10,33,52,76,109,109,109],"floor_reached":8,"playtime":1233,"items_purged":[],"score":116,"play_id":"0b458843-c316-4926-bc0d-c13e62d1c697","local_time":"20190503171321","is_ascension_mode":true,"campfire_choices":[{"floor":7,"key":"REST"}],"neow_cost":"NO_GOLD","seed_source_timestamp":183715387913680,"circlet_count":0,"master_deck":["AscendersBane","Defend_G","Defend_G","Defend_G","Defend_G","Defend_G","Strike_G","Strike_G","Strike_G","Strike_G","Strike_G","Survivor","Neutralize","Glass Knife","Infinite Blades","PiercingWail","Well Laid Plans","Noxious Fumes","Noxious Fumes"],"relics":["Ring of the Snake","Golden Idol","Pocketwatch"],"potions_floor_usage":[6,8],"damage_taken":[{"damage":9,"enemies":"Jaw Worm","floor":1,"turns":4},{"damage":0,"enemies":"Small Slimes","floor":3,"turns":3},{"damage":1,"enemies":"2 Louse","floor":4,"turns":3},{"damage":8,"enemies":"Large Slime","floor":5,"turns":8},{"damage":22,"enemies":"3 Sentries","floor":6,"turns":7},{"damage":45,"enemies":"Gremlin Nob","floor":8,"turns":4}],"seed_played":"6734121501063544845","potions_obtained":[{"floor":1,"key":"SkillPotion"},{"floor":6,"key":"AttackPotion"}],"is_trial":false,"path_per_floor":["M","?","M","M","M","E","R","E"],"character_chosen":"THE_SILENT","items_purchased":[],"campfire_rested":1,"item_purchase_floors":[],"current_hp_per_floor":[50,50,50,49,41,19,37,0],"gold":109,"neow_bonus":"THREE_RARE_CARDS","is_prod":false,"is_daily":false,"chose_seed":false,"campfire_upgraded":0,"win_rate":0,"timestamp":1556896401,"path_taken":["M","?","M","M","M","E","R","E"],"build_version":"2019-01-23","purchased_purges":0,"victory":false,"max_hp_per_floor":[66,60,60,60,60,60,60,60],"card_choices":[{"not_picked":["After Image","Tools of the Trade"],"picked":"Glass Knife","floor":0},{"not_picked":["PiercingWail","Quick Slash"],"picked":"Infinite Blades","floor":1},{"not_picked":["Deadly Poison","Outmaneuver"],"picked":"PiercingWail","floor":3},{"not_picked":["Dagger Spray","Reflex"],"picked":"Well Laid Plans","floor":4},{"not_picked":["Leg Sweep","Expertise"],"picked":"Noxious Fumes","floor":5},{"not_picked":["Accuracy","Bane"],"picked":"Noxious Fumes","floor":6}],"player_experience":1948650,"relics_obtained":[{"floor":6,"key":"Pocketwatch"}],"event_choices":[{"damage_healed":0,"gold_gain":0,"player_choice":"Lose Max HP","damage_taken":0,"relics_obtained":["Golden Idol"],"max_hp_gain":0,"max_hp_loss":6,"event_name":"Golden Idol","floor":2,"gold_loss":0}],"is_beta":false,"boss_relics":[],"items_purged_floors":[],"is_endless":false,"potions_floor_spawned":[1,6],"killed_by":"Gremlin Nob","ascension_level":20}