{"gold_per_floor":[114,64,75,75,94,94,19,32,80,80,5,5,105,118,118,218,218,233,43,56,73,86,96,96,116,167,167,185,217,230,230,230,230],"floor_reached":33,"playtime":3891,"items_purged":["Strike_R","Defend_R"],"score":261,"play_id":"defb7c05-438c-4456-b5a7-8939b8b4c7ef","local_time":"20190412092830","is_ascension_mode":false,"campfire_choices":[{"data":"Metallicize","floor":6.0,"key":"SMITH"},{"data":"Metallicize","floor":10.0,"key":"SMITH"},{"data":"Metallicize","floor":12.0,"key":"SMITH"},{"data":"Bash","floor":15.0,"key":"SMITH"},{"floor":24,"key":"REST"},{"data":"Searing Blow","floor":27,"key":"SMITH"},{"floor":32,"key":"REST"}],"neow_cost":"NONE","seed_source_timestamp":0,"circlet_count":0,"master_deck":["Strike_R","Strike_R","Defend_R","Defend_R","Bash+1","Metallicize+1","Metallicize+1","Metallicize+1","Exhume","Forethought","Searing Blow+1","Iron Wave+1","Shrug It Off","Iron Wave+1","Entrench"],"special_seed":0,"relics":["Burning Blood","Centennial Puzzle","Empty Cage","Boot","Regal Pillow"],"potions_floor_usage":[21,25,29,33,33],"damage_taken":[{"damage":1.0,"enemies":"Jaw Worm","floor":1.0,"turns":4.0},{"damage":4.0,"enemies":"Cultist","floor":3.0,"turns":5.0},{"damage":2.0,"enemies":"Small Slimes","floor":5.0,"turns":4.0},{"damage":10.0,"enemies":"Gremlin Gang","floor":8.0,"turns":9.0},{"damage":0.0,"enemies":"Exordium Wildlife","floor":14.0,"turns":4.0},{"damage":24.0,"enemies":"Slime Boss","floor":16.0,"turns":22.0},{"damage":6,"enemies":"Shell Parasite","floor":18,"turns":9},{"damage":6,"enemies":"Chosen","floor":20,"turns":8},{"damage":44,"enemies":"3 Cultists","floor":21,"turns":9},{"damage":13,"enemies":"Centurion and Healer","floor":22,"turns":8},{"damage":26,"enemies":"Sentry and Sphere","floor":23,"turns":16},{"damage":5,"enemies":"Snecko","floor":25,"turns":6},{"damage":14,"enemies":"Snake Plant","floor":28,"turns":5},{"damage":16,"enemies":"Book of Stabbing","floor":29,"turns":7},{"damage":11,"enemies":"Chosen and Byrds","floor":30,"turns":8},{"damage":107,"enemies":"Automaton","floor":33,"turns":12}],"seed_played":"-4803298926117511619","potions_obtained":[{"floor":1.0,"key":"LiquidBronze"},{"floor":3.0,"key":"Ancient Potion"},{"floor":18,"key":"Explosive Potion"},{"floor":23,"key":"LiquidBronze"},{"floor":25,"key":"GamblersBrew"},{"floor":29,"key":"Explosive Potion"}],"is_trial":false,"path_per_floor":["M","?","M","?","M","R","$","M","T","R","$","R","?","M","R","B",null,"M","$","M","M","M","M","R","M","T","R","M","E","M","?","R","B"],"character_chosen":"IRONCLAD","items_purchased":["Metallicize","Forethought"],"campfire_rested":2,"item_purchase_floors":[11,19],"current_hp_per_floor":[80,80,80,80,80,80,80,76,76,76,76,76,76,80,80,62,80,80,80,80,42,35,15,39,40,40,40,32,22,17,17,56,0],"gold":230,"neow_bonus":"THREE_CARDS","is_prod":false,"is_daily":false,"chose_seed":false,"campfire_upgraded":5,"win_rate":0.0,"timestamp":1555054110,"path_taken":["M","?","M","?","?","R","?","M","T","R","$","R","?","M","R","BOSS","M","$","M","M","M","M","R","M","T","R","M","E","?","?","R","BOSS"],"build_version":"2019-01-23","purchased_purges":2,"victory":false,"max_hp_per_floor":[80,80,80,80,80,80,80,80,80,80,80,80,80,80,80,80,80,80,80,80,80,80,80,80,80,80,80,80,80,80,80,80,80],"card_choices":[{"not_picked":["Dual Wield","Body Slam"],"picked":"Metallicize","floor":1.0},{"not_picked":["Combust","Wild Strike","Disarm"],"picked":"SKIP","floor":3.0},{"not_picked":["Cleave","Headbutt","Armaments"],"picked":"SKIP","floor":5.0},{"not_picked":["Wild Strike","Reckless Charge"],"picked":"Metallicize","floor":8.0},{"not_picked":["Shrug It Off","Sword Boomerang","Hemokinesis"],"picked":"SKIP","floor":14.0},{"not_picked":["Berserk","Double Tap"],"picked":"Exhume","floor":16.0},{"not_picked":["Sever Soul+1","Warcry","Spot Weakness"],"picked":"SKIP","floor":18},{"not_picked":["Armaments","Fire Breathing+1","Uppercut"],"picked":"SKIP","floor":20},{"not_picked":["Clothesline","Ghostly Armor"],"picked":"Searing Blow","floor":21},{"not_picked":["Pummel","Cleave+1","Entrench+1"],"picked":"SKIP","floor":22},{"not_picked":["Heavy Blade","Shockwave"],"picked":"Iron Wave+1","floor":23},{"not_picked":["Warcry","Uppercut","Infernal Blade"],"picked":"SKIP","floor":25},{"not_picked":["Bloodletting","Headbutt","Shrug It Off"],"picked":"SKIP","floor":28},{"not_picked":["Bloodletting","Headbutt"],"picked":"Shrug It Off","floor":28},{"not_picked":["Rampage+1","Warcry","Body Slam"],"picked":"SKIP","floor":29},{"not_picked":["Twin Strike+1","Body Slam+1"],"picked":"Iron Wave+1","floor":30}],"player_experience":69301,"relics_obtained":[{"floor":9.0,"key":"Centennial Puzzle"},{"floor":26,"key":"Boot"},{"floor":29,"key":"Regal Pillow"}],"event_choices":[{"cards_removed":["Strike_R"],"damage_healed":0.0,"max_hp_gain":0.0,"max_hp_loss":0.0,"gold_gain":0.0,"event_name":"The Cleric","player_choice":"Card Removal","floor":2.0,"gold_loss":50.0,"damage_taken":0.0},{"damage_healed":0.0,"max_hp_gain":0.0,"max_hp_loss":0.0,"gold_gain":0.0,"event_name":"The Woman in Blue","player_choice":"Bought 0 Potions","floor":4.0,"gold_loss":0.0,"damage_taken":0.0},{"damage_healed":0.0,"max_hp_gain":0.0,"max_hp_loss":0.0,"gold_gain":100.0,"event_name":"Golden Shrine","player_choice":"Pray","floor":13.0,"gold_loss":0.0,"damage_taken":0.0},{"damage_healed":0,"gold_gain":0,"player_choice":"Read","damage_taken":0,"max_hp_gain":0,"max_hp_loss":0,"event_name":"The Library","floor":31,"gold_loss":0,"cards_obtained":["Entrench"]}],"is_beta":false,"boss_relics":[{"not_picked":["Cursed Key","Tiny House"],"picked":"Empty Cage"}],"items_purged_floors":[7,19],"is_endless":false,"potions_floor_spawned":[1,3,18,23,25,29],"killed_by":"Automaton","ascension_level":0}