{"gold_per_floor":[115,131,131,144,158,158,61,61,130,130,142,142,159,184,184,288,288,276,276,301,317,317,317],"floor_reached":23,"playtime":1447,"items_purged":[],"score":181,"play_id":"1e3fbad4-f1e4-43c4-ab65-4abcf408d354","local_time":"20181208132228","is_ascension_mode":false,"campfire_choices":[{"floor":6,"key":"REST"},{"data":"Bouncing Flask","floor":8,"key":"SMITH"},{"data":"Caltrops","floor":10,"key":"SMITH"},{"data":"Swift Strike","floor":12,"key":"SMITH"},{"floor":15,"key":"REST"}],"neow_cost":"NONE","seed_source_timestamp":312993431451554,"circlet_count":0,"master_deck":["Defend_G","Defend_G","Defend_G","Defend_G","Defend_G","Strike_G","Strike_G","Strike_G","Strike_G","Strike_G","Survivor","Neutralize","Impatience","Deadly Poison","Blade Dance+1","Caltrops+1","Bouncing Flask+1","Swift Strike+1","Leg Sweep+1","Cloak And Dagger+1","Poisoned Stab","Adrenaline+1","Cloak And Dagger+1","Bane+1","Dash","Dash"],"relics":["Ring of the Snake","Toxic Egg 2","Odd Mushroom","Velvet Choker","Red Mask"],"potions_floor_usage":[],"damage_taken":[{"damage":1,"enemies":"2 Louse","floor":1,"turns":3},{"damage":6,"enemies":"Cultist","floor":2,"turns":4},{"damage":0,"enemies":"Jaw Worm","floor":4,"turns":4},{"damage":9,"enemies":"Large Slime","floor":5,"turns":5},{"damage":19,"enemies":"Exordium Wildlife","floor":11,"turns":2},{"damage":0,"enemies":"2 Fungi Beasts","floor":13,"turns":3},{"damage":15,"enemies":"The Mushroom Lair","floor":14,"turns":5},{"damage":14,"enemies":"Slime Boss","floor":16,"turns":9},{"damage":13,"enemies":"2 Thieves","floor":18,"turns":5},{"damage":51,"enemies":"Masked Bandits","floor":20,"turns":6},{"damage":0,"enemies":"3 Byrds","floor":21,"turns":2},{"damage":6,"enemies":"Shelled Parasite and Fungi","floor":23,"turns":4}],"seed_played":"4862066809420842306","potions_obtained":[{"floor":4,"key":"Swift Potion"},{"floor":5,"key":"SpeedPotion"},{"floor":13,"key":"SteroidPotion"},{"floor":14,"key":"GhostInAJar"}],"is_trial":false,"path_per_floor":["M","M","?","M","M","R","$","R","T","R","M","R","M","?","R","B",null,"M","?","?","M","?","M"],"character_chosen":"THE_SILENT","items_purchased":["Swift Strike"],"campfire_rested":2,"item_purchase_floors":[7],"current_hp_per_floor":[69,63,63,63,54,70,70,70,70,70,51,51,51,36,57,43,70,57,57,6,6,6,0],"gold":317,"neow_bonus":"RANDOM_COLORLESS","is_prod":false,"is_daily":false,"chose_seed":false,"campfire_upgraded":3,"win_rate":0.0,"timestamp":1544304148,"path_taken":["M","M","?","M","M","R","$","R","T","R","?","R","M","?","R","BOSS","M","?","?","M","?","M"],"build_version":"2018-12-06","purchased_purges":0,"victory":false,"max_hp_per_floor":[70,70,70,70,70,70,70,70,70,70,70,70,70,70,70,70,70,70,70,70,70,70,70],"card_choices":[{"not_picked":["Underhanded Strike","Outmaneuver"],"picked":"Deadly Poison","floor":1},{"not_picked":["Eviscerate","Prepared"],"picked":"Blade Dance","floor":2},{"not_picked":["Flechettes","Accuracy"],"picked":"Caltrops","floor":4},{"not_picked":["Flying Knee","Dagger Spray"],"picked":"Bouncing Flask","floor":5},{"not_picked":["Bouncing Flask+1","Deadly Poison+1"],"picked":"Leg Sweep+1","floor":11},{"not_picked":["Dagger Spray","Expertise+1"],"picked":"Cloak And Dagger+1","floor":13},{"not_picked":["Expertise+1","Sucker Punch"],"picked":"Poisoned Stab","floor":14},{"not_picked":["Storm of Steel+1","Burst+1"],"picked":"Adrenaline+1","floor":16},{"not_picked":["Flying Knee+1","Leg Sweep+1"],"picked":"Cloak And Dagger+1","floor":18},{"not_picked":["Reflex+1","Calculated Gamble+1"],"picked":"Bane+1","floor":20},{"not_picked":["Predator","Tactician+1"],"picked":"Dash","floor":21}],"player_experience":169458,"relics_obtained":[{"floor":9,"key":"Toxic Egg 2"},{"floor":14,"key":"Odd Mushroom"},{"floor":20,"key":"Red Mask"}],"event_choices":[{"damage_healed":0,"gold_gain":0,"player_choice":"Upgraded","damage_taken":0,"max_hp_gain":0,"max_hp_loss":0,"event_name":"Upgrade Shrine","floor":3,"gold_loss":0,"cards_upgraded":["Blade Dance"]},{"damage_healed":0,"gold_gain":0,"player_choice":"Fought Mushrooms","damage_taken":0,"max_hp_gain":0,"max_hp_loss":0,"event_name":"Mushrooms","floor":14,"gold_loss":0},{"damage_healed":0,"gold_gain":0,"player_choice":"Ignored","damage_taken":0,"max_hp_gain":0,"max_hp_loss":0,"event_name":"Vampires","floor":19,"gold_loss":0},{"damage_healed":0,"gold_gain":0,"player_choice":"Fought Bandits","damage_taken":0,"max_hp_gain":0,"max_hp_loss":0,"event_name":"Masked Bandits","floor":20,"gold_loss":0},{"damage_healed":0,"gold_gain":0,"player_choice":"Copied","damage_taken":0,"max_hp_gain":0,"max_hp_loss":0,"event_name":"Duplicator","floor":22,"gold_loss":0,"cards_obtained":["Dash"]}],"is_beta":false,"boss_relics":[{"not_picked":["Orrery","White Beast Statue"],"picked":"Velvet Choker"}],"items_purged_floors":[],"is_endless":false,"potions_floor_spawned":[4,5,13,14,20],"killed_by":"Shelled Parasite and Fungi","ascension_level":0}