{"gold_per_floor":[110,110,124,45,58,58,88,88,136,152,152,185,214,246,246,323,323,343,258,2,2,20,55,55,72,99,127,141,141,155,155,155,228,228,242,242,242,256,275,275,275],"floor_reached":41,"playtime":22233,"items_purged":["Strike_G","Strike_G"],"score":948,"play_id":"94c6ed1e-4bea-4c49-a5e2-1f314956908b","local_time":"20190504233632","is_ascension_mode":true,"campfire_choices":[{"data":"Masterful Stab","floor":6.0,"key":"SMITH"},{"data":"Neutralize","floor":8.0,"key":"SMITH"},{"data":"Dagger Spray","floor":11.0,"key":"SMITH"},{"data":"Cloak And Dagger","floor":15.0,"key":"SMITH"},{"data":"RitualDagger","floor":24.0,"key":"SMITH"},{"data":"A Thousand Cuts","floor":29.0,"key":"SMITH"},{"data":"Footwork","floor":32.0,"key":"SMITH"},{"data":"Ghostly","floor":40,"key":"SMITH"}],"neow_cost":"NONE","seed_source_timestamp":233228160776764,"circlet_count":0,"master_deck":["AscendersBane","Defend_G+1","Defend_G","Defend_G","Defend_G","Defend_G","Strike_G","Strike_G","Strike_G","Survivor+1","Neutralize+1","Masterful Stab+1","Dagger Spray+1","Backflip","Infinite Blades","Corpse Explosion","Backstab","Calculated Gamble","PiercingWail","Cloak And Dagger+1","A Thousand Cuts+1","Footwork+1","RitualDagger+1","PiercingWail","Acrobatics","Wraith Form v2","Well Laid Plans","Ghostly+1","Ghostly","Ghostly","After Image","Outmaneuver+1","Deflect+1"],"special_seed":0,"relics":["Ring of the Snake","Smiling Mask","War Paint","Blood Vial","Vajra","Odd Mushroom","Matryoshka","Cursed Key","Darkstone Periapt","Omamori","Pocketwatch","Snake Skull","Bag of Marbles","Sundial","Eternal Feather","GremlinMask"],"potions_floor_usage":[33,41,41],"damage_taken":[{"damage":2.0,"enemies":"2 Louse","floor":1.0,"turns":4.0},{"damage":2.0,"enemies":"Small Slimes","floor":3.0,"turns":4.0},{"damage":0.0,"enemies":"Jaw Worm","floor":5.0,"turns":4.0},{"damage":6.0,"enemies":"Gremlin Nob","floor":7.0,"turns":3.0},{"damage":0.0,"enemies":"2 Fungi Beasts","floor":10.0,"turns":3.0},{"damage":5.0,"enemies":"3 Sentries","floor":12.0,"turns":2.0},{"damage":0.0,"enemies":"The Mushroom Lair","floor":13.0,"turns":2.0},{"damage":16.0,"enemies":"Lagavulin","floor":14.0,"turns":5.0},{"damage":41.0,"enemies":"Slime Boss","floor":16.0,"turns":10.0},{"damage":0.0,"enemies":"3 Byrds","floor":18.0,"turns":1.0},{"damage":8.0,"enemies":"2 Thieves","floor":22.0,"turns":5.0},{"damage":10.0,"enemies":"Gremlin Leader","floor":23.0,"turns":7.0},{"damage":0.0,"enemies":"Snake Plant","floor":25.0,"turns":5.0},{"damage":0.0,"enemies":"Slavers","floor":27.0,"turns":1.0},{"damage":3.0,"enemies":"Centurion and Healer","floor":28.0,"turns":7.0},{"damage":0.0,"enemies":"Cultist and Chosen","floor":30.0,"turns":4.0},{"damage":28,"enemies":"Champ","floor":33,"turns":15},{"damage":0,"enemies":"3 Darklings","floor":35,"turns":6},{"damage":4,"enemies":"Orb Walker","floor":38,"turns":5},{"damage":4,"enemies":"4 Shapes","floor":39,"turns":4},{"damage":71,"enemies":"Giant Head","floor":41,"turns":9}],"seed_played":"-3122487353870397314","potions_obtained":[{"floor":3.0,"key":"Weak Potion"},{"floor":5.0,"key":"FearPotion"},{"floor":12.0,"key":"Regen Potion"},{"floor":16.0,"key":"SpeedPotion"},{"floor":22.0,"key":"AttackPotion"},{"floor":23.0,"key":"Block Potion"},{"floor":25.0,"key":"Block Potion"},{"floor":28.0,"key":"FearPotion"},{"floor":38,"key":"SpeedPotion"}],"is_trial":false,"path_per_floor":["M","?","M","$","M","R","E","R","T","M","R","E","?","E","R","B",null,"M","?","$","?","M","E","R","M","T","E","M","R","M","?","R","B",null,"M","?","?","M","M","R","E"],"character_chosen":"THE_SILENT","items_purchased":["Backflip","Omamori","Footwork"],"campfire_rested":0,"item_purchase_floors":[4,20,20],"current_hp_per_floor":[63,58,56,56,56,56,50,50,50,52,52,49,51,37,37,12,57,59,59,59,53,47,39,39,41,41,43,42,42,44,36,36,8,29,31,31,31,29,27,34,0],"gold":275,"neow_bonus":"TEN_PERCENT_HP_BONUS","is_prod":false,"is_daily":false,"chose_seed":false,"campfire_upgraded":8,"win_rate":0,"timestamp":1557005792,"path_taken":["M","?","M","$","M","R","E","R","T","M","R","E","?","E","R","BOSS","M","?","$","?","M","E","R","M","T","E","M","R","?","?","R","BOSS","M","?","?","?","M","R","E"],"build_version":"2019-01-23","purchased_purges":2,"victory":false,"max_hp_per_floor":[72,72,72,72,72,72,72,72,72,72,72,72,72,72,72,72,72,72,72,72,72,72,72,72,72,72,72,72,72,72,36,36,36,36,36,34,34,34,34,34,34],"card_choices":[{"not_picked":["Dodge and Roll","Outmaneuver"],"picked":"Masterful Stab","floor":1.0},{"not_picked":["Dodge and Roll","Underhanded Strike"],"picked":"Dagger Spray","floor":3.0},{"not_picked":["Blade Dance","Poisoned Stab"],"picked":"Infinite Blades","floor":5.0},{"not_picked":["Dodge and Roll","Concentrate"],"picked":"Corpse Explosion","floor":7.0},{"not_picked":["Reflex","Dagger Throw"],"picked":"Backstab","floor":10.0},{"not_picked":["Concentrate","Dagger Throw"],"picked":"Calculated Gamble","floor":12.0},{"not_picked":["Dodge and Roll","Prepared"],"picked":"PiercingWail","floor":13.0},{"not_picked":["Choke","Grand Finale"],"picked":"Cloak And Dagger","floor":14.0},{"not_picked":["Corpse Explosion","Storm of Steel"],"picked":"A Thousand Cuts","floor":16.0},{"not_picked":["Dagger Spray","Predator","Masterful Stab"],"picked":"SKIP","floor":18.0},{"not_picked":["Eviscerate","Flechettes"],"picked":"PiercingWail","floor":22.0},{"not_picked":["Deadly Poison","Outmaneuver","Calculated Gamble"],"picked":"SKIP","floor":23.0},{"not_picked":["Dagger Throw+1","Quick Slash"],"picked":"Acrobatics","floor":25.0},{"not_picked":["Distraction","Deadly Poison"],"picked":"Wraith Form v2","floor":27.0},{"not_picked":["Choke","Footwork"],"picked":"Well Laid Plans","floor":28.0},{"not_picked":["Cloak And Dagger","Bane","Dagger Spray"],"picked":"SKIP","floor":30.0},{"not_picked":["Doppelganger","Burst"],"picked":"After Image","floor":33},{"not_picked":["Skewer","Dagger Spray+1"],"picked":"Outmaneuver+1","floor":35},{"not_picked":["Deadly Poison+1","Outmaneuver","Underhanded Strike"],"picked":"SKIP","floor":38},{"not_picked":["Outmaneuver","Backflip"],"picked":"Deflect+1","floor":39}],"player_experience":1991138,"relics_obtained":[{"floor":7.0,"key":"War Paint"},{"floor":9.0,"key":"Blood Vial"},{"floor":12.0,"key":"Vajra"},{"floor":13.0,"key":"Odd Mushroom"},{"floor":14.0,"key":"Matryoshka"},{"floor":23.0,"key":"Pocketwatch"},{"floor":26.0,"key":"Snake Skull"},{"floor":26.0,"key":"Bag of Marbles"},{"floor":27.0,"key":"Sundial"}],"event_choices":[{"damage_healed":0.0,"max_hp_gain":0.0,"max_hp_loss":0.0,"gold_gain":0.0,"event_name":"Scrap Ooze","player_choice":"Success","floor":2.0,"gold_loss":0.0,"damage_taken":5.0,"relics_obtained":["Smiling Mask"]},{"damage_healed":0.0,"max_hp_gain":0.0,"max_hp_loss":0.0,"gold_gain":0.0,"event_name":"Mushrooms","player_choice":"Fought Mushrooms","floor":13.0,"gold_loss":0.0,"damage_taken":0.0},{"damage_healed":0.0,"max_hp_gain":0.0,"max_hp_loss":0.0,"gold_gain":0.0,"event_name":"Addict","player_choice":"Obtained Relic","floor":19.0,"gold_loss":85.0,"damage_taken":0.0,"relics_obtained":["Darkstone Periapt"]},{"damage_healed":0.0,"max_hp_gain":0.0,"max_hp_loss":0.0,"gold_gain":0.0,"event_name":"Nest","player_choice":"Joined the Cult","floor":21.0,"gold_loss":0.0,"damage_taken":6.0,"cards_obtained":["RitualDagger"]},{"damage_healed":0.0,"max_hp_gain":0.0,"max_hp_loss":36.0,"gold_gain":0.0,"event_name":"Ghosts","player_choice":"Became a Ghost","floor":31.0,"gold_loss":0.0,"damage_taken":0.0,"cards_obtained":["Ghostly","Ghostly","Ghostly"]},{"damage_healed":0,"gold_gain":0,"player_choice":"Max HP","damage_taken":0,"max_hp_gain":0,"max_hp_loss":2,"event_name":"Winding Halls","floor":36,"gold_loss":0},{"damage_healed":0,"gold_gain":0,"player_choice":"Trade","damage_taken":0,"relics_obtained":["GremlinMask"],"max_hp_gain":0,"max_hp_loss":0,"event_name":"FaceTrader","floor":37,"gold_loss":0}],"is_beta":false,"boss_relics":[{"not_picked":["Busted Crown","Pandora\u0027s Box"],"picked":"Cursed Key"},{"not_picked":["WristBlade","Sozu"],"picked":"Eternal Feather"}],"items_purged_floors":[4,20],"is_endless":false,"potions_floor_spawned":[3,5,12,16,22,23,25,28,38],"killed_by":"Giant Head","ascension_level":20}