{"gold_per_floor":[114,114,125,125,148,148,181,181,181,191,37,50,0,17,17,118,118,137,90,90,90,106,106,106,106,131,131,150,4,4,23,23,118,118,131,0,0,46,46,46,63,63,63,82,95,95,124,19,19,19],"floor_reached":50,"playtime":1842,"items_purged":[],"score":564,"play_id":"8ecfadc0-f78e-403a-91b9-09c43037cb6f","local_time":"20180818102817","is_ascension_mode":true,"campfire_choices":[{"floor":6,"key":"REST"},{"floor":8,"key":"REST"},{"floor":15,"key":"REST"},{"data":"Flex","floor":23,"key":"SMITH"},{"floor":25,"key":"REST"},{"floor":30,"key":"REST"},{"floor":32,"key":"REST"},{"floor":40,"key":"REST"},{"data":"Double Tap","floor":42,"key":"SMITH"},{"data":"Battle Trance","floor":46,"key":"SMITH"},{"floor":49,"key":"REST"}],"neow_cost":"NONE","seed_source_timestamp":337686808679869,"circlet_count":0,"master_deck":["Defend_R","Defend_R","Defend_R","Defend_R","Bash+1","Intimidate","Sword Boomerang","Bludgeon","Pummel+1","Bloodletting+1","Second Wind+1","Battle Trance+1","Anger","Bite","Bite","Bite","Bite","Bite","Heavy Blade","Flex+1","Necronomicurse","Spot Weakness","Whirlwind+1","Double Tap+1","Flex","Flex","Clothesline+1","Uppercut+1","Body Slam","Iron Wave+1","Spot Weakness+1","Flex","Cleave"],"relics":["Black Blood","Self Forming Clay","Bronze Scales","Dodecahedron","Shuriken","Happy Flower","Astrolabe","Necronomicon","Omamori","Mummified Hand","Blood Vial","Red Mask","Unceasing Top","Calipers","Ornamental Fan","Regal Pillow"],"potions_floor_usage":[16,16,28],"damage_taken":[{"damage":7,"enemies":"Small Slimes","floor":1,"turns":3},{"damage":6,"enemies":"Jaw Worm","floor":3,"turns":3},{"damage":35,"enemies":"3 Sentries","floor":7,"turns":9},{"damage":0,"enemies":"Cultist","floor":10,"turns":3},{"damage":5,"enemies":"Looter","floor":12,"turns":2},{"damage":13,"enemies":"Lots of Slimes","floor":14,"turns":3},{"damage":26,"enemies":"Slime Boss","floor":16,"turns":8},{"damage":11,"enemies":"Chosen","floor":18,"turns":5},{"damage":8,"enemies":"Shell Parasite","floor":22,"turns":5},{"damage":18,"enemies":"Snecko","floor":28,"turns":3},{"damage":21,"enemies":"Snake Plant","floor":31,"turns":3},{"damage":40,"enemies":"Champ","floor":33,"turns":6},{"damage":3,"enemies":"Flame Bruiser 1 Orb","floor":35,"turns":2},{"damage":44,"floor":38,"turns":6},{"damage":0,"floor":39,"turns":2},{"damage":0,"enemies":"Orb Walker","floor":41,"turns":1},{"damage":0,"enemies":"3 Darklings","floor":44,"turns":2},{"damage":3,"enemies":"Spire Growth","floor":45,"turns":3},{"damage":5,"enemies":"Nemesis","floor":47,"turns":3},{"damage":71,"enemies":"Time Eater","floor":50,"turns":7}],"seed_played":"8459053487835211368","potions_obtained":[{"floor":7,"key":"Explosive Potion"},{"floor":12,"key":"Fire Potion"},{"floor":22,"key":"Poison Potion"},{"floor":31,"key":"Block Potion"},{"floor":44,"key":"SpeedPotion"},{"floor":45,"key":"BloodPotion"}],"is_trial":false,"path_per_floor":["M","?","M","?","T","R","E","R","T","M","$","M","?","M","R","B",null,"M","$","?","?","M","R","?","R","T","?","M","$","R","M","R","B",null,"M","?","$","?","?","R","M","R","T","M","M","R","E","$","R"],"character_chosen":"IRONCLAD","items_purchased":["Happy Flower","Anger","Blood Vial","Flex","Cleave"],"campfire_rested":8,"item_purchase_floors":[11,19,29,48,48],"current_hp_per_floor":[79,67,67,67,67,80,51,75,75,80,80,80,80,73,80,60,80,75,75,56,56,56,56,40,56,56,56,46,46,56,43,56,36,56,56,56,56,24,42,56,56,56,56,56,56,56,56,56,56,0],"gold":19,"neow_bonus":"UPGRADE_CARD","is_prod":false,"is_daily":false,"chose_seed":false,"campfire_upgraded":3,"win_rate":0,"timestamp":1534613297,"path_taken":["M","?","M","?","?","R","E","R","T","?","$","M","?","M","R","BOSS","M","$","?","?","M","R","?","R","T","?","?","?","R","M","R","BOSS","M","?","?","?","?","R","M","R","T","?","M","R","E","$","R","BOSS"],"build_version":"2018-08-16","purchased_purges":0,"victory":false,"max_hp_per_floor":[80,80,80,80,80,80,80,80,80,80,80,80,80,80,80,80,80,80,80,56,56,56,56,56,56,56,56,56,56,56,56,56,56,56,56,56,56,56,56,56,56,56,56,56,56,56,56,56,56,56],"card_choices":[{"not_picked":["Armaments","Infernal Blade"],"picked":"Seeing Red","floor":1},{"not_picked":["Ghostly Armor","Entrench"],"picked":"Intimidate","floor":3},{"not_picked":["Clothesline","Twin Strike"],"picked":"Flex","floor":7},{"not_picked":["Armaments","Clothesline"],"picked":"Pummel","floor":10},{"not_picked":["Body Slam","Thunderclap"],"picked":"Intimidate","floor":12},{"not_picked":["Pommel Strike","Shockwave"],"picked":"Sword Boomerang","floor":14},{"not_picked":["Reaper","Impervious"],"picked":"Bludgeon","floor":16},{"not_picked":["Warcry","Spot Weakness"],"picked":"Battle Trance","floor":18},{"not_picked":["Warcry+1","Armaments"],"picked":"Flex","floor":22},{"not_picked":["Combust","Shrug It Off+1"],"picked":"Spot Weakness","floor":28},{"not_picked":["Second Wind","Twin Strike"],"picked":"Whirlwind+1","floor":31},{"not_picked":["Bludgeon","Offering"],"picked":"Double Tap","floor":33},{"not_picked":["Sword Boomerang+1","Dual Wield+1"],"picked":"Flex","floor":35},{"not_picked":["Intimidate+1","Seeing Red+1"],"picked":"Flex","floor":38},{"not_picked":["Wild Strike+1","Entrench"],"picked":"Clothesline+1","floor":39},{"not_picked":["Entrench","Limit Break"],"picked":"Uppercut+1","floor":41},{"not_picked":["Ghostly Armor+1","Evolve+1"],"picked":"Body Slam","floor":44},{"not_picked":["Clash","True Grit"],"picked":"Iron Wave+1","floor":45},{"not_picked":["Berserk","Pummel"],"picked":"Spot Weakness+1","floor":47}],"player_experience":24862,"relics_obtained":[{"floor":5,"key":"Bronze Scales"},{"floor":7,"key":"Dodecahedron"},{"floor":9,"key":"Shuriken"},{"floor":24,"key":"Necronomicon"},{"floor":26,"key":"Omamori"},{"floor":38,"key":"Unceasing Top"},{"floor":39,"key":"Calipers"},{"floor":43,"key":"Ornamental Fan"},{"floor":47,"key":"Regal Pillow"}],"event_choices":[{"event_name":"Scrap Ooze","player_choice":"success","floor":2,"damage_taken":12},{"event_name":"Accursed Blacksmith","player_choice":"Ignore","floor":4,"damage_taken":0},{"event_name":"The Cleric","player_choice":"Card Removal","floor":13,"damage_taken":0},{"event_name":"Vampires","player_choice":"Became a vampire","floor":20,"damage_taken":0},{"event_name":"The Library","player_choice":"Read","floor":21,"damage_taken":0},{"event_name":"Cursed Tome","player_choice":"Obtained Book","floor":24,"damage_taken":0},{"event_name":"The Mausoleum","player_choice":"Yes","floor":27,"damage_taken":0},{"event_name":"Tomb of Lord Red Mask","player_choice":"Paid","floor":36,"damage_taken":0},{"event_name":"Mysterious Sphere","player_choice":"Fight","floor":38,"damage_taken":0},{"event_name":"MindBloom","player_choice":"Fight","floor":39,"damage_taken":0}],"is_beta":false,"boss_relics":[{"not_picked":["Mark of Pain","Calling Bell"],"picked":"Astrolabe"},{"not_picked":["Fusion Hammer","Runic Cube"],"picked":"Black Blood"}],"items_purged_floors":[],"is_endless":false,"potions_floor_spawned":[7,12,22,31,44,45],"killed_by":"Time Eater","ascension_level":1}