{"gold_per_floor":[111,111,36,110,129,158,158,29,29,29,41,41,68,82,82,156,156,167,67,67,12,12,12,12,12,12,29,49,49],"floor_reached":29,"playtime":4984,"items_purged":["Strike_G"],"score":458,"play_id":"62f128ad-e575-4f5a-bce2-6803f509d9f0","local_time":"20190503124251","is_ascension_mode":true,"campfire_choices":[{"data":"Dagger Throw","floor":7.0,"key":"SMITH"},{"floor":12.0,"key":"REST"},{"floor":15.0,"key":"REST"},{"data":"Noxious Fumes","floor":23.0,"key":"SMITH"},{"floor":25.0,"key":"REST"}],"neow_cost":"NONE","seed_source_timestamp":0,"circlet_count":0,"master_deck":["AscendersBane","Defend_G","Defend_G","Defend_G","Defend_G","Defend_G","Strike_G","Strike_G","Strike_G","Strike_G","Survivor","Neutralize","Well Laid Plans","Dagger Throw+1","Leg Sweep","PiercingWail","Dagger Spray","Noxious Fumes+1","Bouncing Flask","Corpse Explosion","Masterful Stab","Deflect"],"special_seed":0,"relics":["Ring of the Serpent","Blue Candle","Gremlin Horn","Orichalcum","Matryoshka","Thread and Needle","Ninja Scroll","Question Card"],"potions_floor_usage":[28],"damage_taken":[{"damage":0.0,"enemies":"Jaw Worm","floor":1.0,"turns":5.0},{"damage":0.0,"enemies":"2 Louse","floor":5.0,"turns":3.0},{"damage":34.0,"enemies":"3 Sentries","floor":6.0,"turns":12.0},{"damage":0.0,"enemies":"Small Slimes","floor":11.0,"turns":3.0},{"damage":23.0,"enemies":"Gremlin Nob","floor":13.0,"turns":5.0},{"damage":1.0,"enemies":"2 Fungi Beasts","floor":14.0,"turns":4.0},{"damage":12.0,"enemies":"The Guardian","floor":16.0,"turns":10.0},{"damage":0.0,"enemies":"Shell Parasite","floor":18.0,"turns":9.0},{"damage":8.0,"enemies":"2 Thieves","floor":19.0,"turns":5.0},{"damage":41.0,"enemies":"Colosseum Slavers","floor":24.0,"turns":4.0},{"damage":0,"enemies":"Chosen and Byrds","floor":27,"turns":5},{"damage":15,"enemies":"Snake Plant","floor":28,"turns":5},{"damage":15,"enemies":"Snecko","floor":29,"turns":3}],"seed_played":"-3709543487525457915","potions_obtained":[{"floor":6.0,"key":"AttackPotion"},{"floor":13.0,"key":"Regen Potion"},{"floor":16.0,"key":"LiquidBronze"},{"floor":27,"key":"GamblersBrew"}],"is_trial":false,"path_per_floor":["M","?","?","T","M","E","R","$","T","$","M","R","E","M","R","B",null,"M","M","?","$","?","R","?","R","T","M","M","M"],"character_chosen":"THE_SILENT","items_purchased":["Dagger Spray","SpeedPotion"],"campfire_rested":3,"item_purchase_floors":[8,21],"current_hp_per_floor":[59,59,59,59,59,25,25,25,25,25,25,44,21,20,39,42,60,60,52,52,52,52,52,11,30,30,30,15,0],"gold":49,"neow_bonus":"THREE_CARDS","is_prod":false,"is_daily":false,"chose_seed":false,"campfire_upgraded":2,"win_rate":0,"timestamp":1556880171,"path_taken":["M","?","?","?","M","E","R","$","T","?","M","R","E","M","R","BOSS","M","M","?","$","?","R","?","R","T","?","M","M"],"build_version":"2019-01-23","purchased_purges":1,"victory":false,"max_hp_per_floor":[66,66,66,66,66,66,66,66,66,66,66,66,66,66,66,66,66,66,66,66,66,66,66,66,66,66,66,66,66],"card_choices":[{"not_picked":["Backflip","Acrobatics"],"picked":"Well Laid Plans","floor":0.0},{"not_picked":["Calculated Gamble","Backflip"],"picked":"Dagger Throw","floor":1.0},{"not_picked":["Deadly Poison","Cloak And Dagger"],"picked":"Leg Sweep","floor":5.0},{"not_picked":["Catalyst","Underhanded Strike"],"picked":"PiercingWail","floor":6.0},{"not_picked":["Prepared","Sucker Punch"],"picked":"Noxious Fumes","floor":11.0},{"not_picked":["Dagger Spray","Choke","Riddle With Holes"],"picked":"SKIP","floor":13.0},{"not_picked":["Poisoned Stab","Prepared"],"picked":"Bouncing Flask","floor":14.0},{"not_picked":["Storm of Steel","Adrenaline"],"picked":"Corpse Explosion","floor":16.0},{"not_picked":["Acrobatics","Cloak And Dagger","Deadly Poison"],"picked":"SKIP","floor":18.0},{"not_picked":["Outmaneuver","Slice","Acrobatics"],"picked":"SKIP","floor":19.0},{"not_picked":["Deadly Poison","PiercingWail","Riddle With Holes"],"picked":"Masterful Stab","floor":27},{"not_picked":["Dagger Throw","Crippling Poison","Glass Knife"],"picked":"Deflect","floor":28}],"player_experience":1931303,"relics_obtained":[{"floor":4.0,"key":"Gremlin Horn"},{"floor":6.0,"key":"Orichalcum"},{"floor":9.0,"key":"Matryoshka"},{"floor":13.0,"key":"Thread and Needle"},{"floor":26,"key":"Ninja Scroll"},{"floor":26,"key":"Question Card"}],"event_choices":[{"damage_healed":0.0,"max_hp_gain":0.0,"max_hp_loss":0.0,"gold_gain":0.0,"event_name":"Big Fish","player_choice":"Box","floor":2.0,"gold_loss":0.0,"damage_taken":0.0,"relics_obtained":["Blue Candle"],"cards_obtained":["Regret"]},{"cards_removed":["Regret"],"damage_healed":0.0,"max_hp_gain":0.0,"max_hp_loss":0.0,"gold_gain":0.0,"event_name":"The Cleric","player_choice":"Card Removal","floor":3.0,"gold_loss":75.0,"damage_taken":0.0},{"damage_healed":0.0,"max_hp_gain":0.0,"max_hp_loss":0.0,"gold_gain":0.0,"event_name":"Cursed Tome","player_choice":"Ignored","floor":20.0,"gold_loss":0.0,"damage_taken":0.0},{"damage_healed":0.0,"max_hp_gain":0.0,"max_hp_loss":0.0,"gold_gain":0.0,"event_name":"Colosseum","player_choice":"Fight","floor":24.0,"gold_loss":0.0,"damage_taken":0.0},{"damage_healed":0.0,"max_hp_gain":0.0,"max_hp_loss":0.0,"gold_gain":0.0,"event_name":"Colosseum","player_choice":"Fled From Nobs","floor":24.0,"gold_loss":0.0,"damage_taken":0.0}],"is_beta":false,"boss_relics":[{"not_picked":["WristBlade","HoveringKite"],"picked":"Ring of the Serpent"}],"items_purged_floors":[8],"is_endless":false,"potions_floor_spawned":[6,13,16,27],"killed_by":"Snecko","ascension_level":20}