{"gold_per_floor":[117,117,292,183,202,234,61,81,108,120,137,201,201,221,221,316,316,336,336,336,349,45,61,61,72,72,72,90,90,103,131,131,229,229,239,339,352,352,371,371,384,384,384,403,403,403,403,423,423,423],"floor_reached":50,"playtime":3147,"items_purged":["Doubt"],"score":541,"play_id":"cd9fa7d9-68f7-464c-9ce3-1252c1d6131e","local_time":"20181217194958","is_ascension_mode":false,"campfire_choices":[{"floor":15,"key":"RECALL"},{"floor":24,"key":"REST"},{"data":"Bludgeon","floor":27,"key":"SMITH"},{"data":"Reaper","floor":29,"key":"SMITH"},{"floor":32,"key":"REST"},{"floor":40,"key":"REST"},{"data":"1","floor":42,"key":"LIFT"},{"data":"2","floor":45,"key":"LIFT"},{"data":"3","floor":47,"key":"LIFT"},{"floor":49,"key":"REST"}],"neow_cost":"NONE","seed_source_timestamp":132121697348978,"circlet_count":0,"master_deck":["Strike_R","Strike_R","Defend_R","Defend_R","Defend_R","Defend_R","Bash","Flex","Metallicize","Anger","Bludgeon+1","Pommel Strike","Shockwave","Pommel Strike","Blood for Blood","Flex","Flame Barrier","Barricade","Headbutt+1","Havoc+1","Flex+1","Clash","Necronomicurse","Anger","Impervious","Reaper+1","Seeing Red+1","Clothesline+1","Anger","Iron Wave+1","Blood for Blood","Heavy Blade","Fiend Fire","Whirlwind","Blood for Blood","Wild Strike+1","Parasite","Fire Breathing+1","Anger+1","Battle Trance+1","Anger","Inflame"],"relics":["Black Blood","NeowsBlessing","Dream Catcher","Pen Nib","Magic Flower","Astrolabe","Necronomicon","Blood Vial","Smiling Mask","Art of War","Girya","The Courier"],"potions_floor_usage":[12,12,16,37,41,48,50,50],"damage_taken":[{"damage":0,"enemies":"Jaw Worm","floor":1,"turns":1},{"damage":0,"enemies":"2 Louse","floor":5,"turns":1},{"damage":0,"enemies":"3 Sentries","floor":6,"turns":2},{"damage":0,"enemies":"Cultist","floor":8,"turns":2},{"damage":6,"enemies":"Gremlin Gang","floor":10,"turns":6},{"damage":5,"enemies":"Blue Slaver","floor":11,"turns":3},{"damage":8,"enemies":"3 Sentries","floor":12,"turns":5},{"damage":6,"enemies":"2 Fungi Beasts","floor":14,"turns":4},{"damage":45,"enemies":"The Guardian","floor":16,"turns":13},{"damage":26,"enemies":"3 Byrds","floor":18,"turns":5},{"damage":20,"enemies":"Shell Parasite","floor":21,"turns":3},{"damage":11,"enemies":"Sentry and Sphere","floor":23,"turns":4},{"damage":10,"enemies":"Centurion and Healer","floor":25,"turns":5},{"damage":0,"enemies":"Snake Plant","floor":28,"turns":1},{"damage":1,"enemies":"3 Cultists","floor":30,"turns":3},{"damage":20,"enemies":"Book of Stabbing","floor":31,"turns":4},{"damage":42,"enemies":"Champ","floor":33,"turns":9},{"damage":2,"enemies":"Orb Walker","floor":35,"turns":2},{"damage":37,"enemies":"Mind Bloom Boss Battle","floor":36,"turns":5},{"damage":25,"enemies":"3 Darklings","floor":37,"turns":3},{"damage":47,"enemies":"Writhing Mass","floor":39,"turns":6},{"damage":11,"enemies":"Transient","floor":41,"turns":5},{"damage":0,"enemies":"Sphere and 2 Shapes","floor":44,"turns":1},{"damage":21,"enemies":"Spire Growth","floor":48,"turns":3},{"damage":90,"enemies":"Time Eater","floor":50,"turns":5}],"seed_played":"359887473609751939","potions_obtained":[{"floor":5,"key":"Poison Potion"},{"floor":8,"key":"Energy Potion"},{"floor":10,"key":"GamblersBrew"},{"floor":14,"key":"Swift Potion"},{"floor":18,"key":"Energy Potion"},{"floor":25,"key":"Poison Potion"},{"floor":36,"key":"Swift Potion"},{"floor":37,"key":"Dexterity Potion"},{"floor":41,"key":"Fruit Juice"},{"floor":48,"key":"Strength Potion"}],"is_trial":false,"path_per_floor":["M","?","?","$","M","E","$","M","T","M","M","?","?","M","R","B",null,"M","?","?","M","$","M","R","M","T","R","M","R","M","E","R","B",null,"M","?","M","?","M","R","M","R","T","M","R","?","R","M","R","B"],"character_chosen":"IRONCLAD","items_purchased":["Metallicize","Pen Nib","Pommel Strike","Blood Vial","Impervious"],"campfire_rested":4,"item_purchase_floors":[4,7,7,22,22],"current_hp_per_floor":[80,80,80,80,80,80,80,80,80,80,80,78,78,80,80,44,80,63,47,47,36,36,37,61,80,80,80,80,80,80,69,80,56,80,80,58,51,51,33,57,69,69,69,85,85,85,85,79,85,0],"gold":423,"neow_bonus":"THREE_ENEMY_KILL","is_prod":false,"is_daily":false,"chose_seed":false,"campfire_upgraded":2,"win_rate":0,"timestamp":1545104998,"path_taken":["M","?","?","?","?","E","$","M","T","M","?","?","?","?","R","BOSS","M","?","?","M","$","M","R","M","T","R","M","R","M","E","R","BOSS","M","?","M","?","M","R","M","R","T","M","R","?","R","M","R","BOSS"],"build_version":"2018-12-13","purchased_purges":1,"victory":false,"max_hp_per_floor":[80,80,80,80,80,80,80,80,80,80,80,80,80,80,80,80,80,80,80,80,80,80,80,80,80,80,80,80,80,80,80,80,80,80,80,80,80,80,80,80,85,85,85,85,85,85,85,85,85,85],"card_choices":[{"not_picked":["Wild Strike","Metallicize"],"picked":"Flex","floor":1},{"not_picked":["Fire Breathing","Flex"],"picked":"Anger","floor":5},{"not_picked":["Spot Weakness","Clothesline"],"picked":"Bludgeon","floor":6},{"not_picked":["True Grit","Body Slam"],"picked":"Shockwave","floor":8},{"not_picked":["Body Slam","Sever Soul"],"picked":"Pommel Strike","floor":10},{"not_picked":["Corruption","Cleave"],"picked":"Blood for Blood","floor":11},{"not_picked":["Pommel Strike","Uppercut"],"picked":"Flex","floor":12},{"not_picked":["Sword Boomerang","Hemokinesis"],"picked":"Flame Barrier","floor":14},{"not_picked":["Brutality","Dark Embrace"],"picked":"Barricade","floor":16},{"not_picked":["Flex","Shrug It Off"],"picked":"Clash","floor":18},{"not_picked":["Entrench","Twin Strike"],"picked":"Anger","floor":21},{"not_picked":["Pommel Strike","Cleave"],"picked":"Reaper","floor":23},{"not_picked":["Perfected Strike","Disarm"],"picked":"Seeing Red+1","floor":24},{"not_picked":["Flex","Sentinel"],"picked":"Clothesline+1","floor":25},{"not_picked":["Pummel","Body Slam"],"picked":"Anger","floor":28},{"not_picked":["Shrug It Off","Perfected Strike"],"picked":"Iron Wave+1","floor":30},{"not_picked":["Power Through+1","Havoc"],"picked":"Blood for Blood","floor":31},{"not_picked":["Bloodletting","Sword Boomerang"],"picked":"Heavy Blade","floor":32},{"not_picked":["Brutality","Feed"],"picked":"Fiend Fire","floor":33},{"not_picked":["Headbutt+1","Burning Pact+1"],"picked":"Whirlwind","floor":35},{"not_picked":["Body Slam+1","Entrench"],"picked":"Blood for Blood","floor":36},{"not_picked":["Body Slam","Sword Boomerang"],"picked":"Wild Strike+1","floor":37},{"not_picked":["Bandage Up","Madness"],"picked":"Thinking Ahead","floor":38},{"not_picked":["Body Slam+1","Seeing Red"],"picked":"Fire Breathing+1","floor":39},{"not_picked":["Clash","Flex+1"],"picked":"Anger+1","floor":41},{"not_picked":["Cleave+1","Sword Boomerang+1"],"picked":"Battle Trance+1","floor":44},{"not_picked":["Dropkick","Body Slam+1"],"picked":"Anger","floor":48},{"not_picked":["Dropkick+1","Double Tap"],"picked":"Inflame","floor":49}],"player_experience":294626,"relics_obtained":[{"floor":6,"key":"Dream Catcher"},{"floor":12,"key":"Magic Flower"},{"floor":19,"key":"Necronomicon"},{"floor":26,"key":"Smiling Mask"},{"floor":31,"key":"Art of War"},{"floor":36,"key":"Girya"},{"floor":43,"key":"The Courier"}],"event_choices":[{"damage_healed":0,"gold_gain":0,"player_choice":"Ignored","damage_taken":0,"max_hp_gain":0,"max_hp_loss":0,"event_name":"Golden Wing","floor":2,"gold_loss":0},{"damage_healed":0,"gold_gain":175,"player_choice":"AGREE","damage_taken":0,"max_hp_gain":0,"max_hp_loss":0,"event_name":"Liars Game","floor":3,"gold_loss":0,"cards_obtained":["Doubt"]},{"damage_healed":0,"gold_gain":0,"player_choice":"Searched \u00271\u0027 times","damage_taken":0,"max_hp_gain":0,"max_hp_loss":0,"event_name":"Dead Adventurer","floor":12,"gold_loss":0},{"damage_healed":0,"gold_gain":0,"cards_transformed":["Strike_R"],"player_choice":"Transformed","damage_taken":0,"max_hp_gain":0,"max_hp_loss":0,"event_name":"Transmorgrifier","floor":13,"gold_loss":0,"cards_obtained":["Combust"]},{"damage_healed":0,"gold_gain":0,"player_choice":"Obtained Book","damage_taken":16,"max_hp_gain":0,"max_hp_loss":0,"event_name":"Cursed Tome","floor":19,"gold_loss":0},{"damage_healed":0,"gold_gain":0,"player_choice":"Ignored","damage_taken":0,"max_hp_gain":0,"max_hp_loss":0,"event_name":"Ghosts","floor":20,"gold_loss":0},{"damage_healed":0,"gold_gain":0,"player_choice":"Fight","damage_taken":0,"max_hp_gain":0,"max_hp_loss":0,"event_name":"MindBloom","floor":36,"gold_loss":0},{"damage_healed":0,"gold_gain":0,"player_choice":"Memory 1","damage_taken":0,"max_hp_gain":0,"max_hp_loss":0,"event_name":"SensoryStone","floor":38,"gold_loss":0},{"cards_removed":["Thinking Ahead"],"damage_healed":0,"gold_gain":0,"player_choice":"Removed Skill","damage_taken":0,"max_hp_gain":0,"max_hp_loss":0,"event_name":"Falling","floor":46,"gold_loss":0}],"is_beta":false,"boss_relics":[{"not_picked":["Velvet Choker","Pandora\u0027s Box"],"picked":"Astrolabe"},{"not_picked":["Orrery","Fusion Hammer"],"picked":"Black Blood"}],"items_purged_floors":[4],"is_endless":false,"potions_floor_spawned":[5,8,10,14,18,25,36,37,41,48],"killed_by":"Time Eater","ascension_level":0}