{"gold_per_floor":[115,125,50,61,136,164,179,179,202,215,229,264,264,281,281,357,357,377,387,398,448,295,309,320,320,320,320,112,144,156,172,172,247,247,263,282,382,382,382,413,413,447,447,477,492,1,21,21,21,21],"floor_reached":51,"playtime":4208,"items_purged":["Sucker Punch","Normality"],"score":1356,"play_id":"b58a5635-2cbf-40c8-9da8-f0abb83406ec","local_time":"20190505015804","daily_mods":["Draft"],"is_ascension_mode":true,"campfire_choices":[{"floor":8,"key":"REST"},{"floor":13,"key":"REST"},{"data":"Crippling Poison","floor":15,"key":"SMITH"},{"floor":25,"key":"REST"},{"data":"Leg Sweep","floor":32,"key":"SMITH"},{"floor":41,"key":"REST"},{"floor":49,"key":"REST"}],"neow_cost":"","seed_source_timestamp":0,"circlet_count":0,"master_deck":["AscendersBane","Dagger Spray","Blur","Dagger Spray","Crippling Poison+1","Quick Slash","Backflip","Deflect","Quick Slash","Leg Sweep+1","Backflip","Dash","Cloak And Dagger","Dodge and Roll","Dagger Throw","Deflect","Deadly Poison","Noxious Fumes","Malaise","Footwork","Acrobatics","PiercingWail","PiercingWail","Well Laid Plans","PiercingWail","Doppelganger","Bane","PiercingWail+1","Backflip+1","Mayhem","Acrobatics+1","Backflip+1"],"relics":["Ring of the Snake","Orichalcum","Blood Vial","Lantern","Sozu","PreservedInsect","Bag of Marbles","TwistedFunnel","Art of War","Cursed Key","Nunchaku","Bottled Lightning","Toxic Egg 2","Ninja Scroll","Happy Flower","Snake Skull"],"potions_floor_usage":[12,16,20],"damage_taken":[{"damage":0,"enemies":"Jaw Worm","floor":1,"turns":4},{"damage":0,"enemies":"2 Louse","floor":2,"turns":2},{"damage":0,"enemies":"Cultist","floor":4,"turns":4},{"damage":39,"enemies":"Lagavulin","floor":6,"turns":10},{"damage":0,"enemies":"3 Louse","floor":7,"turns":3},{"damage":0,"enemies":"Red Slaver","floor":10,"turns":5},{"damage":0,"enemies":"Blue Slaver","floor":11,"turns":5},{"damage":20,"enemies":"3 Sentries","floor":12,"turns":6},{"damage":0,"enemies":"Lots of Slimes","floor":14,"turns":2},{"damage":2,"enemies":"The Guardian","floor":16,"turns":10},{"damage":0,"enemies":"3 Byrds","floor":18,"turns":3},{"damage":15,"enemies":"2 Thieves","floor":19,"turns":4},{"damage":7,"enemies":"Sentry and Sphere","floor":20,"turns":9},{"damage":5,"enemies":"Centurion and Healer","floor":23,"turns":7},{"damage":0,"enemies":"Snake Plant","floor":24,"turns":6},{"damage":0,"enemies":"Book of Stabbing","floor":29,"turns":5},{"damage":1,"enemies":"Chosen and Byrds","floor":30,"turns":4},{"damage":0,"enemies":"Cultist and Chosen","floor":31,"turns":5},{"damage":45,"enemies":"Automaton","floor":33,"turns":13},{"damage":4,"enemies":"3 Darklings","floor":35,"turns":4},{"damage":0,"enemies":"3 Shapes","floor":36,"turns":5},{"damage":0,"enemies":"Mind Bloom Boss Battle","floor":37,"turns":8},{"damage":25,"enemies":"Giant Head","floor":40,"turns":11},{"damage":5,"enemies":"Nemesis","floor":42,"turns":9},{"damage":12,"enemies":"Reptomancer","floor":44,"turns":7},{"damage":2,"enemies":"Jaw Worm Horde","floor":45,"turns":3},{"damage":0,"enemies":"Transient","floor":47,"turns":5},{"damage":15,"enemies":"Donu and Deca","floor":50,"turns":12}],"seed_played":"7324542416817788564","potions_obtained":[{"floor":1,"key":"GamblersBrew"},{"floor":7,"key":"Ancient Potion"},{"floor":14,"key":"Fire Potion"}],"is_trial":true,"path_per_floor":["M","M","$","M","?","E","M","R","T","M","M","E","R","M","R","B",null,"M","M","M","?","$","M","M","R","T","?","$","E","M","M","R","B",null,"M","M","?","?","T","E","R","E","T","E","M","$","M","$","R","B",null],"character_chosen":"THE_SILENT","items_purchased":["PreservedInsect","TwistedFunnel","Snake Skull","Mayhem","Acrobatics+1"],"campfire_rested":5,"item_purchase_floors":[22,28,46,46,46],"current_hp_per_floor":[59,59,59,59,48,9,9,28,28,30,32,14,33,35,35,35,58,60,47,42,36,36,33,35,54,54,54,54,56,57,59,59,16,54,52,54,56,56,56,33,52,49,49,39,39,39,41,41,60,47],"gold":21,"neow_bonus":"","is_prod":false,"is_daily":false,"chose_seed":false,"campfire_upgraded":2,"win_rate":0,"timestamp":1557035884,"path_taken":["M","M","$","M","?","E","M","R","T","M","M","E","R","M","R","BOSS","M","M","M","?","$","M","?","R","T","?","$","E","M","M","R","BOSS","M","M","?","?","?","E","R","E","T","E","?","$","M","?","R","BOSS"],"build_version":"2019-01-23","purchased_purges":2,"victory":true,"max_hp_per_floor":[66,66,66,66,66,66,66,66,66,66,66,66,66,66,66,66,66,66,66,66,66,66,66,66,66,66,66,66,66,66,66,66,66,66,66,66,66,66,66,66,66,66,66,66,66,66,66,66,66,66],"card_choices":[{"not_picked":["Deadly Poison","Bane"],"picked":"Dagger Spray","floor":0},{"not_picked":["Masterful Stab","Riddle With Holes"],"picked":"Blur","floor":0},{"not_picked":["Riddle With Holes","Quick Slash"],"picked":"Dagger Spray","floor":0},{"not_picked":["Acrobatics","Tactician"],"picked":"Crippling Poison","floor":0},{"not_picked":["Underhanded Strike","Predator"],"picked":"Quick Slash","floor":0},{"not_picked":["Reflex","Eviscerate"],"picked":"Backflip","floor":0},{"not_picked":["Deadly Poison","Setup"],"picked":"Deflect","floor":0},{"not_picked":["Deadly Poison","Predator"],"picked":"Quick Slash","floor":0},{"not_picked":["Cloak And Dagger","Acrobatics"],"picked":"Leg Sweep","floor":0},{"not_picked":["Quick Slash","Underhanded Strike"],"picked":"Backflip","floor":0},{"not_picked":["Crippling Poison","Noxious Fumes"],"picked":"Sucker Punch","floor":0},{"not_picked":["Endless Agony","Accuracy"],"picked":"Dash","floor":0},{"not_picked":["Bouncing Flask","Poisoned Stab"],"picked":"Cloak And Dagger","floor":0},{"not_picked":["PiercingWail","Poisoned Stab"],"picked":"Dodge and Roll","floor":0},{"not_picked":["Accuracy","PiercingWail"],"picked":"Dagger Throw","floor":0},{"not_picked":["Backflip","Blade Dance"],"picked":"Deflect","floor":1},{"not_picked":["Distraction","Accuracy","Underhanded Strike"],"picked":"SKIP","floor":2},{"not_picked":["Riddle With Holes","Concentrate","Dagger Spray"],"picked":"SKIP","floor":4},{"not_picked":["Quick Slash","Envenom","Finisher"],"picked":"SKIP","floor":6},{"not_picked":["Backflip","Underhanded Strike"],"picked":"Deadly Poison","floor":7},{"not_picked":["Infinite Blades","Outmaneuver","Acrobatics"],"picked":"SKIP","floor":10},{"not_picked":["Poisoned Stab","Deflect","Dagger Spray"],"picked":"SKIP","floor":11},{"not_picked":["Slice","Dodge and Roll","Blur"],"picked":"SKIP","floor":12},{"not_picked":["Crippling Poison","PiercingWail"],"picked":"Noxious Fumes","floor":14},{"not_picked":["Adrenaline","A Thousand Cuts"],"picked":"Malaise","floor":16},{"not_picked":["Noxious Fumes","Bane"],"picked":"Footwork","floor":18},{"not_picked":["Eviscerate","Underhanded Strike"],"picked":"Acrobatics","floor":19},{"not_picked":["Leg Sweep","Acrobatics"],"picked":"PiercingWail","floor":20},{"not_picked":["Flying Knee","Poisoned Stab","Dagger Throw"],"picked":"SKIP","floor":23},{"not_picked":["Dagger Throw","Underhanded Strike","Reflex"],"picked":"SKIP","floor":24},{"not_picked":["Expertise","Heel Hook"],"picked":"PiercingWail","floor":29},{"not_picked":["Reflex","Leg Sweep"],"picked":"Well Laid Plans","floor":30},{"not_picked":["Noxious Fumes","Venomology"],"picked":"PiercingWail","floor":31},{"not_picked":["Storm of Steel","Tools of the Trade"],"picked":"Doppelganger","floor":33},{"not_picked":["Caltrops+1","Dash"],"picked":"Bane","floor":35},{"not_picked":["Dagger Throw","Reflex+1","Flying Knee+1"],"picked":"SKIP","floor":36},{"not_picked":["Dagger Spray","Underhanded Strike","Slice"],"picked":"SKIP","floor":40},{"not_picked":["Cloak And Dagger","Masterful Stab"],"picked":"PiercingWail","floor":42},{"not_picked":["Doppelganger+1","Distraction+1"],"picked":"Backflip+1","floor":44},{"not_picked":["Flechettes","Dagger Spray","Eviscerate"],"picked":"SKIP","floor":45},{"not_picked":["Sucker Punch","Predator+1"],"picked":"Backflip+1","floor":47}],"player_experience":910946,"relics_obtained":[{"floor":6,"key":"Orichalcum"},{"floor":9,"key":"Blood Vial"},{"floor":12,"key":"Lantern"},{"floor":26,"key":"Bag of Marbles"},{"floor":29,"key":"Art of War"},{"floor":37,"key":"Nunchaku"},{"floor":40,"key":"Bottled Lightning"},{"floor":42,"key":"Toxic Egg 2"},{"floor":43,"key":"Ninja Scroll"},{"floor":44,"key":"Happy Flower"}],"event_choices":[{"damage_healed":0,"gold_gain":75,"player_choice":"Gather Gold","damage_taken":11,"max_hp_gain":0,"max_hp_loss":0,"event_name":"World of Goop","floor":5,"gold_loss":0},{"damage_healed":0,"gold_gain":50,"player_choice":"Touch","damage_taken":6,"max_hp_gain":0,"max_hp_loss":0,"event_name":"FaceTrader","floor":21,"gold_loss":0},{"damage_healed":0,"gold_gain":0,"player_choice":"Got Potions","damage_taken":0,"max_hp_gain":0,"max_hp_loss":0,"event_name":"Lab","floor":27,"gold_loss":0},{"damage_healed":0,"gold_gain":0,"player_choice":"Fight","damage_taken":0,"max_hp_gain":0,"max_hp_loss":0,"event_name":"MindBloom","floor":37,"gold_loss":0},{"damage_healed":0,"gold_gain":0,"player_choice":"Ignored","damage_taken":0,"max_hp_gain":0,"max_hp_loss":0,"event_name":"Tomb of Lord Red Mask","floor":38,"gold_loss":0}],"is_beta":false,"boss_relics":[{"not_picked":["Calling Bell","Ring of the Serpent"],"picked":"Sozu"},{"not_picked":["Eternal Feather","Empty Cage"],"picked":"Cursed Key"}],"items_purged_floors":[3,46],"is_endless":false,"potions_floor_spawned":[1,7,10,14,18,19,23,29,36,40,47],"ascension_level":15}