{"gold_per_floor":[118,83,83,83,97,97,97,97,148,159,175,175,203,214,214,318,368,381,396,414,414,374,374],"floor_reached":23,"playtime":3560,"items_purged":[],"score":191,"play_id":"9bfd1a82-100e-4dda-a0ae-f5f364656330","local_time":"20181207201453","is_ascension_mode":false,"campfire_choices":[{"floor":6,"key":"REST"},{"floor":15,"key":"REST"}],"neow_cost":"PERCENT_DAMAGE","seed_source_timestamp":249215463357416,"circlet_count":0,"master_deck":["Defend_G+1","Defend_G","Defend_G","Defend_G+1","Defend_G","Strike_G+1","Strike_G","Strike_G","Strike_G","Strike_G+1","Survivor+1","Neutralize+1","Mind Blast","Jack Of All Trades","Deadly Poison","Sucker Punch+1","Crippling Poison","Flying Knee","Deadly Poison","Poisoned Stab","Adrenaline","Outmaneuver","Terror","Flying Knee+1"],"relics":["Ring of the Snake","Omamori","Regal Pillow","Strawberry","Pen Nib","War Paint","Tiny House","Molten Egg 2"],"potions_floor_usage":[16,16,16,23,23],"damage_taken":[{"damage":7,"enemies":"2 Louse","floor":1,"turns":3},{"damage":4,"enemies":"Jaw Worm","floor":5,"turns":6},{"damage":6,"enemies":"Cultist","floor":10,"turns":5},{"damage":6,"enemies":"3 Louse","floor":11,"turns":4},{"damage":5,"enemies":"Gremlin Nob","floor":13,"turns":4},{"damage":0,"enemies":"2 Fungi Beasts","floor":14,"turns":2},{"damage":71,"enemies":"Slime Boss","floor":16,"turns":15},{"damage":17,"enemies":"Spheric Guardian","floor":18,"turns":4},{"damage":18,"enemies":"Shell Parasite","floor":19,"turns":5},{"damage":34,"enemies":"Centurion and Healer","floor":20,"turns":7},{"damage":17,"enemies":"Shelled Parasite and Fungi","floor":23,"turns":2}],"seed_played":"-8519938138058858034","potions_obtained":[{"floor":11,"key":"Explosive Potion"},{"floor":13,"key":"SpeedPotion"},{"floor":14,"key":"AttackPotion"},{"floor":17,"key":"Fire Potion"},{"floor":18,"key":"AttackPotion"}],"is_trial":false,"path_per_floor":["M","?","?","?","M","R","?","?","T","M","M","T","E","M","R","B",null,"M","M","M","?","?","M"],"character_chosen":"THE_SILENT","items_purchased":[],"campfire_rested":2,"item_purchase_floors":[],"current_hp_per_floor":[42,59,59,45,41,62,55,48,55,49,43,43,38,38,76,5,82,65,47,13,13,13,0],"gold":374,"neow_bonus":"RANDOM_COLORLESS_2","is_prod":false,"is_daily":false,"chose_seed":false,"campfire_upgraded":0,"win_rate":0.0,"timestamp":1544242493,"path_taken":["M","?","?","?","?","R","?","?","T","M","M","?","E","M","R","BOSS","M","M","M","?","?","?"],"build_version":"2018-12-06","purchased_purges":0,"victory":false,"max_hp_per_floor":[70,70,70,70,70,70,70,70,77,77,77,77,77,77,77,77,82,82,82,82,82,82,82],"card_choices":[{"not_picked":["Calculated Gamble","Choke"],"picked":"Deadly Poison","floor":1},{"not_picked":["Dagger Spray","Dagger Throw"],"picked":"Sucker Punch","floor":5},{"not_picked":["Blade Dance","Cloak And Dagger"],"picked":"Crippling Poison","floor":10},{"not_picked":["All Out Attack","Well Laid Plans"],"picked":"Flying Knee","floor":11},{"not_picked":["Dagger Spray","Quick Slash"],"picked":"Deadly Poison","floor":13},{"not_picked":["Deadly Poison","Cloak And Dagger"],"picked":"Poisoned Stab","floor":14},{"not_picked":["Wraith Form v2","Burst"],"picked":"Adrenaline","floor":16},{"not_picked":["Footwork","Setup"],"picked":"Outmaneuver","floor":17},{"not_picked":["Quick Slash","Distraction+1"],"picked":"Terror","floor":18},{"not_picked":["Underhanded Strike","Dagger Throw"],"picked":"Flying Knee+1","floor":19},{"not_picked":["Dagger Throw","Heel Hook+1","Prepared"],"picked":"SKIP","floor":20}],"player_experience":154511,"relics_obtained":[{"floor":9,"key":"Strawberry"},{"floor":12,"key":"Pen Nib"},{"floor":13,"key":"War Paint"}],"event_choices":[{"damage_healed":17,"gold_gain":0,"player_choice":"Healed","damage_taken":0,"max_hp_gain":0,"max_hp_loss":0,"event_name":"The Cleric","floor":2,"gold_loss":35},{"damage_healed":0,"gold_gain":0,"player_choice":"Box","damage_taken":0,"relics_obtained":["Omamori"],"max_hp_gain":0,"max_hp_loss":0,"event_name":"Big Fish","floor":3,"gold_loss":0,"cards_obtained":["Regret"]},{"damage_healed":0,"gold_gain":0,"player_choice":"Entered Light","damage_taken":14,"max_hp_gain":0,"max_hp_loss":0,"event_name":"Shining Light","floor":4,"gold_loss":0,"cards_upgraded":["Defend_G","Neutralize"]},{"damage_healed":0,"gold_gain":0,"player_choice":"Success","damage_taken":7,"relics_obtained":["Regal Pillow"],"max_hp_gain":0,"max_hp_loss":0,"event_name":"Scrap Ooze","floor":7,"gold_loss":0},{"cards_removed":["Regret"],"damage_healed":0,"gold_gain":0,"player_choice":"Card Removal","damage_taken":7,"max_hp_gain":0,"max_hp_loss":0,"event_name":"Golden Wing","floor":8,"gold_loss":0},{"damage_healed":0,"gold_gain":0,"player_choice":"Opened","damage_taken":0,"relics_obtained":["Molten Egg 2"],"max_hp_gain":0,"max_hp_loss":0,"event_name":"The Mausoleum","floor":21,"gold_loss":0,"cards_obtained":["Writhe"]},{"damage_healed":0,"gold_gain":0,"player_choice":"Upgraded Two","damage_taken":0,"max_hp_gain":0,"max_hp_loss":0,"event_name":"Designer","floor":22,"gold_loss":40,"cards_upgraded":["Strike_G","Sucker Punch"]}],"is_beta":false,"boss_relics":[{"not_picked":["White Beast Statue","Velvet Choker"],"picked":"Tiny House"}],"items_purged_floors":[],"is_endless":false,"potions_floor_spawned":[11,13,14,18],"killed_by":"Shelled Parasite and Fungi","ascension_level":0}