{"gold_per_floor":[112,135,148,162,2,28,28,28,28,45,80,93,193,206,206,306,306,317,317],"floor_reached":19,"playtime":627,"items_purged":["Injury"],"score":188,"play_id":"e7cc4a88-e6a4-4060-a50e-e33c325abecd","local_time":"20181104203601","is_ascension_mode":true,"campfire_choices":[{"floor":8,"key":"DIG"},{"floor":15,"key":"DIG"}],"neow_cost":"CURSE","seed_source_timestamp":86175546945957,"circlet_count":0,"master_deck":["Strike_R","Strike_R","Strike_R","Strike_R","Strike_R","Defend_R","Defend_R","Defend_R","Bash","Flex","Sword Boomerang","Carnage","Inflame","Cleave","Armaments","Double Tap","Rampage","Cleave","Feed","Cleave"],"relics":["Burning Blood","Shovel","Orichalcum","Strawberry","Regal Pillow","Incense Burner","Ice Cream","Thread and Needle","Busted Crown"],"potions_floor_usage":[4,6,11,11],"damage_taken":[{"damage":15,"enemies":"Cultist","floor":1,"turns":4},{"damage":5,"enemies":"2 Louse","floor":3,"turns":2},{"damage":3,"enemies":"Jaw Worm","floor":4,"turns":3},{"damage":20,"enemies":"Lagavulin","floor":6,"turns":5},{"damage":7,"enemies":"Red Slaver","floor":10,"turns":2},{"damage":16,"enemies":"3 Sentries","floor":11,"turns":5},{"damage":13,"enemies":"Blue Slaver","floor":12,"turns":3},{"damage":1,"enemies":"2 Fungi Beasts","floor":14,"turns":3},{"damage":54,"enemies":"Hexaghost","floor":16,"turns":10},{"damage":4,"enemies":"3 Byrds","floor":18,"turns":4}],"seed_played":"4675473803356502524","potions_obtained":[{"floor":1,"key":"SteroidPotion"},{"floor":6,"key":"Fire Potion"},{"floor":10,"key":"Energy Potion"}],"is_trial":false,"path_per_floor":["M","T","M","M","$","E","?","R","T","M","E","M","?","M","R","B",null,"M","?"],"character_chosen":"IRONCLAD","items_purchased":["Inflame","Strength Potion"],"campfire_rested":0,"item_purchase_floors":[5,5],"current_hp_per_floor":[71,71,72,75,75,68,68,68,68,67,57,50,50,55,55,7,87,87,87],"gold":317,"neow_bonus":"ONE_RARE_RELIC","is_prod":false,"is_daily":false,"chose_seed":false,"campfire_upgraded":0,"win_rate":0,"timestamp":1541392561,"path_taken":["M","?","?","M","$","E","?","R","T","?","E","M","?","?","R","BOSS","M","?"],"build_version":"2018-11-01","purchased_purges":1,"victory":false,"max_hp_per_floor":[80,80,80,80,80,87,87,87,87,87,87,87,87,87,87,87,87,87,87],"card_choices":[{"not_picked":["True Grit","Searing Blow"],"picked":"Flex","floor":1},{"not_picked":["Clash","Feed"],"picked":"Sword Boomerang","floor":3},{"not_picked":["Uppercut","True Grit"],"picked":"Carnage","floor":4},{"not_picked":["Headbutt","Inflame"],"picked":"Cleave","floor":6},{"not_picked":["Wild Strike","Flame Barrier"],"picked":"Armaments","floor":10},{"not_picked":["Wild Strike","Heavy Blade"],"picked":"Double Tap","floor":11},{"not_picked":["Iron Wave","Cleave"],"picked":"Rampage","floor":12},{"not_picked":["Clothesline","Rampage"],"picked":"Cleave","floor":14},{"not_picked":["Barricade","Reaper"],"picked":"Feed","floor":16},{"not_picked":[],"picked":"Cleave","floor":18}],"player_experience":83001,"relics_obtained":[{"floor":2,"key":"Orichalcum"},{"floor":6,"key":"Strawberry"},{"floor":8,"key":"Regal Pillow"},{"floor":9,"key":"Incense Burner"},{"floor":11,"key":"Ice Cream"},{"floor":15,"key":"Thread and Needle"}],"event_choices":[{"cards_removed":["Defend_R"],"damage_healed":0,"gold_gain":0,"player_choice":"Purged","damage_taken":0,"max_hp_gain":0,"max_hp_loss":0,"event_name":"Purifier","floor":7,"gold_loss":0},{"damage_healed":0,"gold_gain":100,"player_choice":"Pray","damage_taken":0,"max_hp_gain":0,"max_hp_loss":0,"event_name":"Golden Shrine","floor":13,"gold_loss":0},{"damage_healed":0,"gold_gain":0,"player_choice":"Ignored","damage_taken":0,"max_hp_gain":0,"max_hp_loss":0,"event_name":"Ghosts","floor":19,"gold_loss":0}],"is_beta":false,"boss_relics":[{"not_picked":["Runic Pyramid","Cursed Key"],"picked":"Busted Crown"}],"items_purged_floors":[5],"is_endless":false,"potions_floor_spawned":[1,6,10],"ascension_level":1}