{"gold_per_floor":[115,6,6,6,6,41,41,61,84,99,116,132,132,150,150,250,250,269,288,288],"floor_reached":20,"playtime":796,"items_purged":[],"score":176,"play_id":"b5536f09-77ac-4581-b3f8-d039da49ce81","local_time":"20181209213053","is_ascension_mode":false,"campfire_choices":[{"floor":7,"key":"REST"},{"floor":13,"key":"REST"},{"floor":15,"key":"REST"}],"neow_cost":"NONE","seed_source_timestamp":429344837130295,"circlet_count":0,"master_deck":["Defend_G","Defend_G","Defend_G","Defend_G","Strike_G","Strike_G","Strike_G","Strike_G","Strike_G","Survivor","Neutralize","Backstab","Noxious Fumes","Dash","Doubt","Bouncing Flask","Cloak And Dagger","PiercingWail","Slice","Sucker Punch","Unload","Distraction","Noxious Fumes","PiercingWail","Deadly Poison","Terror","Endless Agony","Bouncing Flask"],"relics":["Ring of the Snake","Bronze Scales","Potion Belt","Orrery"],"potions_floor_usage":[8,12,12,16,20],"damage_taken":[{"damage":7,"enemies":"Small Slimes","floor":1,"turns":4},{"damage":33,"enemies":"Lagavulin","floor":6,"turns":8},{"damage":6,"enemies":"Cultist","floor":8,"turns":3},{"damage":1,"enemies":"Jaw Worm","floor":10,"turns":3},{"damage":9,"enemies":"Lots of Slimes","floor":11,"turns":4},{"damage":0,"enemies":"Gremlin Gang","floor":12,"turns":3},{"damage":1,"enemies":"2 Fungi Beasts","floor":14,"turns":3},{"damage":36,"enemies":"The Guardian","floor":16,"turns":11},{"damage":30,"enemies":"3 Byrds","floor":18,"turns":4},{"damage":24,"enemies":"Shell Parasite","floor":19,"turns":4},{"damage":24,"enemies":"Centurion and Healer","floor":20,"turns":4}],"seed_played":"1371379009538813429","potions_obtained":[{"floor":6,"key":"LiquidBronze"},{"floor":8,"key":"Dexterity Potion"},{"floor":11,"key":"AttackPotion"},{"floor":12,"key":"EssenceOfSteel"},{"floor":18,"key":"FearPotion"}],"is_trial":false,"path_per_floor":["M","$","?","$","$","E","R","M","T","M","M","M","R","M","R","B",null,"M","M","M"],"character_chosen":"THE_SILENT","items_purchased":["Noxious Fumes","Dash"],"campfire_rested":3,"item_purchase_floors":[2,2],"current_hp_per_floor":[70,70,70,70,70,37,60,54,54,53,44,44,67,66,77,41,77,47,23,0],"gold":288,"neow_bonus":"TEN_PERCENT_HP_BONUS","is_prod":false,"is_daily":false,"chose_seed":false,"campfire_upgraded":0,"win_rate":0.0,"timestamp":1544419853,"path_taken":["M","$","?","?","$","E","R","?","T","M","?","M","R","M","R","BOSS","M","?","M"],"build_version":"2018-12-06","purchased_purges":0,"victory":false,"max_hp_per_floor":[77,77,77,77,77,77,77,77,77,77,77,77,77,77,77,77,77,77,77,77],"card_choices":[{"not_picked":["Backflip","Dagger Spray"],"picked":"Backstab","floor":1},{"not_picked":["Dagger Spray","Tactician"],"picked":"Bouncing Flask","floor":6},{"not_picked":["Dash","Dodge and Roll"],"picked":"Cloak And Dagger","floor":8},{"not_picked":["Caltrops","All Out Attack"],"picked":"PiercingWail","floor":10},{"not_picked":["Prepared","Deflect"],"picked":"Slice","floor":11},{"not_picked":["Bane","Acrobatics"],"picked":"Sucker Punch","floor":12},{"not_picked":["Bane","Venomology","Prepared"],"picked":"SKIP","floor":14},{"not_picked":["Adrenaline","Grand Finale"],"picked":"Unload","floor":16},{"not_picked":["Dodge and Roll","Prepared"],"picked":"Distraction","floor":17},{"not_picked":["Prepared","Dagger Throw"],"picked":"Noxious Fumes","floor":17},{"not_picked":["Dagger Throw","Slice"],"picked":"PiercingWail","floor":17},{"not_picked":["Acrobatics","PiercingWail"],"picked":"Deadly Poison","floor":17},{"not_picked":["Heel Hook","Cloak And Dagger"],"picked":"Terror","floor":17},{"not_picked":["Deflect+1","Riddle With Holes"],"picked":"Endless Agony","floor":18},{"not_picked":["Dagger Throw","Setup+1"],"picked":"Bouncing Flask","floor":19}],"player_experience":188772,"relics_obtained":[{"floor":6,"key":"Bronze Scales"},{"floor":9,"key":"Potion Belt"}],"event_choices":[{"cards_removed":["Defend_G"],"damage_healed":0,"gold_gain":0,"player_choice":"Took Card","damage_taken":0,"max_hp_gain":0,"max_hp_loss":0,"event_name":"NoteForYourself","floor":3,"gold_loss":0,"cards_obtained":["Doubt"]}],"is_beta":false,"boss_relics":[{"not_picked":["Snecko Eye","Runic Pyramid"],"picked":"Orrery"}],"items_purged_floors":[],"is_endless":false,"potions_floor_spawned":[6,8,11,12,18],"killed_by":"Centurion and Healer","ascension_level":0}