{"gold_per_floor":[110,177,196,121,33,67,67,78,78,78,97,61,96,96,96,96],"floor_reached":16,"playtime":993,"items_purged":[],"score":216,"play_id":"771de5a2-b52a-4693-b4ab-dab767b2c8f3","local_time":"20190503125939","is_ascension_mode":true,"campfire_choices":[{"data":"Noxious Fumes","floor":10,"key":"SMITH"},{"floor":15,"key":"REST"}],"neow_cost":"TEN_PERCENT_HP_LOSS","seed_source_timestamp":170874698629757,"circlet_count":0,"master_deck":["AscendersBane","Defend_G","Defend_G","Defend_G","Defend_G","Defend_G","Strike_G","Strike_G","Survivor","Neutralize","Underhanded Strike","Blade Dance","Backstab","Flying Knee","Accuracy","Deflect","Noxious Fumes+1","Leg Sweep","Skewer"],"relics":["Ring of the Snake","Blue Candle","Pear","Torii"],"potions_floor_usage":[13,16],"damage_taken":[{"damage":1,"enemies":"Small Slimes","floor":1,"turns":4},{"damage":0,"enemies":"2 Louse","floor":3,"turns":2},{"damage":54,"enemies":"Gremlin Nob","floor":6,"turns":6},{"damage":2,"enemies":"Jaw Worm","floor":8,"turns":6},{"damage":1,"enemies":"Blue Slaver","floor":11,"turns":5},{"damage":25,"enemies":"3 Sentries","floor":13,"turns":8},{"damage":29,"enemies":"Hexaghost","floor":16,"turns":12}],"seed_played":"8536017919752748232","potions_obtained":[{"floor":6,"key":"Weak Potion"},{"floor":11,"key":"Block Potion"}],"is_trial":false,"path_per_floor":["M","?","M","?","$","E","?","M","T","R","M","?","E","?","R","B"],"character_chosen":"THE_SILENT","items_purchased":["Accuracy"],"campfire_rested":1,"item_purchase_floors":[5],"current_hp_per_floor":[58,58,58,58,58,4,24,22,32,32,31,31,6,6,27,0],"gold":96,"neow_bonus":"TRANSFORM_TWO_CARDS","is_prod":false,"is_daily":false,"chose_seed":false,"campfire_upgraded":1,"win_rate":0,"timestamp":1556881179,"path_taken":["M","?","M","?","$","E","?","M","T","R","M","?","E","?","R","BOSS"],"build_version":"2019-01-23","purchased_purges":0,"victory":false,"max_hp_per_floor":[60,60,60,60,60,60,60,60,70,70,70,70,70,70,70,70],"card_choices":[{"not_picked":["Outmaneuver","Blade Dance"],"picked":"Backstab","floor":1},{"not_picked":["Blade Dance","Catalyst"],"picked":"Flying Knee","floor":3},{"not_picked":["Acrobatics","Bullet Time"],"picked":"Deflect","floor":6},{"not_picked":["Deflect","Escape Plan"],"picked":"Noxious Fumes","floor":8},{"not_picked":["Outmaneuver","Poisoned Stab"],"picked":"Leg Sweep","floor":11},{"not_picked":["Tactician","Backstab"],"picked":"Skewer","floor":13}],"player_experience":1936287,"relics_obtained":[{"floor":6,"key":"Blue Candle"},{"floor":9,"key":"Pear"},{"floor":13,"key":"Torii"}],"event_choices":[{"damage_healed":0,"gold_gain":67,"player_choice":"Gained Gold","damage_taken":0,"max_hp_gain":0,"max_hp_loss":0,"event_name":"Golden Wing","floor":2,"gold_loss":0},{"cards_removed":["Strike_G"],"damage_healed":0,"gold_gain":0,"player_choice":"Card Removal","damage_taken":0,"max_hp_gain":0,"max_hp_loss":0,"event_name":"The Cleric","floor":4,"gold_loss":75},{"damage_healed":20,"gold_gain":0,"player_choice":"Banana","damage_taken":0,"max_hp_gain":0,"max_hp_loss":0,"event_name":"Big Fish","floor":7,"gold_loss":0},{"damage_healed":0,"gold_gain":0,"player_choice":"Left Gold","damage_taken":0,"max_hp_gain":0,"max_hp_loss":0,"event_name":"World of Goop","floor":12,"gold_loss":36},{"damage_healed":0,"gold_gain":0,"player_choice":"Ignored","damage_taken":0,"max_hp_gain":0,"max_hp_loss":0,"event_name":"Liars Game","floor":14,"gold_loss":0}],"is_beta":false,"boss_relics":[],"items_purged_floors":[],"is_endless":false,"potions_floor_spawned":[6,11],"killed_by":"Hexaghost","ascension_level":20}