{"gold_per_floor":[118,136,36,11,11,11,43,43,43,43,61,81,92,105,105,203,203,215,235,195,213,213,213,213,213,213,213,5,105,32,32,32,32],"floor_reached":33,"playtime":1380,"items_purged":["Defend_G"],"score":243,"play_id":"e3676c2f-cab5-4d7e-8e81-2ca25e640b8b","local_time":"20181103001025","is_ascension_mode":false,"campfire_choices":[{"data":"PiercingWail","floor":6.0,"key":"SMITH"},{"floor":10.0,"key":"REST"},{"floor":15.0,"key":"REST"},{"floor":23,"key":"REST"},{"floor":25,"key":"REST"},{"floor":27,"key":"REST"},{"floor":32,"key":"REST"}],"neow_cost":"NONE","seed_source_timestamp":447074496723061,"circlet_count":0,"master_deck":["Defend_G","Defend_G","Defend_G","Defend_G","Strike_G","Strike_G","Strike_G","Strike_G","Survivor","Neutralize","Poisoned Stab","Sucker Punch+1","Escape Plan+1","PiercingWail+1","Predator","Sucker Punch","Outmaneuver","Poisoned Stab","Crippling Poison","Bullet Time","Deadly Poison","Noxious Fumes","Corpse Explosion","Bandage Up","Bane+1","Endless Agony"],"special_seed":0,"relics":["Ring of the Snake","Orichalcum","Ninja Scroll","Boot","Fusion Hammer","Pocketwatch","Shovel","Meat on the Bone","MutagenicStrength"],"potions_floor_usage":[18,29,33],"damage_taken":[{"damage":3.0,"enemies":"2 Louse","floor":1.0,"turns":3.0},{"damage":0.0,"enemies":"Small Slimes","floor":2.0,"turns":3.0},{"damage":32.0,"enemies":"3 Sentries","floor":7.0,"turns":10.0},{"damage":0.0,"enemies":"Cultist","floor":11.0,"turns":1.0},{"damage":0.0,"enemies":"2 Fungi Beasts","floor":12.0,"turns":3.0},{"damage":1.0,"enemies":"3 Louse","floor":13.0,"turns":2.0},{"damage":0.0,"enemies":"Blue Slaver","floor":14.0,"turns":2.0},{"damage":58.0,"enemies":"Slime Boss","floor":16.0,"turns":15.0},{"damage":0,"enemies":"Spheric Guardian","floor":18,"turns":4},{"damage":0,"enemies":"Chosen","floor":19,"turns":4},{"damage":9,"enemies":"Sentry and Sphere","floor":21,"turns":5},{"damage":15,"enemies":"Colosseum Slavers","floor":29,"turns":4},{"damage":25,"enemies":"Colosseum Nobs","floor":29,"turns":4},{"damage":69,"enemies":"Automaton","floor":33,"turns":8}],"seed_played":"6438209216059411432","potions_obtained":[{"floor":7.0,"key":"AttackPotion"},{"floor":13.0,"key":"Block Potion"},{"floor":16.0,"key":"SpeedPotion"},{"floor":29,"key":"SpeedPotion"}],"is_trial":false,"path_per_floor":["M","M","$","?","$","R","E","?","T","R","M","M","M","M","R","B",null,"M","M","?","M","?","R","?","R","T","R","$","?","$","?","R","B"],"character_chosen":"THE_SILENT","items_purchased":["Escape Plan","PiercingWail","Bandage Up","Block Potion","Endless Agony"],"campfire_rested":6,"item_purchase_floors":[3,3,28,28,30],"current_hp_per_floor":[67,67,67,67,67,67,35,28,28,49,49,49,48,48,69,11,70,70,70,70,61,48,70,75,75,75,75,75,43,43,43,65,0],"gold":32,"neow_bonus":"RANDOM_COMMON_RELIC","is_prod":false,"is_daily":false,"chose_seed":false,"campfire_upgraded":1,"win_rate":0.0,"timestamp":1541229025,"path_taken":["M","M","$","?","$","R","E","?","T","R","M","M","M","M","R","BOSS","M","M","?","?","?","R","?","R","T","R","$","?","$","?","R","BOSS"],"build_version":"2018-11-01","purchased_purges":1,"victory":false,"max_hp_per_floor":[70,70,70,70,70,70,70,70,70,70,70,70,70,70,70,70,70,70,70,70,70,75,75,75,75,75,75,75,75,75,75,75,75],"card_choices":[{"not_picked":["Sucker Punch","PiercingWail"],"picked":"Poisoned Stab","floor":1.0},{"not_picked":["Finisher","Wraith Form v2"],"picked":"Sucker Punch","floor":2.0},{"not_picked":["Slice","Masterful Stab"],"picked":"Predator","floor":7.0},{"not_picked":["Acrobatics","Heel Hook"],"picked":"Sucker Punch","floor":11.0},{"not_picked":["Blur","Leg Sweep"],"picked":"Outmaneuver","floor":12.0},{"not_picked":["Wraith Form v2","Flying Knee"],"picked":"Poisoned Stab","floor":13.0},{"not_picked":["Accuracy","Quick Slash"],"picked":"Crippling Poison","floor":14.0},{"not_picked":["Malaise","A Thousand Cuts"],"picked":"Bullet Time","floor":16.0},{"not_picked":["Dodge and Roll","Predator"],"picked":"Deadly Poison","floor":18},{"not_picked":["Flying Knee","Prepared+1"],"picked":"Noxious Fumes","floor":19},{"not_picked":["Quick Slash","Sucker Punch"],"picked":"Corpse Explosion","floor":21},{"not_picked":["Heel Hook+1","Sucker Punch"],"picked":"Bane+1","floor":29}],"player_experience":80619,"relics_obtained":[{"floor":7.0,"key":"Ninja Scroll"},{"floor":9.0,"key":"Boot"},{"floor":26,"key":"Pocketwatch"},{"floor":29,"key":"Shovel"},{"floor":29,"key":"Meat on the Bone"}],"event_choices":[{"damage_healed":0.0,"max_hp_gain":0.0,"max_hp_loss":0.0,"gold_gain":0.0,"event_name":"World of Goop","player_choice":"Left Gold","floor":4.0,"gold_loss":25.0,"damage_taken":0.0},{"cards_removed":["Strike_G"],"damage_healed":0.0,"max_hp_gain":0.0,"max_hp_loss":0.0,"gold_gain":0.0,"event_name":"Golden Wing","player_choice":"Card Removal","floor":8.0,"gold_loss":0.0,"damage_taken":7.0},{"damage_healed":0,"gold_gain":0,"player_choice":"Upgraded Two","damage_taken":0,"max_hp_gain":0,"max_hp_loss":0,"event_name":"Designer","floor":20,"gold_loss":40,"cards_upgraded":["Sucker Punch","Escape Plan"]},{"damage_healed":0,"gold_gain":0,"player_choice":"Shed Blood","damage_taken":18,"max_hp_gain":5,"max_hp_loss":0,"event_name":"Forgotten Altar","floor":22,"gold_loss":0},{"damage_healed":25,"gold_gain":0,"player_choice":"Heal","damage_taken":0,"max_hp_gain":0,"max_hp_loss":0,"event_name":"The Library","floor":24,"gold_loss":0},{"damage_healed":0,"gold_gain":0,"player_choice":"Fight","damage_taken":0,"max_hp_gain":0,"max_hp_loss":0,"event_name":"Colosseum","floor":29,"gold_loss":0},{"damage_healed":0,"gold_gain":0,"player_choice":"Fought Nobs","damage_taken":0,"max_hp_gain":0,"max_hp_loss":0,"event_name":"Colosseum","floor":29,"gold_loss":0},{"damage_healed":0,"gold_gain":0,"player_choice":"Inject Mutagens","damage_taken":0,"relics_obtained":["MutagenicStrength"],"max_hp_gain":0,"max_hp_loss":0,"event_name":"Drug Dealer","floor":31,"gold_loss":0}],"is_beta":false,"boss_relics":[{"not_picked":["Orrery","Velvet Choker"],"picked":"Fusion Hammer"}],"items_purged_floors":[28],"is_endless":false,"potions_floor_spawned":[7,13,16,29],"killed_by":"Automaton","ascension_level":0}