{"gold_per_floor":[119,132,151,226,24,58,73,87,87,87,87,87,98,117,117,217,217,183,20,20,33,33,44,44,58,108,108],"floor_reached":27,"playtime":3564,"items_purged":[],"score":217,"play_id":"8d59066f-01ac-4d69-accd-0f147927c69a","local_time":"20190408222117","is_ascension_mode":false,"campfire_choices":[{"data":"Double Tap","floor":10.0,"key":"SMITH"},{"data":"Flex","floor":12.0,"key":"SMITH"},{"data":"Iron Wave","floor":15.0,"key":"SMITH"},{"data":"Metallicize","floor":24,"key":"SMITH"}],"neow_cost":"NONE","seed_source_timestamp":0,"circlet_count":0,"master_deck":["Strike_R","Strike_R","Strike_R","Strike_R","Strike_R","Defend_R","Defend_R","Defend_R","Defend_R","Bash","Double Tap+1","Iron Wave+1","Shrug It Off","Thunderclap","Entrench","Flex+1","Shrug It Off","Flex","Iron Wave","Juggernaut","Metallicize+1","Deep Breath","Anger","Flex"],"special_seed":0,"relics":["Burning Blood","Membership Card","PreservedInsect","Boot","Lizard Tail","Lee\u0027s Waffle","Juzu Bracelet","Bag of Marbles"],"potions_floor_usage":[],"damage_taken":[{"damage":6.0,"enemies":"Jaw Worm","floor":1.0,"turns":5.0},{"damage":0.0,"enemies":"2 Louse","floor":2.0,"turns":3.0},{"damage":3.0,"enemies":"Small Slimes","floor":3.0,"turns":3.0},{"damage":38.0,"enemies":"3 Sentries","floor":6.0,"turns":11.0},{"damage":7.0,"enemies":"Red Slaver","floor":7.0,"turns":7.0},{"damage":12.0,"enemies":"Gremlin Gang","floor":8.0,"turns":6.0},{"damage":7.0,"enemies":"Blue Slaver","floor":13.0,"turns":3.0},{"damage":5.0,"enemies":"Lots of Slimes","floor":14.0,"turns":4.0},{"damage":36.0,"enemies":"Hexaghost","floor":16.0,"turns":18.0},{"damage":28.0,"enemies":"2 Thieves","floor":18.0,"turns":5.0},{"damage":35.0,"enemies":"Colosseum Slavers","floor":20.0,"turns":6.0},{"damage":24.0,"enemies":"Spheric Guardian","floor":21.0,"turns":10.0},{"damage":43.0,"enemies":"Cultist and Chosen","floor":23.0,"turns":9.0},{"damage":19,"enemies":"3 Cultists","floor":25,"turns":5},{"damage":37,"enemies":"Chosen and Byrds","floor":27,"turns":6}],"seed_played":"8764572097155630885","potions_obtained":[{"floor":2.0,"key":"Ancient Potion"},{"floor":7.0,"key":"PowerPotion"},{"floor":14.0,"key":"Energy Potion"},{"floor":23.0,"key":"SkillPotion"}],"is_trial":false,"path_per_floor":["M","M","M","?","$","E","M","M","T","R","?","R","M","M","R","B",null,"M","$","?","M","?","M","R","M","T","M"],"character_chosen":"IRONCLAD","items_purchased":["Membership Card","Metallicize","Deep Breath","Lee\u0027s Waffle"],"campfire_rested":0,"item_purchase_floors":[5,19,19,19],"current_hp_per_floor":[80,80,80,69,69,37,36,30,30,30,56,56,55,56,56,26,80,58,87,58,40,40,49,49,36,36,0],"gold":108,"neow_bonus":"ONE_RANDOM_RARE_CARD","is_prod":false,"is_daily":false,"chose_seed":false,"campfire_upgraded":4,"win_rate":0.0,"timestamp":1554754877,"path_taken":["M","M","M","?","$","E","M","M","T","R","?","R","M","M","R","BOSS","M","$","?","M","?","M","R","M","T","M"],"build_version":"2019-01-23","purchased_purges":0,"victory":false,"max_hp_per_floor":[80,80,80,80,80,80,80,80,80,80,80,80,80,80,80,80,80,80,87,87,87,87,87,87,87,87,87],"card_choices":[{"not_picked":["Twin Strike","Body Slam"],"picked":"Iron Wave","floor":1.0},{"not_picked":["Shockwave","Clash"],"picked":"Shrug It Off","floor":2.0},{"not_picked":["Pummel","True Grit"],"picked":"Thunderclap","floor":3.0},{"not_picked":["Reaper","Flex"],"picked":"Entrench","floor":6.0},{"not_picked":["Twin Strike","Body Slam"],"picked":"Flex","floor":7.0},{"not_picked":["Twin Strike","Sword Boomerang"],"picked":"Shrug It Off","floor":8.0},{"not_picked":["Second Wind","Perfected Strike"],"picked":"Flex","floor":13.0},{"not_picked":["Heavy Blade","Spot Weakness"],"picked":"Iron Wave","floor":14.0},{"not_picked":["Dark Embrace","Brutality"],"picked":"Juggernaut","floor":16.0},{"not_picked":["Cleave","Heavy Blade","Perfected Strike"],"picked":"SKIP","floor":18.0},{"not_picked":["Flex","Clothesline"],"picked":"Anger","floor":21.0},{"not_picked":["True Grit","Twin Strike"],"picked":"Flex","floor":23.0},{"not_picked":["Cleave","Inflame+1","Clash"],"picked":"SKIP","floor":25}],"player_experience":12360,"relics_obtained":[{"floor":6.0,"key":"PreservedInsect"},{"floor":9.0,"key":"Boot"},{"floor":26,"key":"Bag of Marbles"}],"event_choices":[{"damage_healed":0.0,"max_hp_gain":0.0,"max_hp_loss":0.0,"gold_gain":75.0,"event_name":"World of Goop","player_choice":"Gather Gold","floor":4.0,"gold_loss":0.0,"damage_taken":11.0},{"damage_healed":26.0,"max_hp_gain":0.0,"max_hp_loss":0.0,"gold_gain":0.0,"event_name":"Big Fish","player_choice":"Banana","floor":11.0,"gold_loss":0.0,"damage_taken":0.0},{"damage_healed":0.0,"max_hp_gain":0.0,"max_hp_loss":0.0,"gold_gain":0.0,"event_name":"Colosseum","player_choice":"Fight","floor":20.0,"gold_loss":0.0,"damage_taken":0.0},{"damage_healed":0.0,"max_hp_gain":0.0,"max_hp_loss":0.0,"gold_gain":0.0,"event_name":"Colosseum","player_choice":"Fled From Nobs","floor":20.0,"gold_loss":0.0,"damage_taken":0.0},{"damage_healed":0.0,"max_hp_gain":0.0,"max_hp_loss":0.0,"gold_gain":0.0,"event_name":"WeMeetAgain","player_choice":"Gave Potion","floor":22.0,"gold_loss":0.0,"damage_taken":0.0,"relics_obtained":["Juzu Bracelet"]}],"is_beta":false,"boss_relics":[{"not_picked":["Runic Pyramid","Fusion Hammer"],"picked":"Lizard Tail"}],"items_purged_floors":[],"is_endless":false,"potions_floor_spawned":[2,7,14,20,23],"killed_by":"Chosen and Byrds","ascension_level":0}