{"gold_per_floor":[114,130,130,140,193,193,209,209,209,209,223,223,254,204,204,299,299,309,309,6,6,17,17,33,43,123,123,143,159,159,174,174,174],"floor_reached":33,"playtime":2161,"items_purged":["Strike_R"],"score":249,"play_id":"1f1c0151-080b-4129-9acf-1af629affb01","local_time":"20190503151316","is_ascension_mode":false,"campfire_choices":[{"data":"Bash","floor":6,"key":"SMITH"},{"data":"Heavy Blade","floor":8,"key":"SMITH"},{"data":"Impervious","floor":10,"key":"SMITH"},{"data":"Defend_R","floor":12,"key":"SMITH"},{"data":"Headbutt","floor":15,"key":"SMITH"},{"data":"Bludgeon","floor":23,"key":"SMITH"},{"data":"Corruption","floor":27,"key":"SMITH"},{"data":"RitualDagger","floor":32,"key":"SMITH"}],"neow_cost":"NONE","seed_source_timestamp":18507350899689,"circlet_count":0,"master_deck":["Strike_R","Strike_R","Strike_R","Defend_R","Defend_R","Defend_R","Defend_R+1","Bash+1","Impervious+1","Heavy Blade+1","Warcry+1","Headbutt+1","Bludgeon+1","Metallicize","Corruption+1","Battle Trance+1","Shrug It Off+1","Ghostly Armor+1","RitualDagger+1","Feel No Pain"],"relics":["Burning Blood","Toxic Egg 2","PreservedInsect","Paper Frog","Ornamental Fan","Velvet Choker","Lee\u0027s Waffle","Shuriken"],"potions_floor_usage":[16,33,33,33],"damage_taken":[{"damage":2,"enemies":"2 Louse","floor":1,"turns":3},{"damage":0,"enemies":"Jaw Worm","floor":2,"turns":3},{"damage":0,"enemies":"Small Slimes","floor":4,"turns":3},{"damage":11,"enemies":"Blue Slaver","floor":7,"turns":5},{"damage":13,"enemies":"3 Louse","floor":11,"turns":4},{"damage":14,"enemies":"Gremlin Nob","floor":13,"turns":3},{"damage":26,"enemies":"Slime Boss","floor":16,"turns":14},{"damage":14,"enemies":"Shell Parasite","floor":18,"turns":3},{"damage":17,"enemies":"2 Thieves","floor":22,"turns":4},{"damage":12,"enemies":"Snake Plant","floor":24,"turns":4},{"damage":13,"enemies":"Centurion and Healer","floor":25,"turns":5},{"damage":0,"enemies":"Snecko","floor":28,"turns":3},{"damage":7,"enemies":"Snake Plant","floor":29,"turns":5},{"damage":16,"enemies":"Chosen and Byrds","floor":31,"turns":5},{"damage":94,"enemies":"Automaton","floor":33,"turns":12}],"seed_played":"7159475314432608198","potions_obtained":[{"floor":11,"key":"Energy Potion"},{"floor":13,"key":"Ancient Potion"},{"floor":16,"key":"Strength Potion"},{"floor":25,"key":"Poison Potion"},{"floor":29,"key":"Regen Potion"}],"is_trial":false,"path_per_floor":["M","M","?","M","T","R","M","R","T","R","M","R","E","?","R","B",null,"M","?","$","?","M","R","M","M","T","R","M","M","?","M","R","B"],"character_chosen":"IRONCLAD","items_purchased":["Corruption","Lee\u0027s Waffle"],"campfire_rested":0,"item_purchase_floors":[20,20],"current_hp_per_floor":[80,80,73,79,79,79,74,74,74,74,67,67,59,59,59,39,80,72,57,92,92,81,81,75,68,68,68,74,73,67,57,57,0],"gold":174,"neow_bonus":"ONE_RANDOM_RARE_CARD","is_prod":false,"is_daily":false,"chose_seed":false,"campfire_upgraded":8,"win_rate":0.0,"timestamp":1556889196,"path_taken":["M","M","?","M","?","R","M","R","T","R","M","R","E","?","R","BOSS","M","?","$","?","M","R","M","M","T","R","M","M","?","M","R","BOSS"],"build_version":"2019-01-23","purchased_purges":1,"victory":false,"max_hp_per_floor":[80,80,80,80,80,80,80,80,80,80,80,80,80,80,80,80,80,80,85,92,92,92,92,92,92,92,92,92,92,92,92,92,92],"card_choices":[{"not_picked":["Sword Boomerang","Rage"],"picked":"Heavy Blade","floor":1},{"not_picked":["Whirlwind","Wild Strike","Perfected Strike"],"picked":"SKIP","floor":2},{"not_picked":["Rupture","Pommel Strike","Clothesline"],"picked":"SKIP","floor":4},{"not_picked":["Flex+1","Wild Strike"],"picked":"Warcry+1","floor":7},{"not_picked":["Perfected Strike","Pommel Strike","Clash"],"picked":"SKIP","floor":11},{"not_picked":["Offering+1","Sever Soul"],"picked":"Headbutt","floor":13},{"not_picked":["Feed","Reaper"],"picked":"Bludgeon","floor":16},{"not_picked":["Wild Strike","Flex+1"],"picked":"Metallicize","floor":18},{"not_picked":["Armaments+1","True Grit+1"],"picked":"Battle Trance+1","floor":22},{"not_picked":["Burning Pact+1","Hemokinesis+1"],"picked":"Shrug It Off+1","floor":24},{"not_picked":["Pommel Strike+1","Perfected Strike","Clothesline+1"],"picked":"SKIP","floor":25},{"not_picked":["Second Wind+1","Clothesline"],"picked":"Ghostly Armor+1","floor":28},{"not_picked":["Anger","Clothesline+1","Thunderclap"],"picked":"SKIP","floor":29},{"not_picked":["Wild Strike+1","Immolate"],"picked":"Feel No Pain","floor":31}],"player_experience":125918,"relics_obtained":[{"floor":5,"key":"PreservedInsect"},{"floor":9,"key":"Paper Frog"},{"floor":13,"key":"Ornamental Fan"},{"floor":26,"key":"Shuriken"}],"event_choices":[{"damage_healed":0,"gold_gain":0,"player_choice":"Success","damage_taken":7,"relics_obtained":["Toxic Egg 2"],"max_hp_gain":0,"max_hp_loss":0,"event_name":"Scrap Ooze","floor":3,"gold_loss":0},{"cards_removed":["Strike_R"],"damage_healed":0,"gold_gain":0,"player_choice":"Card Removal","damage_taken":0,"max_hp_gain":0,"max_hp_loss":0,"event_name":"The Cleric","floor":14,"gold_loss":50},{"damage_healed":0,"gold_gain":0,"player_choice":"Shed Blood","damage_taken":20,"max_hp_gain":5,"max_hp_loss":0,"event_name":"Forgotten Altar","floor":19,"gold_loss":0},{"damage_healed":0,"gold_gain":0,"player_choice":"Ignored","damage_taken":0,"max_hp_gain":0,"max_hp_loss":0,"event_name":"Vampires","floor":21,"gold_loss":0},{"damage_healed":0,"gold_gain":0,"player_choice":"Joined the Cult","damage_taken":6,"max_hp_gain":0,"max_hp_loss":0,"event_name":"Nest","floor":30,"gold_loss":0,"cards_obtained":["RitualDagger"]}],"is_beta":false,"boss_relics":[{"not_picked":["Lizard Tail","Ectoplasm"],"picked":"Velvet Choker"}],"items_purged_floors":[20],"is_endless":false,"potions_floor_spawned":[11,13,16,25,29,31],"killed_by":"Automaton","ascension_level":0}