{"gold_per_floor":[119,394,406,424,424,457,471,471,540,540],"floor_reached":10,"playtime":498,"items_purged":[],"score":68,"play_id":"6cbcfdd2-d24c-400d-a7df-ab3116edb726","local_time":"20181217182150","is_ascension_mode":false,"campfire_choices":[{"floor":8,"key":"REST"}],"neow_cost":"NONE","seed_source_timestamp":129496809045915,"circlet_count":0,"master_deck":["Strike_R","Strike_R","Strike_R","Strike_R","Strike_R","Defend_R","Defend_R","Defend_R","Defend_R","Bash","Infernal Blade","Regret","Seeing Red","Inflame","Uppercut"],"relics":["Burning Blood","Pen Nib","Ginger","Bottled Lightning"],"potions_floor_usage":[7],"damage_taken":[{"damage":6,"enemies":"2 Louse","floor":1,"turns":3},{"damage":9,"enemies":"Cultist","floor":3,"turns":3},{"damage":9,"enemies":"Small Slimes","floor":4,"turns":4},{"damage":50,"enemies":"Gremlin Nob","floor":6,"turns":5},{"damage":5,"enemies":"Looter","floor":7,"turns":3},{"damage":63,"enemies":"The Mushroom Lair","floor":10,"turns":5}],"seed_played":"4596501427190826894","potions_obtained":[{"floor":0,"key":"SmokeBomb"},{"floor":0,"key":"PowerPotion"},{"floor":0,"key":"Block Potion"},{"floor":6,"key":"EntropicBrew"},{"floor":7,"key":"Fruit Juice"}],"is_trial":false,"path_per_floor":["M","?","M","M","T","E","M","R","T","?"],"character_chosen":"IRONCLAD","items_purchased":[],"campfire_rested":1,"item_purchase_floors":[],"current_hp_per_floor":[80,80,77,74,74,30,36,61,61,0],"gold":540,"neow_bonus":"THREE_SMALL_POTIONS","is_prod":false,"is_daily":false,"chose_seed":false,"campfire_upgraded":0,"win_rate":0,"timestamp":1545099710,"path_taken":["M","?","?","M","?","E","M","R","T","?"],"build_version":"2018-12-13","purchased_purges":0,"victory":false,"max_hp_per_floor":[80,80,80,80,80,80,85,85,85,85],"card_choices":[{"not_picked":["Headbutt","Evolve"],"picked":"Infernal Blade","floor":1},{"not_picked":["Twin Strike","Combust"],"picked":"Seeing Red","floor":3},{"not_picked":["True Grit","Corruption","Bloodletting"],"picked":"SKIP","floor":4},{"not_picked":["Headbutt","Reckless Charge"],"picked":"Inflame","floor":6},{"not_picked":["Cleave","Havoc"],"picked":"Uppercut","floor":7}],"player_experience":292081,"relics_obtained":[{"floor":5,"key":"Pen Nib"},{"floor":6,"key":"Ginger"},{"floor":9,"key":"Bottled Lightning"}],"event_choices":[{"damage_healed":0,"gold_gain":275,"player_choice":"Desecrate","damage_taken":0,"max_hp_gain":0,"max_hp_loss":0,"event_name":"Golden Shrine","floor":2,"gold_loss":0,"cards_obtained":["Regret"]},{"damage_healed":0,"gold_gain":0,"player_choice":"Fought Mushrooms","damage_taken":0,"max_hp_gain":0,"max_hp_loss":0,"event_name":"Mushrooms","floor":10,"gold_loss":0}],"is_beta":false,"boss_relics":[],"items_purged_floors":[],"is_endless":false,"potions_floor_spawned":[1,6,7],"killed_by":"The Mushroom Lair","ascension_level":0}