{"gold_per_floor":[111,131,141,199,5,5,17,45,45,45,45,45],"floor_reached":12,"playtime":66200,"items_purged":[],"score":82,"play_id":"9402f239-a883-4186-84fc-9f476b873031","local_time":"20190430172856","is_ascension_mode":true,"campfire_choices":[{"data":"Heavy Blade","floor":6,"key":"SMITH"},{"floor":10,"key":"REST"}],"neow_cost":"NONE","seed_source_timestamp":214496984349347,"circlet_count":0,"master_deck":["Strike_R","Strike_R","Strike_R","Strike_R","Strike_R","Defend_R","Defend_R","Defend_R","Defend_R","Bash","Heavy Blade+1","Pommel Strike","Cleave","Flex","Anger","Parasite"],"relics":["Burning Blood","NeowsBlessing","Happy Flower","Pantograph","Mercury Hourglass"],"potions_floor_usage":[8],"damage_taken":[{"damage":0,"enemies":"Jaw Worm","floor":1,"turns":1},{"damage":0,"enemies":"Small Slimes","floor":2,"turns":1},{"damage":0,"enemies":"2 Louse","floor":3,"turns":1},{"damage":12,"enemies":"Blue Slaver","floor":7,"turns":3},{"damage":40,"enemies":"Lagavulin","floor":8,"turns":4},{"damage":13,"enemies":"Lots of Slimes","floor":12,"turns":2}],"seed_played":"-2194875518275371251","potions_obtained":[{"floor":2,"key":"Block Potion"},{"floor":7,"key":"Strength Potion"},{"floor":8,"key":"Energy Potion"}],"is_trial":false,"path_per_floor":["M","M","M","?","$","R","M","E","T","R","?","M"],"character_chosen":"IRONCLAD","items_purchased":["Happy Flower","Cleave"],"campfire_rested":1,"item_purchase_floors":[5,5],"current_hp_per_floor":[80,80,80,80,80,80,74,40,40,64,80,67],"gold":45,"neow_bonus":"THREE_ENEMY_KILL","is_prod":false,"is_daily":false,"chose_seed":false,"campfire_upgraded":1,"win_rate":0,"timestamp":1556670536,"path_taken":["M","M","M","?","$","R","M","E","T","R","?","M"],"build_version":"2019-01-23","purchased_purges":0,"victory":false,"max_hp_per_floor":[80,80,80,80,80,80,80,80,80,80,80,80],"card_choices":[{"not_picked":["True Grit","Clothesline"],"picked":"Heavy Blade","floor":1},{"not_picked":["Wild Strike","Iron Wave"],"picked":"Pommel Strike","floor":2},{"not_picked":["Sentinel","Hemokinesis","Wild Strike"],"picked":"SKIP","floor":3},{"not_picked":["Uppercut","Body Slam"],"picked":"Flex","floor":7},{"not_picked":["Evolve","Rupture"],"picked":"Anger","floor":8}],"player_experience":453099,"relics_obtained":[{"floor":8,"key":"Pantograph"},{"floor":9,"key":"Mercury Hourglass"}],"event_choices":[{"damage_healed":0,"gold_gain":58,"player_choice":"Gained Gold","damage_taken":0,"max_hp_gain":0,"max_hp_loss":0,"event_name":"Golden Wing","floor":4,"gold_loss":0},{"damage_healed":20,"gold_gain":0,"player_choice":"Healed and dodged fight","damage_taken":0,"max_hp_gain":0,"max_hp_loss":0,"event_name":"Mushrooms","floor":11,"gold_loss":0,"cards_obtained":["Parasite"]}],"is_beta":false,"boss_relics":[],"items_purged_floors":[],"is_endless":false,"potions_floor_spawned":[2,7,8],"killed_by":"Lots of Slimes","ascension_level":1}