{"gold_per_floor":[116,116,116,116,116,140,166,166,166,6,45,63,63,78,78,78],"floor_reached":16,"playtime":672,"items_purged":[],"score":196,"play_id":"d89ed83a-7b6e-4610-a59a-0c480ec4a0de","local_time":"20190401011225","is_ascension_mode":true,"campfire_choices":[{"data":"Unload","floor":8,"key":"SMITH"},{"data":"Neutralize","floor":13,"key":"SMITH"},{"floor":15,"key":"REST"}],"neow_cost":"PERCENT_DAMAGE","seed_source_timestamp":2003685721218606,"circlet_count":0,"master_deck":["AscendersBane","Defend_G","Defend_G","Defend_G","Defend_G","Defend_G","Strike_G","Strike_G","Strike_G","Strike_G","Strike_G","Survivor","Neutralize+1","Unload+1","Poisoned Stab","Endless Agony","Infinite Blades","Cloak And Dagger","Dagger Spray"],"relics":["Ring of the Snake","Potion Belt","Golden Idol","Dream Catcher","Bronze Scales","PreservedInsect","Question Card"],"potions_floor_usage":[16,16],"damage_taken":[{"damage":0,"enemies":"2 Louse","floor":1,"turns":3},{"damage":3,"enemies":"Small Slimes","floor":6,"turns":3},{"damage":6,"enemies":"Gremlin Nob","floor":11,"turns":3},{"damage":2,"enemies":"Jaw Worm","floor":12,"turns":3},{"damage":0,"enemies":"2 Fungi Beasts","floor":14,"turns":3},{"damage":48,"enemies":"Slime Boss","floor":16,"turns":7}],"seed_played":"-2710153231842477623","potions_obtained":[{"floor":6,"key":"Energy Potion"},{"floor":12,"key":"PowerPotion"}],"is_trial":false,"path_per_floor":["M","?","?","?","?","M","T","R","T","$","E","M","R","M","R","B"],"character_chosen":"THE_SILENT","items_purchased":["PreservedInsect"],"campfire_rested":1,"item_purchase_floors":[10],"current_hp_per_floor":[44,18,18,40,40,37,37,37,37,37,31,29,29,29,47,0],"gold":78,"neow_bonus":"THREE_RARE_CARDS","is_prod":false,"is_daily":false,"chose_seed":false,"campfire_upgraded":2,"win_rate":0,"timestamp":1554077545,"path_taken":["M","?","?","?","?","M","?","R","T","?","E","?","R","M","R","BOSS"],"build_version":"2019-01-23","purchased_purges":0,"victory":false,"max_hp_per_floor":[66,66,66,66,60,60,60,60,60,60,60,60,60,60,60,60],"card_choices":[{"not_picked":["Venomology","Malaise"],"picked":"Unload","floor":0},{"not_picked":["Blade Dance","Finisher","Slice"],"picked":"SKIP","floor":1},{"not_picked":["Sucker Punch","Bouncing Flask"],"picked":"Poisoned Stab","floor":6},{"not_picked":["Eviscerate","Concentrate"],"picked":"Endless Agony","floor":11},{"not_picked":["Backflip","Flying Knee","Poisoned Stab"],"picked":"Infinite Blades","floor":12},{"not_picked":["Blade Dance","Quick Slash","Poisoned Stab"],"picked":"Cloak And Dagger","floor":14},{"not_picked":["Leg Sweep","Quick Slash","Riddle With Holes"],"picked":"Dagger Spray","floor":15}],"player_experience":1556948,"relics_obtained":[{"floor":7,"key":"Dream Catcher"},{"floor":9,"key":"Bronze Scales"},{"floor":11,"key":"Question Card"}],"event_choices":[{"damage_healed":0,"gold_gain":0,"player_choice":"Success","damage_taken":26,"relics_obtained":["Potion Belt"],"max_hp_gain":0,"max_hp_loss":0,"event_name":"Scrap Ooze","floor":2,"gold_loss":0},{"damage_healed":0,"gold_gain":0,"player_choice":"Ignored","damage_taken":0,"max_hp_gain":0,"max_hp_loss":0,"event_name":"Liars Game","floor":3,"gold_loss":0},{"damage_healed":22,"gold_gain":0,"player_choice":"Banana","damage_taken":0,"max_hp_gain":0,"max_hp_loss":0,"event_name":"Big Fish","floor":4,"gold_loss":0},{"damage_healed":0,"gold_gain":0,"player_choice":"Lose Max HP","damage_taken":0,"relics_obtained":["Golden Idol"],"max_hp_gain":0,"max_hp_loss":6,"event_name":"Golden Idol","floor":5,"gold_loss":0}],"is_beta":false,"boss_relics":[],"items_purged_floors":[],"is_endless":false,"potions_floor_spawned":[6,12],"killed_by":"Slime Boss","ascension_level":20}