{"gold_per_floor":[118,70,81,93,106,106,165,165,165,180,194,210,21,21,21,21],"floor_reached":16,"playtime":710,"items_purged":[],"score":94,"play_id":"4b90382a-1c89-4b50-a662-0866e7200d7f","local_time":"20180824225605","is_ascension_mode":false,"campfire_choices":[{"floor":6,"key":"REST"},{"floor":8,"key":"REST"},{"floor":15,"key":"REST"}],"neow_cost":"","seed_source_timestamp":902080639586183,"circlet_count":0,"master_deck":["Defend_G","Defend_G","Defend_G","Defend_G","Defend_G","Strike_G","Strike_G","Strike_G","Strike_G","Strike_G","Survivor","Neutralize","Sucker Punch","Skewer","Unload","Backstab","Dash","All Out Attack","Predator","Eviscerate","Dodge and Roll","Infinite Blades"],"relics":["Ring of the Snake","Incense Burner","Letter Opener","Blood Vial"],"potions_floor_usage":[],"damage_taken":[{"damage":8,"enemies":"Jaw Worm","floor":1,"turns":8},{"damage":0,"enemies":"Small Slimes","floor":3,"turns":3},{"damage":9,"enemies":"2 Louse","floor":4,"turns":3},{"damage":9,"enemies":"Blue Slaver","floor":5,"turns":3},{"damage":9,"enemies":"Gremlin Nob","floor":7,"turns":4},{"damage":0,"enemies":"3 Louse","floor":10,"turns":2},{"damage":6,"enemies":"Exordium Thugs","floor":11,"turns":3},{"damage":11,"enemies":"Lots of Slimes","floor":12,"turns":3},{"damage":57,"enemies":"Hexaghost","floor":16,"turns":14}],"seed_played":"6955661533107684439","potions_obtained":[{"floor":4,"key":"EntropicBrew"},{"floor":7,"key":"GhostInAJar"},{"floor":7,"key":"Dexterity Potion"}],"is_trial":false,"path_per_floor":["M","$","M","M","M","R","?","R","T","M","M","M","$","?","R"],"character_chosen":"THE_SILENT","items_purchased":["Fire Potion","Eviscerate","Dodge and Roll","Infinite Blades"],"campfire_rested":3,"item_purchase_floors":[2,13,13,13],"current_hp_per_floor":[62,62,62,53,44,65,56,70,70,70,64,53,53,35,56,1],"gold":21,"neow_bonus":"","is_prod":false,"is_daily":false,"chose_seed":false,"campfire_upgraded":0,"win_rate":0.0,"timestamp":1535176565,"path_taken":["M","$","M","M","M","R","?","R","T","?","M","M","$","?","R","BOSS"],"build_version":"2018-08-23v2","purchased_purges":0,"victory":false,"max_hp_per_floor":[70,70,70,70,70,70,70,70,70,70,70,70,70,70,70,70],"card_choices":[{"not_picked":["Poisoned Stab","Slice"],"picked":"Sucker Punch","floor":1},{"not_picked":["Finisher","Bane"],"picked":"Skewer","floor":3},{"not_picked":["Finisher","Dagger Throw"],"picked":"Unload","floor":4},{"not_picked":["Backflip","Footwork"],"picked":"Backstab","floor":5},{"not_picked":["Crippling Poison","Catalyst"],"picked":"Dash","floor":7},{"not_picked":["Backflip","Caltrops"],"picked":"All Out Attack","floor":10},{"not_picked":["Backflip","Finisher"],"picked":"Predator","floor":11},{"not_picked":["Crippling Poison","Acrobatics","Catalyst"],"picked":"SKIP","floor":12}],"player_experience":39115,"relics_obtained":[{"floor":9,"key":"Letter Opener"}],"event_choices":[{"event_name":"Dead Adventurer","player_choice":"Searched \u00273\u0027 times","floor":7,"damage_taken":0},{"event_name":"Scrap Ooze","player_choice":"success","floor":14,"damage_taken":18}],"is_beta":false,"boss_relics":[],"items_purged_floors":[],"is_endless":false,"potions_floor_spawned":[4,7,7,10,11],"killed_by":"Hexaghost","ascension_level":0}