{"gold_per_floor":[118,118,132,49,68,68,94,113,113,113,131,306,306,7,7,111,111,127,146,146,146,156,156,176,193,220,235,235,266,15,15,15,15],"floor_reached":33,"playtime":1629,"items_purged":["Doubt"],"score":317,"play_id":"84bd6e8a-c93f-485c-a191-e5018005f716","local_time":"20181214185235","is_ascension_mode":false,"campfire_choices":[{"floor":6,"key":"RECALL"},{"floor":15,"key":"REST"},{"floor":23,"key":"REST"},{"floor":28,"key":"REST"},{"floor":32,"key":"REST"}],"neow_cost":"NONE","seed_source_timestamp":164479456813453,"circlet_count":0,"master_deck":["Strike_R","Strike_R","Strike_R","Strike_R","Strike_R","Defend_R","Defend_R","Defend_R","Defend_R","Bash","Inflame","Anger","Flex","Fire Breathing+1","Fire Breathing","Clash","Anger","Flex","Whirlwind","Bludgeon","Battle Trance","Metallicize","Anger","Searing Blow+1","Warcry+1","Heavy Blade","Metallicize"],"relics":["Burning Blood","NeowsBlessing","Blood Vial","StoneCalendar","Strawberry","White Beast Statue","Unceasing Top","Oddly Smooth Stone","Bird Faced Urn","Mummified Hand"],"potions_floor_usage":[8,16,19,25,25,27,27,29,29,29,29,33],"damage_taken":[{"damage":0,"enemies":"Cultist","floor":1,"turns":1},{"damage":0,"enemies":"Jaw Worm","floor":3,"turns":1},{"damage":0,"enemies":"2 Louse","floor":5,"turns":1},{"damage":55,"enemies":"Lagavulin","floor":7,"turns":8},{"damage":13,"enemies":"Large Slime","floor":8,"turns":5},{"damage":14,"enemies":"Blue Slaver","floor":11,"turns":4},{"damage":0,"enemies":"Slime Boss","floor":16,"turns":6},{"damage":5,"enemies":"Chosen","floor":18,"turns":4},{"damage":20,"enemies":"Spheric Guardian","floor":19,"turns":4},{"damage":48,"enemies":"Centurion and Healer","floor":22,"turns":7},{"damage":31,"enemies":"Sentry and Sphere","floor":24,"turns":5},{"damage":15,"enemies":"Snecko","floor":25,"turns":3},{"damage":42,"enemies":"Snake Plant","floor":27,"turns":5},{"damage":21,"enemies":"Gremlin Leader","floor":29,"turns":2},{"damage":71,"enemies":"Automaton","floor":33,"turns":6}],"seed_played":"288784275883927053","potions_obtained":[{"floor":1,"key":"Dexterity Potion"},{"floor":5,"key":"BloodPotion"},{"floor":11,"key":"AttackPotion"},{"floor":18,"key":"Dexterity Potion"},{"floor":19,"key":"BloodPotion"},{"floor":22,"key":"FearPotion"},{"floor":24,"key":"Regen Potion"},{"floor":25,"key":"SkillPotion"},{"floor":27,"key":"EntropicBrew"},{"floor":29,"key":"FearPotion"}],"is_trial":false,"path_per_floor":["M","?","M","$","M","R","E","M","T","?","M","?","?","$","R","B",null,"M","M","?","?","M","R","M","M","T","M","R","E","$","?","R","B"],"character_chosen":"IRONCLAD","items_purchased":["Flex","Fire Breathing","Strawberry","Whirlwind","Mummified Hand"],"campfire_rested":4,"item_purchase_floors":[4,4,14,14,30],"current_hp_per_floor":[80,80,80,80,80,80,31,34,34,34,28,28,16,23,49,57,87,87,73,73,73,33,59,36,38,38,12,38,25,25,25,51,0],"gold":15,"neow_bonus":"THREE_ENEMY_KILL","is_prod":false,"is_daily":false,"chose_seed":false,"campfire_upgraded":0,"win_rate":0,"timestamp":1544842355,"path_taken":["M","?","M","$","M","R","E","M","T","?","?","?","?","?","R","BOSS","M","M","?","?","M","R","M","?","T","M","R","E","$","?","R","BOSS"],"build_version":"2018-12-13","purchased_purges":1,"victory":false,"max_hp_per_floor":[80,80,80,80,80,80,80,80,80,80,80,80,80,87,87,87,87,87,87,87,87,87,87,87,87,87,87,87,87,87,87,87,87],"card_choices":[{"not_picked":["Entrench","Shrug It Off"],"picked":"Inflame","floor":1},{"not_picked":["Flame Barrier","Corruption"],"picked":"Anger","floor":3},{"not_picked":["Body Slam","Cleave"],"picked":"Fire Breathing","floor":5},{"not_picked":["Dark Embrace","Combust"],"picked":"Clash","floor":7},{"not_picked":["Entrench","Body Slam"],"picked":"Anger","floor":8},{"not_picked":["Cleave","Shrug It Off"],"picked":"Flex","floor":11},{"not_picked":["Brutality","Offering"],"picked":"Bludgeon","floor":16},{"not_picked":["Corruption+1","Dropkick"],"picked":"Battle Trance","floor":18},{"not_picked":["Seeing Red","Power Through"],"picked":"Metallicize","floor":19},{"not_picked":["Iron Wave","Havoc"],"picked":"Anger","floor":22},{"not_picked":["Second Wind","Pommel Strike"],"picked":"Searing Blow+1","floor":24},{"not_picked":["Intimidate","Shrug It Off"],"picked":"Warcry+1","floor":25},{"not_picked":["Shrug It Off+1","Clothesline"],"picked":"Heavy Blade","floor":27},{"not_picked":["Clash","Thunderclap+1"],"picked":"Metallicize","floor":29}],"player_experience":261824,"relics_obtained":[{"floor":7,"key":"Blood Vial"},{"floor":26,"key":"Oddly Smooth Stone"},{"floor":29,"key":"Bird Faced Urn"}],"event_choices":[{"damage_healed":0,"gold_gain":0,"player_choice":"Ignored","damage_taken":0,"max_hp_gain":0,"max_hp_loss":0,"event_name":"Golden Wing","floor":2,"gold_loss":0},{"damage_healed":0,"gold_gain":0,"player_choice":"Forge","damage_taken":0,"max_hp_gain":0,"max_hp_loss":0,"event_name":"Accursed Blacksmith","floor":10,"gold_loss":0,"cards_upgraded":["Fire Breathing"]},{"damage_healed":0,"gold_gain":175,"player_choice":"AGREE","damage_taken":0,"max_hp_gain":0,"max_hp_loss":0,"event_name":"Liars Game","floor":12,"gold_loss":0,"cards_obtained":["Doubt"]},{"damage_healed":0,"gold_gain":0,"player_choice":"Success","damage_taken":12,"relics_obtained":["StoneCalendar"],"max_hp_gain":0,"max_hp_loss":0,"event_name":"Scrap Ooze","floor":13,"gold_loss":0},{"damage_healed":0,"gold_gain":0,"player_choice":"Opened","damage_taken":0,"relics_obtained":["Unceasing Top"],"max_hp_gain":0,"max_hp_loss":0,"event_name":"The Mausoleum","floor":20,"gold_loss":0},{"damage_healed":0,"gold_gain":0,"player_choice":"Ignored","damage_taken":0,"max_hp_gain":0,"max_hp_loss":0,"event_name":"NoteForYourself","floor":21,"gold_loss":0},{"damage_healed":0,"gold_gain":0,"player_choice":"Ignored","damage_taken":0,"max_hp_gain":0,"max_hp_loss":0,"event_name":"Purifier","floor":31,"gold_loss":0}],"is_beta":false,"boss_relics":[{"not_picked":["Coffee Dripper","Pandora\u0027s Box"],"picked":"White Beast Statue"}],"items_purged_floors":[14],"is_endless":false,"potions_floor_spawned":[1,5,11,18,19,22,24,25,27,29],"killed_by":"Automaton","ascension_level":0}