{"gold_per_floor":[117,133,149,68,80,80,93,93,93,112,112,129,140,201,201,201],"floor_reached":16,"playtime":1151,"items_purged":[],"score":96,"play_id":"36ff2bbd-8bc1-4924-be3a-4a0906767d65","local_time":"20190504102631","is_ascension_mode":false,"campfire_choices":[{"data":"Reprogram","floor":6,"key":"SMITH"},{"data":"Zap","floor":8,"key":"SMITH"},{"data":"Creative AI","floor":11,"key":"SMITH"},{"data":"Loop","floor":15,"key":"SMITH"}],"neow_cost":"NONE","seed_source_timestamp":63993929287454,"circlet_count":0,"master_deck":["Strike_B","Strike_B","Strike_B","Strike_B","Defend_B","Defend_B","Defend_B","Defend_B","Zap+1","Dualcast","Genetic Algorithm","FTL","Force Field","Reprogram+1","Loop+1","Creative AI+1"],"relics":["Cracked Core","NeowsBlessing","Du-Vu Doll","Pocketwatch"],"potions_floor_usage":[5,12,12,14,16],"damage_taken":[{"damage":0,"enemies":"Cultist","floor":1,"turns":1},{"damage":0,"enemies":"Small Slimes","floor":2,"turns":1},{"damage":0,"enemies":"Jaw Worm","floor":3,"turns":1},{"damage":11,"enemies":"Lots of Slimes","floor":5,"turns":4},{"damage":5,"enemies":"Looter","floor":7,"turns":4},{"damage":0,"enemies":"2 Fungi Beasts","floor":10,"turns":4},{"damage":6,"enemies":"Exordium Wildlife","floor":12,"turns":5},{"damage":5,"enemies":"Blue Slaver","floor":13,"turns":4},{"damage":46,"enemies":"Lagavulin Event","floor":14,"turns":7},{"damage":30,"enemies":"Slime Boss","floor":16,"turns":3}],"seed_played":"7702153727464411619","potions_obtained":[{"floor":1,"key":"Fire Potion"},{"floor":3,"key":"LiquidBronze"},{"floor":10,"key":"Fruit Juice"},{"floor":12,"key":"Regen Potion"},{"floor":13,"key":"Poison Potion"}],"is_trial":false,"path_per_floor":["M","M","M","$","M","R","M","R","T","M","R","M","M","?","R","B"],"character_chosen":"DEFECT","items_purchased":["Force Field"],"campfire_rested":0,"item_purchase_floors":[4],"current_hp_per_floor":[75,75,75,75,64,64,59,59,59,59,59,58,53,21,21,0],"gold":201,"neow_bonus":"THREE_ENEMY_KILL","is_prod":false,"is_daily":false,"chose_seed":false,"campfire_upgraded":4,"win_rate":0.0,"timestamp":1556958391,"path_taken":["M","M","M","$","?","R","M","R","T","M","R","M","M","?","R","BOSS"],"build_version":"2019-01-23","purchased_purges":0,"victory":false,"max_hp_per_floor":[75,75,75,75,75,75,75,75,75,75,75,80,80,80,80,80],"card_choices":[{"not_picked":["Turbo","Cold Snap"],"picked":"Genetic Algorithm","floor":1},{"not_picked":["Steam","Compile Driver","Cold Snap"],"picked":"SKIP","floor":2},{"not_picked":["Steam","Cold Snap"],"picked":"FTL","floor":3},{"not_picked":["Aggregate","Coolheaded"],"picked":"Reprogram","floor":5},{"not_picked":["Barrage","Auto Shields"],"picked":"Loop","floor":7},{"not_picked":["Conserve Battery","Sunder"],"picked":"Creative AI","floor":10},{"not_picked":["Rebound","Beam Cell","Coolheaded"],"picked":"SKIP","floor":12},{"not_picked":["Barrage","Streamline","Aggregate"],"picked":"SKIP","floor":13}],"player_experience":161006,"relics_obtained":[{"floor":9,"key":"Du-Vu Doll"},{"floor":14,"key":"Pocketwatch"}],"event_choices":[{"damage_healed":0,"gold_gain":30,"player_choice":"Searched \u00272\u0027 times","damage_taken":0,"max_hp_gain":0,"max_hp_loss":0,"event_name":"Dead Adventurer","floor":14,"gold_loss":0}],"is_beta":false,"boss_relics":[],"items_purged_floors":[],"is_endless":false,"potions_floor_spawned":[1,3,10,12,13],"killed_by":"Slime Boss","ascension_level":0}