{"gold_per_floor":[364,364,2,13,288,288,308,334,387,405,40,57,57,57,57,155,155,174,189,189,189,189],"floor_reached":22,"playtime":1414,"items_purged":[],"score":284,"play_id":"75221a8e-422f-4a37-9d9a-b3a601d1c8a6","local_time":"20181208134629","is_ascension_mode":false,"campfire_choices":[{"data":"Backstab","floor":6,"key":"SMITH"},{"floor":13,"key":"REST"},{"floor":15,"key":"REST"}],"neow_cost":"TEN_PERCENT_HP_LOSS","seed_source_timestamp":314467761747900,"circlet_count":0,"master_deck":["Defend_G","Defend_G","Defend_G","Defend_G","Strike_G","Strike_G","Strike_G","Strike_G+1","Strike_G+1","Survivor","Neutralize","Dagger Spray","Backstab+1","Good Instincts","Riddle With Holes","Regret","Cloak And Dagger","Deadly Poison","Backstab","Transmutation","Blur","Parasite","After Image","Pain","Decay","Pain","Poisoned Stab","Poisoned Stab"],"relics":["Ring of the Snake","ClockworkSouvenir","Whetstone","Bronze Scales","TwistedFunnel","Calling Bell","Snake Skull","Dodecahedron","Dead Branch","Art of War"],"potions_floor_usage":[8,8,8,16],"damage_taken":[{"damage":0,"enemies":"Jaw Worm","floor":1,"turns":5},{"damage":0,"enemies":"Cultist","floor":4,"turns":3},{"damage":0,"enemies":"Small Slimes","floor":7,"turns":2},{"damage":24,"enemies":"3 Sentries","floor":8,"turns":7},{"damage":2,"enemies":"3 Louse","floor":10,"turns":2},{"damage":16,"enemies":"Large Slime","floor":12,"turns":3},{"damage":6,"enemies":"Slime Boss","floor":16,"turns":8},{"damage":3,"enemies":"2 Thieves","floor":18,"turns":2},{"damage":30,"enemies":"Spheric Guardian","floor":19,"turns":8},{"damage":30,"enemies":"Shelled Parasite and Fungi","floor":22,"turns":3}],"seed_played":"5081800844712470124","potions_obtained":[{"floor":7,"key":"EntropicBrew"},{"floor":21,"key":"Ancient Potion"},{"floor":21,"key":"Energy Potion"},{"floor":21,"key":"PowerPotion"}],"is_trial":false,"path_per_floor":["M","?","$","M","?","R","M","E","T","M","$","M","R","?","R","B",null,"M","M","?","?","M"],"character_chosen":"THE_SILENT","items_purchased":["ClockworkSouvenir","Backstab","Good Instincts","TwistedFunnel","Transmutation"],"campfire_rested":2,"item_purchase_floors":[3,3,3,11,11],"current_hp_per_floor":[63,63,63,63,63,63,63,39,39,37,37,21,39,54,63,57,63,60,30,30,30,0],"gold":189,"neow_bonus":"TWO_FIFTY_GOLD","is_prod":false,"is_daily":false,"chose_seed":false,"campfire_upgraded":1,"win_rate":0.0,"timestamp":1544305589,"path_taken":["M","?","?","M","?","R","?","E","T","M","$","?","R","?","R","BOSS","M","M","?","?","?"],"build_version":"2018-12-06","purchased_purges":0,"victory":false,"max_hp_per_floor":[63,63,63,63,63,63,63,63,63,63,63,63,63,63,63,63,63,63,63,63,63,63],"card_choices":[{"not_picked":["Flying Knee","Leg Sweep"],"picked":"Dagger Spray","floor":1},{"not_picked":["Outmaneuver","Blade Dance"],"picked":"Riddle With Holes","floor":4},{"not_picked":["Outmaneuver","Quick Slash"],"picked":"Cloak And Dagger","floor":7},{"not_picked":["Dagger Throw","Expertise"],"picked":"Deadly Poison","floor":8},{"not_picked":["Deflect","Dash"],"picked":"Backstab","floor":10},{"not_picked":["Expertise","Blade Dance"],"picked":"Blur","floor":12},{"not_picked":["Phantasmal Killer","Tools of the Trade"],"picked":"After Image","floor":16},{"not_picked":["Bane","Blade Dance"],"picked":"Poisoned Stab","floor":18},{"not_picked":["Acrobatics","Deflect+1"],"picked":"Poisoned Stab","floor":19}],"player_experience":170905,"relics_obtained":[{"floor":8,"key":"Whetstone"},{"floor":9,"key":"Bronze Scales"},{"floor":17,"key":"Snake Skull"},{"floor":17,"key":"Dodecahedron"},{"floor":17,"key":"Dead Branch"}],"event_choices":[{"cards_removed":["Defend_G"],"damage_healed":0,"gold_gain":0,"player_choice":"Purged","damage_taken":0,"max_hp_gain":0,"max_hp_loss":0,"event_name":"Purifier","floor":2,"gold_loss":0},{"damage_healed":0,"gold_gain":275,"player_choice":"Desecrate","damage_taken":0,"max_hp_gain":0,"max_hp_loss":0,"event_name":"Golden Shrine","floor":5,"gold_loss":0,"cards_obtained":["Regret"]},{"damage_healed":15,"gold_gain":0,"player_choice":"Healed and dodged fight","damage_taken":0,"max_hp_gain":0,"max_hp_loss":0,"event_name":"Mushrooms","floor":14,"gold_loss":0,"cards_obtained":["Parasite"]},{"damage_healed":0,"gold_gain":0,"player_choice":"Opened","damage_taken":0,"relics_obtained":["Art of War"],"max_hp_gain":0,"max_hp_loss":0,"event_name":"The Mausoleum","floor":20,"gold_loss":0},{"damage_healed":0,"gold_gain":0,"player_choice":"Got Potions","damage_taken":0,"max_hp_gain":0,"max_hp_loss":0,"event_name":"Lab","floor":21,"gold_loss":0}],"is_beta":false,"boss_relics":[{"not_picked":["Philosopher\u0027s Stone","Black Star"],"picked":"Calling Bell"}],"items_purged_floors":[],"is_endless":false,"potions_floor_spawned":[7],"killed_by":"Shelled Parasite and Fungi","ascension_level":0}