{"gold_per_floor":[114,15,30,105,28,58,58,58,83,148,148,163,96,426,426,526,526,541,511],"floor_reached":19,"playtime":759,"items_purged":[],"score":175,"play_id":"5192a9d8-0111-4046-91ce-a7f59c293b14","local_time":"20181214202155","daily_mods":["Shiny","ControlledChaos","Elite Swarm"],"is_ascension_mode":false,"campfire_choices":[{"floor":7,"key":"REST"},{"floor":11,"key":"REST"},{"floor":15,"key":"REST"}],"neow_cost":"","seed_source_timestamp":0,"circlet_count":0,"master_deck":["Multi-Cast","Hyperbeam","Thunder Strike","Biased Cognition","Machine Learning","Electrodynamics","Buffer","Rainbow","Seek","Meteor Strike","Echo Form","All For One","Reboot","Amplify","Fission","Core Surge","Reinforced Body","Loop","Conserve Battery","Defragment","Buffer","Genetic Algorithm+1"],"special_seed":17880,"relics":["Cracked Core","Frozen Eye","Shovel","SsserpentHead","Boot","Old Coin","Empty Cage"],"potions_floor_usage":[14,14,16],"damage_taken":[{"damage":11.0,"enemies":"Jaw Worm","floor":1.0,"turns":2.0},{"damage":0,"enemies":"Cultist","floor":3,"turns":2},{"damage":18,"enemies":"Gremlin Nob","floor":6,"turns":4},{"damage":0,"enemies":"2 Louse","floor":10,"turns":1},{"damage":12,"enemies":"Blue Slaver","floor":12,"turns":2},{"damage":26,"enemies":"Lagavulin","floor":14,"turns":5},{"damage":54,"enemies":"The Guardian","floor":16,"turns":10},{"damage":63,"enemies":"3 Byrds","floor":18,"turns":4},{"damage":19,"enemies":"2 Thieves","floor":19,"turns":1}],"seed_played":"1573629743694540191","potions_obtained":[{"floor":1.0,"key":"FearPotion"},{"floor":12,"key":"Poison Potion"},{"floor":14,"key":"EssenceOfSteel"}],"is_trial":false,"path_per_floor":["M","$","M","?","$","E","R","?","T","M","R","M","$","E","R","B",null,"M","M"],"character_chosen":"DEFECT","items_purchased":["Loop","Conserve Battery","Defragment","Capacitor"],"campfire_rested":3,"item_purchase_floors":[2,2,5,13],"current_hp_per_floor":[64,64,64,53,53,35,57,57,57,57,75,63,63,37,59,5,75,12,0],"gold":511,"neow_bonus":"","is_prod":false,"is_daily":true,"chose_seed":false,"campfire_upgraded":0,"win_rate":0,"timestamp":1544847715,"path_taken":["M","$","M","?","$","E","R","?","T","?","R","M","$","E","R","BOSS","M","M"],"build_version":"2018-12-13","purchased_purges":0,"victory":false,"max_hp_per_floor":[75,75,75,75,75,75,75,75,75,75,75,75,75,75,75,75,75,75,75],"card_choices":[{"not_picked":["Gash","Darkness"],"picked":"Reinforced Body","floor":1.0},{"not_picked":["Conserve Battery","Auto Shields","Go for the Eyes"],"picked":"SKIP","floor":3},{"not_picked":["Biased Cognition","Hyperbeam","Seek"],"picked":"SKIP","floor":6},{"not_picked":["Coolheaded","Leap","Redo"],"picked":"SKIP","floor":10},{"not_picked":["Coolheaded","Consume","Turbo"],"picked":"SKIP","floor":12},{"not_picked":["All For One","Meteor Strike","Echo Form"],"picked":"SKIP","floor":14},{"not_picked":["Fission","Rainbow"],"picked":"Buffer","floor":16},{"not_picked":["Steam","Conserve Battery"],"picked":"Genetic Algorithm+1","floor":18}],"player_experience":263453,"relics_obtained":[{"floor":6,"key":"Shovel"},{"floor":9,"key":"Boot"},{"floor":14,"key":"Old Coin"}],"event_choices":[{"damage_healed":0,"gold_gain":75,"player_choice":"Gather Gold","damage_taken":11,"max_hp_gain":0,"max_hp_loss":0,"event_name":"World of Goop","floor":4,"gold_loss":0},{"damage_healed":0,"gold_gain":0,"player_choice":"Trade","damage_taken":0,"relics_obtained":["SsserpentHead"],"max_hp_gain":0,"max_hp_loss":0,"event_name":"FaceTrader","floor":8,"gold_loss":0}],"is_beta":false,"boss_relics":[{"not_picked":["Orrery","Black Star"],"picked":"Empty Cage"}],"items_purged_floors":[],"is_endless":false,"potions_floor_spawned":[1,12,14],"killed_by":"2 Thieves","ascension_level":0}