{"gold_per_floor":[113,126,145,160,176,176,188,188,188,188,188,34,45,45,45,141,141,158,143,163,23,42,42,54,72,72,72,90,105,105],"floor_reached":30,"playtime":3174,"items_purged":["Strike_R","Strike_R"],"score":255,"play_id":"d688591f-600b-4023-a78f-399a79ebc4c7","local_time":"20190411223012","is_ascension_mode":false,"campfire_choices":[{"data":"Body Slam","floor":6,"key":"SMITH"},{"data":"Entrench","floor":8,"key":"SMITH"},{"data":"Demon Form","floor":11,"key":"SMITH"},{"data":"Metallicize","floor":15,"key":"SMITH"},{"floor":23,"key":"REST"},{"floor":27,"key":"REST"}],"neow_cost":"TEN_PERCENT_HP_LOSS","seed_source_timestamp":45939425007859,"circlet_count":0,"master_deck":["Defend_R","Defend_R","Defend_R","Bash","Body Slam+1","Intimidate","Entrench+1","Panacea","Demon Form+1","Metallicize+1","Heavy Blade+1","Metallicize"],"relics":["Burning Blood","Bottled Lightning","Sundial","Empty Cage","Unceasing Top"],"potions_floor_usage":[16,16,16,22,22,25],"damage_taken":[{"damage":5,"enemies":"Small Slimes","floor":1,"turns":4},{"damage":6,"enemies":"Cultist","floor":2,"turns":3},{"damage":8,"enemies":"Jaw Worm","floor":3,"turns":4},{"damage":15,"enemies":"2 Fungi Beasts","floor":4,"turns":6},{"damage":18,"enemies":"3 Louse","floor":5,"turns":7},{"damage":15,"enemies":"Large Slime","floor":7,"turns":9},{"damage":16,"enemies":"Looter","floor":13,"turns":4},{"damage":10,"enemies":"The Guardian","floor":16,"turns":11},{"damage":26,"enemies":"3 Byrds","floor":18,"turns":9},{"damage":15,"enemies":"2 Thieves","floor":19,"turns":4},{"damage":13,"enemies":"Snake Plant","floor":20,"turns":6},{"damage":18,"enemies":"Cultist and Chosen","floor":22,"turns":6},{"damage":16,"enemies":"Centurion and Healer","floor":24,"turns":9},{"damage":21,"enemies":"Chosen and Byrds","floor":25,"turns":7},{"damage":16,"enemies":"Snecko","floor":28,"turns":5},{"damage":12,"enemies":"Snake Plant","floor":29,"turns":8},{"damage":26,"enemies":"Shelled Parasite and Fungi","floor":30,"turns":9}],"seed_played":"1088502718387484149","potions_obtained":[{"floor":1,"key":"Block Potion"},{"floor":2,"key":"Block Potion"},{"floor":3,"key":"Fire Potion"},{"floor":16,"key":"GamblersBrew"},{"floor":18,"key":"SkillPotion"},{"floor":24,"key":"SpeedPotion"},{"floor":25,"key":"SkillPotion"},{"floor":29,"key":"Fire Potion"}],"is_trial":false,"path_per_floor":["M","M","M","M","M","R","M","R","T","?","R","$","M","T","R","B",null,"M","M","M","$","M","R","M","M","T","R","M","M","M"],"character_chosen":"IRONCLAD","items_purchased":["Metallicize","Metallicize"],"campfire_rested":2,"item_purchase_floors":[12,21],"current_hp_per_floor":[72,72,70,61,49,49,40,40,40,40,40,40,30,30,30,26,72,52,43,36,36,24,45,35,20,20,41,31,25,0],"gold":105,"neow_bonus":"REMOVE_TWO","is_prod":false,"is_daily":false,"chose_seed":false,"campfire_upgraded":4,"win_rate":0.0,"timestamp":1555014612,"path_taken":["M","M","M","M","M","R","M","R","T","?","R","?","M","?","R","BOSS","M","M","M","$","M","R","M","M","T","R","M","M","M"],"build_version":"2019-01-23","purchased_purges":2,"victory":false,"max_hp_per_floor":[72,72,72,72,72,72,72,72,72,72,72,72,72,72,72,72,72,72,72,72,72,72,72,72,72,72,72,72,72,72],"card_choices":[{"not_picked":["Flame Barrier","Warcry"],"picked":"Body Slam","floor":1},{"not_picked":["Feel No Pain","Armaments"],"picked":"Intimidate","floor":2},{"not_picked":["Body Slam","Reckless Charge","Burning Pact"],"picked":"SKIP","floor":3},{"not_picked":["Infernal Blade","Fire Breathing","Thunderclap"],"picked":"SKIP","floor":4},{"not_picked":["Evolve","Armaments"],"picked":"Entrench","floor":5},{"not_picked":["Iron Wave","Flex","Blood for Blood"],"picked":"SKIP","floor":7},{"not_picked":["Thunderclap","Wild Strike","Warcry"],"picked":"SKIP","floor":13},{"not_picked":["Iron Wave","Pummel+1","Entrench+1"],"picked":"SKIP","floor":18},{"not_picked":["Iron Wave","Clash","Feel No Pain+1"],"picked":"SKIP","floor":19},{"not_picked":["Fire Breathing","Havoc"],"picked":"Heavy Blade+1","floor":20},{"not_picked":["Shrug It Off+1","Pummel","Sword Boomerang"],"picked":"SKIP","floor":22},{"not_picked":["Disarm","Body Slam","Rage+1"],"picked":"SKIP","floor":24},{"not_picked":["Body Slam+1","Flex","Combust+1"],"picked":"SKIP","floor":25},{"not_picked":["True Grit","Anger+1","Clothesline+1"],"picked":"SKIP","floor":28},{"not_picked":["Clash+1","Perfected Strike","Armaments"],"picked":"SKIP","floor":29}],"player_experience":55874,"relics_obtained":[{"floor":9,"key":"Bottled Lightning"},{"floor":14,"key":"Sundial"},{"floor":26,"key":"Unceasing Top"}],"event_choices":[{"damage_healed":0,"gold_gain":0,"player_choice":"2 cards matched","damage_taken":0,"max_hp_gain":0,"max_hp_loss":0,"event_name":"Match and Keep!","floor":10,"gold_loss":0,"cards_obtained":["Panacea","Demon Form"]}],"is_beta":false,"boss_relics":[{"not_picked":["Fusion Hammer","Astrolabe"],"picked":"Empty Cage"}],"items_purged_floors":[12,21],"is_endless":false,"potions_floor_spawned":[1,2,3,13,16,18,24,25,29],"killed_by":"Shelled Parasite and Fungi","ascension_level":0}