{"gold_per_floor":[114,114,114,114,133,177,177,11,80,105,125,125,138,162,162,283,283,271,286,386,404,424,424,447,447,447,447,461,461,477,492,492,492],"floor_reached":33,"playtime":2634,"items_purged":[],"score":392,"play_id":"9659caba-bb1d-4e2b-8e6f-49c4dc4e34ee","local_time":"20190501190324","is_ascension_mode":true,"campfire_choices":[{"floor":7,"key":"REST"},{"floor":12,"key":"REST"},{"floor":15,"key":"REST"},{"floor":23,"key":"REST"},{"floor":25,"key":"REST"},{"floor":32,"key":"REST"}],"neow_cost":"NONE","seed_source_timestamp":1304003228321000,"circlet_count":0,"master_deck":["AscendersBane","Defend_G","Defend_G","Defend_G","Defend_G","Defend_G","Strike_G","Strike_G","Strike_G","Strike_G","Survivor","Neutralize+1","Blade Dance","Expertise","Crippling Poison","Dodge and Roll","Noxious Fumes","Noxious Fumes","Well Laid Plans","Adrenaline","Acrobatics+1","Dodge and Roll","Deadly Poison"],"relics":["Ring of the Snake","Bloody Idol","The Courier","Tiny Chest","Gremlin Horn","Busted Crown","Bottled Lightning","Oddly Smooth Stone"],"potions_floor_usage":[6,14,16,22,31,31],"damage_taken":[{"damage":1,"enemies":"Jaw Worm","floor":1,"turns":5},{"damage":7,"enemies":"Small Slimes","floor":5,"turns":3},{"damage":33,"enemies":"3 Sentries","floor":6,"turns":14},{"damage":2,"enemies":"Cultist","floor":10,"turns":5},{"damage":4,"enemies":"2 Fungi Beasts","floor":11,"turns":3},{"damage":12,"enemies":"Gremlin Gang","floor":13,"turns":4},{"damage":14,"enemies":"Exordium Thugs","floor":14,"turns":7},{"damage":29,"enemies":"The Guardian","floor":16,"turns":11},{"damage":15,"enemies":"2 Thieves","floor":18,"turns":5},{"damage":0,"enemies":"Shell Parasite","floor":19,"turns":7},{"damage":14,"enemies":"Centurion and Healer","floor":21,"turns":7},{"damage":9,"enemies":"Snecko","floor":22,"turns":6},{"damage":21,"enemies":"3 Cultists","floor":24,"turns":6},{"damage":17,"enemies":"Sentry and Sphere","floor":28,"turns":6},{"damage":18,"enemies":"Snake Plant","floor":30,"turns":7},{"damage":10,"enemies":"Chosen and Byrds","floor":31,"turns":7},{"damage":35,"enemies":"Collector","floor":33,"turns":5}],"seed_played":"-8749765642057851685","potions_obtained":[{"floor":1,"key":"Block Potion"},{"floor":13,"key":"Explosive Potion"},{"floor":14,"key":"Strength Potion"},{"floor":19,"key":"PowerPotion"},{"floor":21,"key":"GhostInAJar"},{"floor":30,"key":"EssenceOfSteel"}],"is_trial":false,"path_per_floor":["M","?","?","?","M","E","R","$","T","M","M","R","M","M","R","B",null,"M","M","?","M","M","R","M","R","T","T","M","?","M","M","R","B"],"character_chosen":"THE_SILENT","items_purchased":["Tiny Chest","Crippling Poison","Dodge and Roll"],"campfire_rested":6,"item_purchase_floors":[8,8,8],"current_hp_per_floor":[69,62,62,62,55,22,43,43,43,41,37,58,46,32,53,24,59,44,44,44,30,21,42,21,42,42,42,25,25,12,7,28,0],"gold":492,"neow_bonus":"TEN_PERCENT_HP_BONUS","is_prod":false,"is_daily":false,"chose_seed":false,"campfire_upgraded":0,"win_rate":0,"timestamp":1556733804,"path_taken":["M","?","?","?","M","E","R","?","T","?","M","R","M","M","R","BOSS","M","?","?","?","M","R","M","R","T","?","M","?","M","M","R","BOSS"],"build_version":"2019-01-23","purchased_purges":0,"victory":false,"max_hp_per_floor":[77,77,71,71,71,71,71,71,71,71,71,71,71,71,71,71,71,71,71,71,71,71,71,71,71,71,71,71,71,71,71,71,71],"card_choices":[{"not_picked":["Choke","PiercingWail"],"picked":"Blade Dance","floor":1},{"not_picked":["Deflect","Outmaneuver"],"picked":"Expertise","floor":5},{"not_picked":["Poisoned Stab","Flechettes","Deflect"],"picked":"SKIP","floor":6},{"not_picked":["Poisoned Stab","Bullet Time","All Out Attack"],"picked":"SKIP","floor":10},{"not_picked":["Well Laid Plans","Footwork"],"picked":"Noxious Fumes","floor":11},{"not_picked":["Riddle With Holes","Prepared"],"picked":"Noxious Fumes","floor":13},{"not_picked":["Masterful Stab","Dodge and Roll"],"picked":"Well Laid Plans","floor":14},{"not_picked":["Glass Knife","Corpse Explosion"],"picked":"Adrenaline","floor":16},{"not_picked":[],"picked":"Acrobatics+1","floor":18},{"not_picked":[],"picked":"Dodge and Roll","floor":19},{"not_picked":["Dagger Spray"],"picked":"SKIP","floor":21},{"not_picked":["Slice"],"picked":"SKIP","floor":22},{"not_picked":["Acrobatics"],"picked":"SKIP","floor":24},{"not_picked":[],"picked":"Deadly Poison","floor":28},{"not_picked":["Outmaneuver"],"picked":"SKIP","floor":30},{"not_picked":["Dagger Throw"],"picked":"SKIP","floor":31}],"player_experience":437388,"relics_obtained":[{"floor":6,"key":"The Courier"},{"floor":9,"key":"Gremlin Horn"},{"floor":26,"key":"Bottled Lightning"},{"floor":27,"key":"Oddly Smooth Stone"}],"event_choices":[{"cards_removed":["Strike_G"],"damage_healed":0,"gold_gain":0,"player_choice":"Card Removal","damage_taken":7,"max_hp_gain":0,"max_hp_loss":0,"event_name":"Golden Wing","floor":2,"gold_loss":0},{"damage_healed":0,"gold_gain":0,"player_choice":"Lose Max HP","damage_taken":0,"relics_obtained":["Golden Idol"],"max_hp_gain":0,"max_hp_loss":6,"event_name":"Golden Idol","floor":3,"gold_loss":0},{"damage_healed":0,"gold_gain":0,"player_choice":"Grow","damage_taken":0,"max_hp_gain":0,"max_hp_loss":0,"event_name":"Living Wall","floor":4,"gold_loss":0,"cards_upgraded":["Neutralize"]},{"damage_healed":0,"gold_gain":100,"player_choice":"Pray","damage_taken":0,"max_hp_gain":0,"max_hp_loss":0,"event_name":"Golden Shrine","floor":20,"gold_loss":0},{"damage_healed":0,"gold_gain":0,"player_choice":"Gave Idol","damage_taken":0,"relics_obtained":["Bloody Idol"],"max_hp_gain":0,"max_hp_loss":0,"event_name":"Forgotten Altar","floor":29,"relics_lost":["Golden Idol"],"gold_loss":0}],"is_beta":false,"boss_relics":[{"not_picked":["Calling Bell","Runic Dome"],"picked":"Busted Crown"}],"items_purged_floors":[],"is_endless":false,"potions_floor_spawned":[1,13,14,19,21,30],"killed_by":"Collector","ascension_level":11}