{"gold_per_floor":[119,20,32,42,55,55,81,81,81,81,81,106,206,219,219,296,296,312,324,337,437,455,455,474,486,539,539,557,134,149,49,49,126,126,145,161,161,176,176,176,201,231,266,278,290,315,327,366,378,390],"floor_reached":51,"playtime":6214,"items_purged":["Strike_R","Strike_R"],"score":1058,"play_id":"2fd57efd-ce33-40ed-bdc1-b13d052cda08","local_time":"20190430005318","is_ascension_mode":true,"campfire_choices":[{"data":"True Grit","floor":6,"key":"SMITH"},{"data":"Spot Weakness","floor":8,"key":"SMITH"},{"data":"Inflame","floor":11,"key":"SMITH"},{"data":"Uppercut","floor":15,"key":"SMITH"},{"data":"Limit Break","floor":23,"key":"SMITH"},{"data":"Shrug It Off","floor":27,"key":"SMITH"},{"floor":32,"key":"REST"},{"data":"Rampage","floor":40,"key":"SMITH"},{"data":"Thinking Ahead","floor":44,"key":"SMITH"},{"data":"Disarm","floor":47,"key":"SMITH"},{"floor":49,"key":"REST"}],"neow_cost":"NONE","seed_source_timestamp":241182391888806,"circlet_count":0,"master_deck":["AscendersBane","Strike_R","Strike_R","Strike_R","Defend_R","Defend_R","Defend_R","Defend_R","Bash+1","Clothesline","Inflame+1","True Grit+1","Spot Weakness+1","Pummel","Shrug It Off+1","Uppercut+1","Limit Break+1","Ghostly Armor","Impervious","Rampage+1","Thinking Ahead+1","Die Die Die","Backstab+1","Uppercut+1","Disarm+1"],"relics":["Burning Blood","Thread and Needle","Incense Burner","StoneCalendar","Lizard Tail","Boot","Anchor","PrismaticShard","Velvet Choker","MawBank","Pen Nib","Bronze Scales"],"potions_floor_usage":[16,25,33,50,50],"damage_taken":[{"damage":8,"enemies":"Jaw Worm","floor":1,"turns":4},{"damage":5,"enemies":"Small Slimes","floor":3,"turns":4},{"damage":0,"enemies":"Cultist","floor":4,"turns":3},{"damage":21,"enemies":"Lots of Slimes","floor":5,"turns":6},{"damage":25,"enemies":"3 Sentries","floor":7,"turns":7},{"damage":10,"enemies":"Gremlin Nob","floor":12,"turns":4},{"damage":7,"enemies":"Looter","floor":14,"turns":3},{"damage":14,"enemies":"Slime Boss","floor":16,"turns":7},{"damage":4,"enemies":"Shell Parasite","floor":18,"turns":7},{"damage":4,"enemies":"Spheric Guardian","floor":19,"turns":5},{"damage":10,"enemies":"Centurion and Healer","floor":20,"turns":8},{"damage":18,"enemies":"Snecko","floor":22,"turns":7},{"damage":53,"enemies":"3 Cultists","floor":24,"turns":7},{"damage":19,"enemies":"Sentry and Sphere","floor":25,"turns":7},{"damage":16,"enemies":"Snake Plant","floor":28,"turns":6},{"damage":0,"enemies":"Centurion and Healer","floor":30,"turns":5},{"damage":27,"enemies":"Collector","floor":33,"turns":9},{"damage":5,"enemies":"Orb Walker","floor":35,"turns":3},{"damage":4,"enemies":"3 Shapes","floor":36,"turns":4},{"damage":18,"enemies":"Writhing Mass","floor":38,"turns":7},{"damage":7,"enemies":"Sphere and 2 Shapes","floor":42,"turns":5},{"damage":8,"enemies":"3 Darklings","floor":46,"turns":7},{"damage":34,"enemies":"Giant Head","floor":48,"turns":9},{"damage":37,"enemies":"Awakened One","floor":50,"turns":14}],"seed_played":"6037835712804671138","potions_obtained":[{"floor":12,"key":"Dexterity Potion"},{"floor":14,"key":"Dexterity Potion"},{"floor":16,"key":"Poison Potion"},{"floor":22,"key":"Ancient Potion"},{"floor":30,"key":"EssenceOfSteel"},{"floor":33,"key":"Dexterity Potion"},{"floor":36,"key":"Dexterity Potion"}],"is_trial":false,"path_per_floor":["M","$","M","M","M","R","E","R","T","?","R","E","?","M","R","B",null,"M","M","M","?","M","R","M","M","T","R","M","$","M","$","R","B",null,"M","M","?","M","$","R","T","M","T","R","?","M","R","E","R","B",null],"character_chosen":"IRONCLAD","items_purchased":["Inflame","True Grit","Anchor","PrismaticShard"],"campfire_rested":2,"item_purchase_floors":[2,2,29,29],"current_hp_per_floor":[70,70,71,77,62,62,43,43,43,48,48,44,44,43,43,35,73,75,77,73,73,61,61,14,48,48,48,38,38,44,44,69,48,76,77,79,79,67,67,67,67,66,66,66,66,64,64,36,61,30],"gold":402,"neow_bonus":"UPGRADE_CARD","is_prod":false,"is_daily":false,"chose_seed":false,"campfire_upgraded":9,"win_rate":0,"timestamp":1556556798,"path_taken":["M","$","M","M","M","R","E","R","T","?","R","E","?","M","R","BOSS","M","M","M","?","M","R","M","?","T","R","M","$","M","$","R","BOSS","M","M","?","M","$","R","?","M","T","R","?","M","R","E","R","BOSS"],"build_version":"2019-01-23","purchased_purges":2,"victory":true,"max_hp_per_floor":[80,80,80,80,80,80,80,80,80,85,85,85,85,85,85,85,85,85,85,85,85,85,85,85,85,85,85,85,85,85,85,85,85,85,85,85,85,85,85,85,85,85,85,85,85,85,85,85,85,85],"card_choices":[{"not_picked":["Cleave","Body Slam"],"picked":"Clothesline","floor":1},{"not_picked":["Sword Boomerang","Bloodletting","True Grit"],"picked":"SKIP","floor":3},{"not_picked":["True Grit","Body Slam"],"picked":"Spot Weakness","floor":4},{"not_picked":["Perfected Strike","Sword Boomerang"],"picked":"Pummel","floor":5},{"not_picked":["Cleave","Bloodletting"],"picked":"Shrug It Off","floor":7},{"not_picked":["Twin Strike","Seeing Red"],"picked":"Uppercut","floor":12},{"not_picked":["Rage","Immolate","Flex"],"picked":"SKIP","floor":14},{"not_picked":["Barricade","Brutality"],"picked":"Limit Break","floor":16},{"not_picked":["Headbutt","Pummel"],"picked":"Ghostly Armor","floor":18},{"not_picked":["Twin Strike","Body Slam","Wild Strike"],"picked":"SKIP","floor":19},{"not_picked":["Twin Strike","Body Slam","Wild Strike"],"picked":"SKIP","floor":19},{"not_picked":["Sentinel","Rampage"],"picked":"Impervious","floor":20},{"not_picked":["Thunderclap","Twin Strike","Anger"],"picked":"SKIP","floor":22},{"not_picked":["Sword Boomerang","Perfected Strike+1","Iron Wave"],"picked":"SKIP","floor":24},{"not_picked":["Havoc","Carnage","Sword Boomerang"],"picked":"SKIP","floor":25},{"not_picked":["Twin Strike","Wild Strike","Rampage"],"picked":"SKIP","floor":28},{"not_picked":["Twin Strike","Wild Strike"],"picked":"Rampage","floor":28},{"not_picked":["Cleave","Beam Cell"],"picked":"Thinking Ahead","floor":30},{"not_picked":["Feed","Thinking Ahead"],"picked":"Die Die Die","floor":33},{"not_picked":["Deflect","Skim","Perfected Strike"],"picked":"SKIP","floor":35},{"not_picked":["Go for the Eyes","Heel Hook","Deadly Poison"],"picked":"SKIP","floor":36},{"not_picked":["Calculated Gamble","Ball Lightning","Slice"],"picked":"SKIP","floor":38},{"not_picked":["Sucker Punch","Sword Boomerang+1"],"picked":"Backstab+1","floor":42},{"not_picked":["Dark Shackles","Headbutt"],"picked":"Disarm","floor":46},{"not_picked":["Tempest","Acrobatics+1","Steam"],"picked":"SKIP","floor":48}],"player_experience":445292,"relics_obtained":[{"floor":7,"key":"Thread and Needle"},{"floor":9,"key":"Incense Burner"},{"floor":12,"key":"StoneCalendar"},{"floor":26,"key":"Boot"},{"floor":41,"key":"MawBank"},{"floor":43,"key":"Pen Nib"},{"floor":48,"key":"Bronze Scales"}],"event_choices":[{"damage_healed":0,"gold_gain":0,"player_choice":"Donut","damage_taken":0,"max_hp_gain":5,"max_hp_loss":0,"event_name":"Big Fish","floor":10,"gold_loss":0},{"damage_healed":0,"gold_gain":100,"player_choice":"Pray","damage_taken":0,"max_hp_gain":0,"max_hp_loss":0,"event_name":"Golden Shrine","floor":13,"gold_loss":0},{"damage_healed":0,"gold_gain":100,"player_choice":"Pray","damage_taken":0,"max_hp_gain":0,"max_hp_loss":0,"event_name":"Golden Shrine","floor":21,"gold_loss":0},{"damage_healed":0,"gold_gain":0,"player_choice":"Memory 1","damage_taken":0,"max_hp_gain":0,"max_hp_loss":0,"event_name":"SensoryStone","floor":37,"gold_loss":0},{"damage_healed":0,"gold_gain":0,"player_choice":"Copied","damage_taken":0,"max_hp_gain":0,"max_hp_loss":0,"event_name":"Duplicator","floor":45,"gold_loss":0,"cards_obtained":["Uppercut"]}],"is_beta":false,"boss_relics":[{"not_picked":["Fusion Hammer","Astrolabe"],"picked":"Lizard Tail"},{"not_picked":["Runic Dome","Cursed Key"],"picked":"Velvet Choker"}],"items_purged_floors":[29,31],"is_endless":false,"potions_floor_spawned":[12,14,16,18,22,24,30,33,35,36,46,48],"ascension_level":13}