{"gold_per_floor":[362,50,60,77,97,97,125,175,202,202,215,227,241,257,257,333,333,349,362,60,77,96,96,108,108,176,188,188,158,158,172,172,246,246,259,259,159,159,12,12,45,45,45,65,65,80,34,34,34,34],"floor_reached":51,"playtime":3170,"items_purged":["Strike_G","Strike_G"],"score":1128,"play_id":"26cf88e7-5eca-4597-b5b4-df1db3820470","local_time":"20190505104039","is_ascension_mode":true,"campfire_choices":[{"data":"Neutralize","floor":6.0,"key":"SMITH"},{"floor":10.0,"key":"REST"},{"floor":15.0,"key":"REST"},{"floor":23.0,"key":"REST"},{"data":"Night Terror","floor":25.0,"key":"SMITH"},{"data":"Skewer","floor":28.0,"key":"SMITH"},{"floor":30.0,"key":"REST"},{"data":"Deadly Poison","floor":32,"key":"SMITH"},{"data":"After Image","floor":40,"key":"SMITH"},{"floor":42,"key":"REST"},{"floor":49,"key":"REST"}],"neow_cost":"CURSE","seed_source_timestamp":590462706398581,"circlet_count":0,"master_deck":["AscendersBane","Defend_G","Defend_G","Defend_G","Defend_G","Defend_G","Strike_G","Strike_G","Strike_G","Neutralize+1","Dagger Throw","Dagger Spray","Crippling Poison","Masterful Stab","Dagger Spray","Skewer+1","After Image+1","PiercingWail","Footwork+1","Night Terror+1","Catalyst","Cloak And Dagger","Deadly Poison+1","Doppelganger","PiercingWail","Deadly Poison","Backflip","Escape Plan","Dodge and Roll","Backflip","Dodge and Roll"],"special_seed":0,"relics":["Ring of the Snake","Ice Cream","Anchor","Bronze Scales","Sozu","FossilizedHelix","Matryoshka","Velvet Choker","Spirit Poop","Pen Nib","Question Card","Kunai"],"potions_floor_usage":[],"damage_taken":[{"damage":12.0,"enemies":"2 Louse","floor":1.0,"turns":5.0},{"damage":1.0,"enemies":"Cultist","floor":3.0,"turns":3.0},{"damage":1.0,"enemies":"Small Slimes","floor":4.0,"turns":3.0},{"damage":9.0,"enemies":"Red Slaver","floor":5.0,"turns":5.0},{"damage":29.0,"enemies":"Lagavulin","floor":7.0,"turns":9.0},{"damage":4.0,"enemies":"Exordium Thugs","floor":11.0,"turns":4.0},{"damage":1.0,"enemies":"2 Fungi Beasts","floor":12.0,"turns":3.0},{"damage":0.0,"enemies":"Gremlin Gang","floor":13.0,"turns":3.0},{"damage":4.0,"enemies":"Large Slime","floor":14.0,"turns":6.0},{"damage":21.0,"enemies":"Slime Boss","floor":16.0,"turns":7.0},{"damage":12.0,"enemies":"2 Thieves","floor":18.0,"turns":4.0},{"damage":4.0,"enemies":"Spheric Guardian","floor":19.0,"turns":4.0},{"damage":14.0,"enemies":"3 Cultists","floor":21.0,"turns":5.0},{"damage":2.0,"enemies":"Cultist and Chosen","floor":22.0,"turns":9.0},{"damage":8.0,"enemies":"Snake Plant","floor":24.0,"turns":5.0},{"damage":9.0,"enemies":"Chosen and Byrds","floor":27.0,"turns":7.0},{"damage":0,"enemies":"Snecko","floor":31,"turns":7},{"damage":38,"enemies":"Collector","floor":33,"turns":10},{"damage":8,"enemies":"3 Darklings","floor":35,"turns":6},{"damage":25,"enemies":"Reptomancer","floor":41,"turns":9},{"damage":0,"enemies":"Orb Walker","floor":44,"turns":5},{"damage":0,"enemies":"4 Shapes","floor":46,"turns":6},{"damage":25,"enemies":"Awakened One","floor":50,"turns":16}],"seed_played":"1669688318777665979","potions_obtained":[{"floor":1.0,"key":"SteroidPotion"},{"floor":7.0,"key":"Fruit Juice"},{"floor":11.0,"key":"EssenceOfSteel"},{"floor":14.0,"key":"Explosive Potion"},{"floor":16.0,"key":"Block Potion"}],"is_trial":false,"path_per_floor":["M","$","M","M","M","R","E","?","T","R","M","M","M","M","R","B",null,"M","M","$","M","M","R","M","R","T","M","R","?","R","M","R","B",null,"M","?","$","?","$","R","E","R","T","M","$","M","$","?","R","B",null],"character_chosen":"THE_SILENT","items_purchased":["Ice Cream","Dagger Spray","FossilizedHelix","Deadly Poison","Backflip","Dodge and Roll"],"campfire_rested":6,"item_purchase_floors":[2,2,20,37,39,47],"current_hp_per_floor":[47,47,46,45,36,36,12,12,12,33,29,28,28,24,45,24,59,47,43,43,29,27,48,40,40,40,31,31,31,52,52,52,14,57,49,49,49,49,49,49,24,45,45,45,45,45,45,45,65,40],"gold":34,"neow_bonus":"TWO_FIFTY_GOLD","is_prod":false,"is_daily":false,"chose_seed":false,"campfire_upgraded":5,"win_rate":0,"timestamp":1557067239,"path_taken":["M","$","M","M","M","R","E","?","T","R","M","M","?","M","R","BOSS","M","M","$","M","M","R","M","R","T","M","R","?","R","M","R","BOSS","M","?","?","?","$","R","E","R","T","M","$","M","$","?","R","BOSS"],"build_version":"2019-01-23","purchased_purges":2,"victory":true,"max_hp_per_floor":[66,66,66,66,66,66,71,71,71,71,71,71,71,71,71,71,71,71,71,71,71,71,71,71,71,71,71,71,71,71,71,71,71,71,71,71,71,71,71,71,71,71,71,71,71,71,71,67,67,67],"card_choices":[{"not_picked":["Acrobatics","Cloak And Dagger"],"picked":"Dagger Throw","floor":1.0},{"not_picked":["Outmaneuver","Blade Dance","Infinite Blades"],"picked":"SKIP","floor":3.0},{"not_picked":["Bane","Setup","Sucker Punch"],"picked":"SKIP","floor":4.0},{"not_picked":["Finisher","Heel Hook","Calculated Gamble"],"picked":"SKIP","floor":5.0},{"not_picked":["Flechettes","Sucker Punch"],"picked":"Crippling Poison","floor":7.0},{"not_picked":["Blade Dance","PiercingWail"],"picked":"Masterful Stab","floor":11.0},{"not_picked":["Heel Hook","Terror","Phantasmal Killer"],"picked":"SKIP","floor":12.0},{"not_picked":["Poisoned Stab","Outmaneuver"],"picked":"Dagger Spray","floor":13.0},{"not_picked":["Outmaneuver","Setup"],"picked":"Skewer","floor":14.0},{"not_picked":["Tools of the Trade","Malaise"],"picked":"After Image","floor":16.0},{"not_picked":["Flying Knee","Sucker Punch"],"picked":"PiercingWail","floor":18.0},{"not_picked":["Deadly Poison","Bane"],"picked":"Footwork+1","floor":19.0},{"not_picked":["Blade Dance","All Out Attack","Heel Hook+1"],"picked":"SKIP","floor":21.0},{"not_picked":["Endless Agony","PiercingWail"],"picked":"Night Terror","floor":22.0},{"not_picked":["Predator","Deadly Poison"],"picked":"Catalyst","floor":24.0},{"not_picked":["Deflect","Dodge and Roll"],"picked":"Cloak And Dagger","floor":27.0},{"not_picked":["Acrobatics","Blade Dance+1"],"picked":"Deadly Poison","floor":31},{"not_picked":["Night Terror","Bullet Time"],"picked":"Doppelganger","floor":33},{"not_picked":["Underhanded Strike","Caltrops+1"],"picked":"PiercingWail","floor":35},{"not_picked":["Dagger Throw","Acrobatics+1"],"picked":"Escape Plan","floor":41},{"not_picked":["Dagger Throw+1","Flechettes","Glass Knife"],"picked":"Dodge and Roll","floor":44},{"not_picked":["Dodge and Roll","Prepared","Deflect+1"],"picked":"Backflip","floor":46}],"player_experience":915154,"relics_obtained":[{"floor":7.0,"key":"Anchor"},{"floor":9.0,"key":"Bronze Scales"},{"floor":26.0,"key":"Matryoshka"},{"floor":41,"key":"Pen Nib"},{"floor":43,"key":"Question Card"},{"floor":43,"key":"Kunai"}],"event_choices":[{"damage_healed":0.0,"max_hp_gain":0.0,"max_hp_loss":0.0,"gold_gain":50.0,"event_name":"Golden Shrine","player_choice":"Pray","floor":8.0,"gold_loss":0.0,"damage_taken":0.0},{"damage_healed":0.0,"max_hp_gain":0.0,"max_hp_loss":0.0,"gold_gain":0.0,"event_name":"The Woman in Blue","player_choice":"Bought 2 Potions","floor":29.0,"gold_loss":0.0,"damage_taken":0.0},{"cards_removed":["Decay"],"damage_healed":0,"gold_gain":0,"player_choice":"Offered Curse","damage_taken":0,"relics_obtained":["Spirit Poop"],"max_hp_gain":0,"max_hp_loss":0,"event_name":"Bonfire Elementals","floor":36,"gold_loss":0},{"cards_removed":["Survivor"],"damage_healed":0,"gold_gain":0,"player_choice":"Removed Skill","damage_taken":0,"max_hp_gain":0,"max_hp_loss":0,"event_name":"Falling","floor":38,"gold_loss":0},{"damage_healed":0,"gold_gain":0,"player_choice":"Max HP","damage_taken":0,"max_hp_gain":0,"max_hp_loss":4,"event_name":"Winding Halls","floor":48,"gold_loss":0}],"is_beta":false,"boss_relics":[{"not_picked":["Fusion Hammer","Empty Cage"],"picked":"Sozu"},{"not_picked":["Busted Crown","Coffee Dripper"],"picked":"Velvet Choker"}],"items_purged_floors":[37,39],"is_endless":false,"potions_floor_spawned":[1,7,11,14,16,18,19,22,33,41],"ascension_level":15}