{"gold_per_floor":[114,114,127,127,6,6,39,59,59,69,81,81,81,106,106,106],"floor_reached":16,"playtime":637,"items_purged":[],"score":142,"play_id":"c4ba09c9-3a78-4c11-a2e6-c63cfe6cae4f","local_time":"20190423152135","is_ascension_mode":true,"campfire_choices":[{"data":"Catalyst","floor":13,"key":"SMITH"},{"floor":15,"key":"REST"}],"neow_cost":"NONE","seed_source_timestamp":494726543792434,"circlet_count":0,"master_deck":["Defend_G","Defend_G","Defend_G","Defend_G","Defend_G","Strike_G","Strike_G","Strike_G","Strike_G","Strike_G","Survivor","Neutralize","Outmaneuver","Dagger Throw","Forethought","PiercingWail","Caltrops","Flying Knee","Catalyst+1","Crippling Poison","Bane","Acrobatics"],"relics":["Ring of the Snake","NeowsBlessing","Ninja Scroll","Bottled Flame","The Specimen","Ginger"],"potions_floor_usage":[7,8,14],"damage_taken":[{"damage":0,"enemies":"Small Slimes","floor":1,"turns":1},{"damage":0,"enemies":"Cultist","floor":3,"turns":1},{"damage":0,"enemies":"3 Sentries","floor":7,"turns":2},{"damage":0,"enemies":"2 Louse","floor":8,"turns":1},{"damage":10,"enemies":"Exordium Thugs","floor":10,"turns":3},{"damage":0,"enemies":"2 Fungi Beasts","floor":11,"turns":4},{"damage":25,"enemies":"Gremlin Nob","floor":14,"turns":5},{"damage":62,"enemies":"Slime Boss","floor":16,"turns":11}],"seed_played":"-8288386236095631427","potions_obtained":[{"floor":1,"key":"EssenceOfSteel"},{"floor":7,"key":"Fire Potion"},{"floor":11,"key":"Poison Potion"}],"is_trial":false,"path_per_floor":["M","?","M","?","$","$","E","M","T","M","M","T","R","E","R","B"],"character_chosen":"THE_SILENT","items_purchased":["PiercingWail","Caltrops"],"campfire_rested":1,"item_purchase_floors":[5,5],"current_hp_per_floor":[70,70,70,70,70,70,70,70,70,60,60,60,60,35,56,0],"gold":106,"neow_bonus":"THREE_ENEMY_KILL","is_prod":false,"is_daily":false,"chose_seed":false,"campfire_upgraded":1,"win_rate":0,"timestamp":1556058095,"path_taken":["M","?","?","?","?","$","E","M","T","M","?","?","R","E","R","BOSS"],"build_version":"2019-01-23","purchased_purges":0,"victory":false,"max_hp_per_floor":[70,70,70,70,70,70,70,70,70,70,70,70,70,70,70,70],"card_choices":[{"not_picked":["Acrobatics","Underhanded Strike"],"picked":"Outmaneuver","floor":1},{"not_picked":["Dodge and Roll","PiercingWail"],"picked":"Quick Slash","floor":3},{"not_picked":["Dagger Throw","Underhanded Strike"],"picked":"Flying Knee","floor":7},{"not_picked":["Backflip","Backstab"],"picked":"Catalyst","floor":8},{"not_picked":["Storm of Steel","Dodge and Roll"],"picked":"Crippling Poison","floor":10},{"not_picked":["Footwork","Slice"],"picked":"Bane","floor":11},{"not_picked":["Flechettes","Sucker Punch"],"picked":"Acrobatics","floor":14}],"player_experience":441966,"relics_obtained":[{"floor":7,"key":"Ninja Scroll"},{"floor":9,"key":"Bottled Flame"},{"floor":12,"key":"The Specimen"},{"floor":14,"key":"Ginger"}],"event_choices":[{"damage_healed":0,"gold_gain":0,"player_choice":"2 cards matched","damage_taken":0,"max_hp_gain":0,"max_hp_loss":0,"event_name":"Match and Keep!","floor":2,"gold_loss":0,"cards_obtained":["Dagger Throw","Forethought"]},{"cards_removed":["Quick Slash"],"damage_healed":5,"gold_gain":0,"player_choice":"Offered Common","damage_taken":0,"max_hp_gain":0,"max_hp_loss":0,"event_name":"Bonfire Elementals","floor":4,"gold_loss":0},{"cards_removed":["Quick Slash"],"damage_healed":5,"gold_gain":0,"player_choice":"Offered Special","damage_taken":0,"max_hp_gain":0,"max_hp_loss":0,"event_name":"Bonfire Elementals","floor":4,"gold_loss":0}],"is_beta":false,"boss_relics":[],"items_purged_floors":[],"is_endless":false,"potions_floor_spawned":[1,7,11],"killed_by":"Slime Boss","ascension_level":1}