{"gold_per_floor":[115,38,54,67,67,67,90,115,115,130,130,147,180,192,192,263,263,275,275,247,247],"floor_reached":21,"playtime":2049,"items_purged":[],"score":382,"play_id":"f177f77b-9f41-467c-bff4-82a2e5b1c4e4","local_time":"20190503133611","is_ascension_mode":true,"campfire_choices":[{"data":"Neutralize","floor":6.0,"key":"SMITH"},{"data":"Skewer","floor":11.0,"key":"SMITH"},{"data":"Well Laid Plans","floor":15.0,"key":"SMITH"}],"neow_cost":"NONE","seed_source_timestamp":171882066962368,"circlet_count":0,"master_deck":["AscendersBane","Defend_G","Defend_G","Defend_G","Defend_G","Defend_G","Strike_G","Strike_G","Strike_G","Survivor","Neutralize+1","Infinite Blades","Well Laid Plans+1","Predator","PiercingWail","Grand Finale","Dagger Spray","Skewer+1","Slice","Backflip","Deadly Poison","Corpse Explosion","Backstab","Dodge and Roll","Caltrops","Blur"],"special_seed":0,"relics":["Ring of the Snake","Odd Mushroom","Matryoshka","Pen Nib","Snake Skull","Dodecahedron","Orrery"],"potions_floor_usage":[20],"damage_taken":[{"damage":2.0,"enemies":"Cultist","floor":1.0,"turns":5.0},{"damage":1.0,"enemies":"Small Slimes","floor":3.0,"turns":4.0},{"damage":0.0,"enemies":"2 Louse","floor":4.0,"turns":2.0},{"damage":18.0,"enemies":"The Mushroom Lair","floor":7.0,"turns":5.0},{"damage":7.0,"enemies":"Lagavulin","floor":8.0,"turns":6.0},{"damage":6.0,"enemies":"Lots of Slimes","floor":10.0,"turns":3.0},{"damage":0.0,"enemies":"3 Louse","floor":12.0,"turns":4.0},{"damage":6.0,"enemies":"Gremlin Nob","floor":13.0,"turns":3.0},{"damage":3.0,"enemies":"Looter","floor":14.0,"turns":3.0},{"damage":7.0,"enemies":"Slime Boss","floor":16.0,"turns":8.0},{"damage":5.0,"enemies":"Chosen","floor":18.0,"turns":3.0},{"damage":8,"enemies":"2 Thieves","floor":20,"turns":4},{"damage":44,"enemies":"Sentry and Sphere","floor":21,"turns":7}],"seed_played":"6217968615896490292","potions_obtained":[{"floor":7.0,"key":"Regen Potion"},{"floor":12.0,"key":"Weak Potion"},{"floor":13.0,"key":"AttackPotion"},{"floor":14.0,"key":"SteroidPotion"},{"floor":16.0,"key":"FearPotion"},{"floor":18.0,"key":"SteroidPotion"}],"is_trial":false,"path_per_floor":["M","$","M","M","?","R","?","E","T","M","R","M","E","M","R","B",null,"M","?","M","M"],"character_chosen":"THE_SILENT","items_purchased":["Well Laid Plans"],"campfire_rested":0,"item_purchase_floors":[2],"current_hp_per_floor":[57,57,56,56,56,56,38,46,46,40,40,40,34,31,31,24,56,51,51,43,0],"gold":247,"neow_bonus":"TRANSFORM_CARD","is_prod":false,"is_daily":false,"chose_seed":false,"campfire_upgraded":3,"win_rate":0,"timestamp":1556883371,"path_taken":["M","$","M","M","?","R","?","E","T","M","R","M","E","M","R","BOSS","M","?","?","M"],"build_version":"2019-01-23","purchased_purges":0,"victory":false,"max_hp_per_floor":[66,66,66,66,66,66,66,66,66,66,66,66,66,66,66,66,66,66,66,66,66],"card_choices":[{"not_picked":["Bane","Outmaneuver","Expertise"],"picked":"SKIP","floor":1.0},{"not_picked":["All Out Attack","Eviscerate"],"picked":"Predator","floor":3.0},{"not_picked":["Backflip","Underhanded Strike"],"picked":"PiercingWail","floor":4.0},{"not_picked":["Envenom","Bane"],"picked":"Dagger Spray","floor":7.0},{"not_picked":["Blade Dance","Slice"],"picked":"Skewer","floor":8.0},{"not_picked":["Distraction","Catalyst"],"picked":"Slice","floor":10.0},{"not_picked":["Dash","Infinite Blades"],"picked":"Backflip","floor":12.0},{"not_picked":["Flying Knee","Skewer"],"picked":"Deadly Poison","floor":13.0},{"not_picked":["Dagger Spray","Acrobatics","Masterful Stab"],"picked":"SKIP","floor":14.0},{"not_picked":["Storm of Steel","Die Die Die"],"picked":"Corpse Explosion","floor":16.0},{"not_picked":["Quick Slash","Setup"],"picked":"Backstab","floor":17.0},{"not_picked":["Setup","Backflip"],"picked":"Dodge and Roll","floor":17.0},{"not_picked":["Quick Slash","Backflip"],"picked":"Caltrops","floor":17.0},{"not_picked":["Slice","Accuracy"],"picked":"Blur","floor":18.0},{"not_picked":["Dagger Throw","Prepared","Backflip"],"picked":"SKIP","floor":20}],"player_experience":1937280,"relics_obtained":[{"floor":7.0,"key":"Odd Mushroom"},{"floor":8.0,"key":"Matryoshka"},{"floor":9.0,"key":"Pen Nib"},{"floor":9.0,"key":"Snake Skull"},{"floor":13.0,"key":"Dodecahedron"}],"event_choices":[{"damage_healed":0.0,"max_hp_gain":0.0,"max_hp_loss":0.0,"gold_gain":0.0,"cards_transformed":["Strike_G"],"event_name":"Living Wall","player_choice":"Change","floor":5.0,"gold_loss":0.0,"damage_taken":0.0,"cards_obtained":["Grand Finale"]},{"damage_healed":0.0,"max_hp_gain":0.0,"max_hp_loss":0.0,"gold_gain":0.0,"event_name":"Mushrooms","player_choice":"Fought Mushrooms","floor":7.0,"gold_loss":0.0,"damage_taken":0.0},{"damage_healed":0.0,"max_hp_gain":0.0,"max_hp_loss":0.0,"gold_gain":0.0,"event_name":"Purifier","player_choice":"Ignored","floor":19.0,"gold_loss":0.0,"damage_taken":0.0}],"is_beta":false,"boss_relics":[{"not_picked":["Empty Cage","HoveringKite"],"picked":"Orrery"}],"items_purged_floors":[],"is_endless":false,"potions_floor_spawned":[7,12,13,14,16,18],"killed_by":"Sentry and Sphere","ascension_level":20}