{"gold_per_floor":[114,129,39,54,34,34,49,49,74,89,104,104,119,134,134,234,234,234,234,234,234,234,234,234,234,234,234,163,163,163,81,81,81,81,81,81,81,31,31,31,31,31,31,31,31,31,31,31,31,31],"floor_reached":50,"playtime":2095,"items_purged":[],"score":592,"play_id":"20491312-9e8a-4783-a02c-6a99b794c8ea","local_time":"20190321221847","daily_mods":["SealedDeck","Hoarder","Binary"],"is_ascension_mode":false,"campfire_choices":[{"data":"Loop","floor":6,"key":"SMITH"},{"floor":12,"key":"REST"},{"data":"Loop","floor":15,"key":"SMITH"},{"floor":24,"key":"REST"},{"floor":32,"key":"REST"},{"data":"Static Discharge","floor":40,"key":"SMITH"},{"floor":45,"key":"REST"},{"floor":49,"key":"REST"}],"neow_cost":"","seed_source_timestamp":0,"circlet_count":0,"master_deck":["Ball Lightning","Ball Lightning","Ball Lightning","Rebound","Rebound","Rebound","Gash","Gash","Gash","Gash","Gash","Gash","Streamline","Streamline","Streamline","Skim","Skim","Skim","Melter","Melter","Melter","Glacier","Glacier","Glacier","Consume","Consume","Consume","Loop+1","Loop+1","Loop+1","Gash","Gash","Gash","Dark Shackles","Dark Shackles","Dark Shackles","Gash","Gash","Gash","Reboot","Reboot","Reboot","Loop","Loop","Loop","Lockon+1","Lockon+1","Lockon+1","Static Discharge","Static Discharge","Static Discharge+1","Gash+1","Gash+1","Gash+1","Capacitor","Capacitor","Capacitor","Double Energy","Double Energy","Double Energy"],"special_seed":17977,"relics":["Cracked Core","Orichalcum","Ectoplasm","Torii","Molten Egg 2","DataDisk","Pen Nib","Nuclear Battery","MawBank","Ice Cream","Meat on the Bone","Thread and Needle"],"potions_floor_usage":[7,13,13,13,22,23,27,27,33,39,46],"damage_taken":[{"damage":0,"enemies":"Small Slimes","floor":1,"turns":3},{"damage":0,"enemies":"Cultist","floor":2,"turns":2},{"damage":0,"enemies":"2 Louse","floor":4,"turns":2},{"damage":16,"enemies":"Lots of Slimes","floor":7,"turns":3},{"damage":0,"enemies":"3 Louse","floor":10,"turns":2},{"damage":4,"enemies":"Looter","floor":11,"turns":2},{"damage":0,"enemies":"Large Slime","floor":13,"turns":1},{"damage":2,"enemies":"Exordium Wildlife","floor":14,"turns":2},{"damage":21,"enemies":"Slime Boss","floor":16,"turns":6},{"damage":8,"enemies":"Spheric Guardian","floor":18,"turns":4},{"damage":6,"enemies":"Shell Parasite","floor":19,"turns":2},{"damage":4,"enemies":"Chosen and Byrds","floor":21,"turns":5},{"damage":21,"enemies":"Colosseum Slavers","floor":22,"turns":3},{"damage":0,"enemies":"Colosseum Nobs","floor":22,"turns":3},{"damage":20,"enemies":"Gremlin Leader","floor":23,"turns":4},{"damage":0,"enemies":"Snake Plant","floor":25,"turns":2},{"damage":12,"enemies":"Centurion and Healer","floor":27,"turns":3},{"damage":1,"enemies":"Sentry and Sphere","floor":29,"turns":4},{"damage":0,"enemies":"Chosen and Byrds","floor":30,"turns":3},{"damage":45,"enemies":"Collector","floor":33,"turns":7},{"damage":0,"enemies":"3 Shapes","floor":35,"turns":2},{"damage":0,"enemies":"3 Darklings","floor":37,"turns":5},{"damage":17,"enemies":"4 Shapes","floor":39,"turns":3},{"damage":12,"enemies":"Reptomancer","floor":44,"turns":4},{"damage":21,"enemies":"Sphere and 2 Shapes","floor":46,"turns":3},{"damage":0,"enemies":"Maw","floor":47,"turns":5},{"damage":10,"enemies":"Jaw Worm Horde","floor":48,"turns":4},{"damage":79,"enemies":"Awakened One","floor":50,"turns":5}],"seed_played":"-8450436515048289889","potions_obtained":[{"floor":1,"key":"AttackPotion"},{"floor":2,"key":"GamblersBrew"},{"floor":5,"key":"Poison Potion"},{"floor":10,"key":"SkillPotion"},{"floor":19,"key":"SpeedPotion"},{"floor":22,"key":"Ancient Potion"},{"floor":23,"key":"Strength Potion"},{"floor":25,"key":"Fire Potion"},{"floor":29,"key":"GamblersBrew"},{"floor":44,"key":"Ancient Potion"},{"floor":47,"key":"GamblersBrew"}],"is_trial":false,"path_per_floor":["M","M","$","M","?","R","M","?","T","M","M","R","M","M","R","B",null,"M","M","?","M","?","E","R","M","T","M","$","M","M","$","R","B",null,"M","?","M","$","M","R","T","T","T","E","R","M","M","M","R","B"],"character_chosen":"DEFECT","items_purchased":["Dark Shackles","Static Discharge","Capacitor","SkillPotion"],"campfire_rested":5,"item_purchase_floors":[3,28,31,38],"current_hp_per_floor":[75,75,75,75,75,75,59,59,59,59,55,75,75,73,73,52,75,67,61,75,71,50,30,52,52,52,40,40,39,39,39,61,16,75,75,75,75,75,58,58,58,58,58,46,68,47,47,49,71,0],"gold":31,"neow_bonus":"","is_prod":false,"is_daily":true,"chose_seed":false,"campfire_upgraded":3,"win_rate":0,"timestamp":1553231927,"path_taken":["M","M","$","M","?","R","?","?","T","M","M","R","M","M","R","BOSS","M","?","?","M","?","E","R","M","T","M","$","M","M","$","R","BOSS","M","?","M","$","M","R","?","?","T","E","R","M","?","M","R","BOSS"],"build_version":"2019-01-23","purchased_purges":0,"victory":false,"max_hp_per_floor":[75,75,75,75,75,75,75,75,75,75,75,75,75,75,75,75,75,75,75,75,75,75,75,75,75,75,75,75,75,75,75,75,75,75,75,75,75,75,75,75,75,75,75,75,75,75,75,75,75,75],"card_choices":[{"not_picked":["Compile Driver"],"picked":"Gash","floor":1},{"not_picked":["Rebound","Conserve Battery"],"picked":"SKIP","floor":2},{"not_picked":["Ball Lightning","Turbo"],"picked":"SKIP","floor":4},{"not_picked":["Sweeping Beam","Conserve Battery"],"picked":"SKIP","floor":7},{"not_picked":["Steam","Storm"],"picked":"SKIP","floor":10},{"not_picked":["Rebound","Hologram"],"picked":"SKIP","floor":11},{"not_picked":["Ball Lightning"],"picked":"Gash","floor":13},{"not_picked":["Recycle","Rebound"],"picked":"SKIP","floor":14},{"not_picked":["Machine Learning"],"picked":"Reboot","floor":16},{"not_picked":["Ball Lightning","Hologram"],"picked":"SKIP","floor":18},{"not_picked":["Storm","Ball Lightning"],"picked":"SKIP","floor":19},{"not_picked":["Steam","Stack+1"],"picked":"SKIP","floor":21},{"not_picked":["Ball Lightning+1","Tempest"],"picked":"SKIP","floor":23},{"not_picked":["Hello World"],"picked":"Loop","floor":25},{"not_picked":["Steam"],"picked":"Lockon+1","floor":27},{"not_picked":["Aggregate","Recycle+1"],"picked":"SKIP","floor":29},{"not_picked":["Echo Form"],"picked":"Gash+1","floor":30},{"not_picked":["Hologram+1","Leap"],"picked":"SKIP","floor":35},{"not_picked":["Steam Power","Sweeping Beam+1"],"picked":"SKIP","floor":37},{"not_picked":["Reprogram","Cold Snap+1"],"picked":"SKIP","floor":39},{"not_picked":["Blizzard+1","Lockon+1"],"picked":"SKIP","floor":44},{"not_picked":["Hologram+1","Compile Driver+1"],"picked":"SKIP","floor":46},{"not_picked":["Barrage+1","Conserve Battery"],"picked":"SKIP","floor":47},{"not_picked":["Stack"],"picked":"Double Energy","floor":48}],"player_experience":365061,"relics_obtained":[{"floor":9,"key":"Orichalcum"},{"floor":22,"key":"Torii"},{"floor":22,"key":"Molten Egg 2"},{"floor":23,"key":"DataDisk"},{"floor":26,"key":"Pen Nib"},{"floor":41,"key":"MawBank"},{"floor":42,"key":"Ice Cream"},{"floor":43,"key":"Meat on the Bone"},{"floor":44,"key":"Thread and Needle"}],"event_choices":[{"damage_healed":0,"gold_gain":0,"player_choice":"Bought 1 Potion","damage_taken":0,"max_hp_gain":0,"max_hp_loss":0,"event_name":"The Woman in Blue","floor":5,"gold_loss":0},{"damage_healed":0,"gold_gain":0,"player_choice":"Upgraded","damage_taken":0,"max_hp_gain":0,"max_hp_loss":0,"event_name":"Upgrade Shrine","floor":8,"gold_loss":0,"cards_upgraded":["Loop"]},{"damage_healed":25,"gold_gain":0,"player_choice":"Heal","damage_taken":0,"max_hp_gain":0,"max_hp_loss":0,"event_name":"The Library","floor":20,"gold_loss":0},{"damage_healed":0,"gold_gain":0,"player_choice":"Fight","damage_taken":0,"max_hp_gain":0,"max_hp_loss":0,"event_name":"Colosseum","floor":22,"gold_loss":0},{"damage_healed":0,"gold_gain":0,"player_choice":"Fought Nobs","damage_taken":0,"max_hp_gain":0,"max_hp_loss":0,"event_name":"Colosseum","floor":22,"gold_loss":0},{"damage_healed":0,"gold_gain":0,"player_choice":"Ignored","damage_taken":0,"max_hp_gain":0,"max_hp_loss":0,"event_name":"Mysterious Sphere","floor":36,"gold_loss":0}],"is_beta":false,"boss_relics":[{"not_picked":["Coffee Dripper","Velvet Choker"],"picked":"Ectoplasm"},{"not_picked":["Tiny House","Calling Bell"],"picked":"Nuclear Battery"}],"items_purged_floors":[],"is_endless":false,"potions_floor_spawned":[1,2,10,11,19,21,22,23,25,29,44,47],"killed_by":"Awakened One","ascension_level":0}