{"gold_per_floor":[11,11,31,106,120,153,153,171,245,245,265,265,265,291,291,291],"floor_reached":16,"playtime":546,"items_purged":[],"score":187,"play_id":"e1e44718-4996-4bdc-91f1-011ed3ce4150","local_time":"20190505181552","is_ascension_mode":true,"campfire_choices":[{"data":"Bash","floor":7,"key":"SMITH"},{"floor":10,"key":"REST"},{"floor":13,"key":"REST"},{"data":"Inflame","floor":15,"key":"SMITH"}],"neow_cost":"NO_GOLD","seed_source_timestamp":741481942061187,"circlet_count":0,"master_deck":["AscendersBane","Strike_R","Strike_R","Strike_R","Strike_R","Strike_R","Defend_R","Defend_R","Defend_R","Defend_R","Bash+1","Flame Barrier","Pummel","Carnage","Shrug It Off","Feed+1","Inflame+1"],"relics":["Burning Blood","Thread and Needle","Matryoshka","Lantern"],"potions_floor_usage":[6],"damage_taken":[{"damage":1,"enemies":"Small Slimes","floor":1,"turns":4},{"damage":11,"enemies":"Jaw Worm","floor":3,"turns":4},{"damage":10,"enemies":"Cultist","floor":5,"turns":4},{"damage":37,"enemies":"Gremlin Nob","floor":6,"turns":5},{"damage":38,"enemies":"Exordium Wildlife","floor":8,"turns":10},{"damage":0,"enemies":"Red Slaver","floor":11,"turns":4},{"damage":33,"enemies":"Lagavulin","floor":14,"turns":4},{"damage":45,"enemies":"Hexaghost","floor":16,"turns":9}],"seed_played":"653568792581186186","potions_obtained":[{"floor":5,"key":"Energy Potion"},{"floor":8,"key":"SneckoOil"}],"is_trial":false,"path_per_floor":["M","?","M","?","M","E","R","M","T","R","M","?","R","E","R","B"],"character_chosen":"IRONCLAD","items_purchased":[],"campfire_rested":2,"item_purchase_floors":[],"current_hp_per_floor":[87,87,82,74,70,39,39,7,7,33,39,39,65,42,42,0],"gold":291,"neow_bonus":"TWENTY_PERCENT_HP_BONUS","is_prod":false,"is_daily":false,"chose_seed":false,"campfire_upgraded":2,"win_rate":0,"timestamp":1557051352,"path_taken":["M","?","M","?","M","E","R","M","T","R","?","?","R","E","R","BOSS"],"build_version":"2019-01-23","purchased_purges":0,"victory":false,"max_hp_per_floor":[89,89,89,89,89,89,89,89,89,89,89,89,89,93,93,93],"card_choices":[{"not_picked":["Havoc","Cleave","Flex"],"picked":"SKIP","floor":1},{"not_picked":["Anger","Body Slam"],"picked":"Flame Barrier","floor":3},{"not_picked":["Anger","Cleave"],"picked":"Pummel","floor":5},{"not_picked":["Pommel Strike","Warcry"],"picked":"Carnage","floor":6},{"not_picked":["Bloodletting","Power Through"],"picked":"Shrug It Off","floor":8},{"not_picked":["Perfected Strike","Headbutt"],"picked":"Feed","floor":11},{"not_picked":["Burning Pact","Infernal Blade"],"picked":"Inflame","floor":14}],"player_experience":480064,"relics_obtained":[{"floor":6,"key":"Thread and Needle"},{"floor":9,"key":"Matryoshka"},{"floor":14,"key":"Lantern"}],"event_choices":[{"damage_healed":0,"gold_gain":0,"player_choice":"Leave","damage_taken":0,"max_hp_gain":0,"max_hp_loss":0,"event_name":"The Cleric","floor":2,"gold_loss":0},{"damage_healed":0,"gold_gain":75,"player_choice":"Touch","damage_taken":8,"max_hp_gain":0,"max_hp_loss":0,"event_name":"FaceTrader","floor":4,"gold_loss":0},{"damage_healed":0,"gold_gain":0,"player_choice":"Upgraded","damage_taken":0,"max_hp_gain":0,"max_hp_loss":0,"event_name":"Upgrade Shrine","floor":12,"gold_loss":0,"cards_upgraded":["Feed"]}],"is_beta":false,"boss_relics":[],"items_purged_floors":[],"is_endless":false,"potions_floor_spawned":[5,8],"killed_by":"Hexaghost","ascension_level":14}