{"gold_per_floor":[116,116,15,15,31,43,9,24,103,129,129,79,99,154,154,249,249,268,295,307,307],"floor_reached":21,"playtime":729,"items_purged":[],"score":169,"play_id":"7656ad31-fd07-45f5-83ed-31230e8b00ed","local_time":"20181114141936","is_ascension_mode":false,"campfire_choices":[{"floor":11,"key":"REST"},{"floor":15,"key":"REST"}],"neow_cost":"NONE","seed_source_timestamp":73831186889972,"circlet_count":0,"master_deck":["Strike_B","Strike_B","Strike_B","Strike_B","Defend_B","Defend_B","Defend_B","Zap","Dualcast","Sunder+1","Melter","Stack","Capacitor","Leap","White Noise","Gash","Rip and Tear","Barrage","Rainbow","Beam Cell"],"relics":["Busted Crown","Dodecahedron","Odd Mushroom","Bag of Preparation","Nuclear Battery","Red Mask"],"potions_floor_usage":[5,14,14],"damage_taken":[{"damage":2,"enemies":"Jaw Worm","floor":1,"turns":3},{"damage":0,"enemies":"2 Louse","floor":5,"turns":2},{"damage":10,"enemies":"Small Slimes","floor":6,"turns":3},{"damage":2,"enemies":"2 Fungi Beasts","floor":8,"turns":3},{"damage":26,"enemies":"The Mushroom Lair","floor":10,"turns":4},{"damage":9,"enemies":"Blue Slaver","floor":13,"turns":3},{"damage":6,"enemies":"Gremlin Nob","floor":14,"turns":3},{"damage":60,"enemies":"The Guardian","floor":16,"turns":8},{"damage":8,"enemies":"Shell Parasite","floor":18,"turns":3},{"damage":17,"enemies":"Masked Bandits","floor":19,"turns":5},{"damage":37,"enemies":"3 Byrds","floor":20,"turns":7},{"damage":16,"enemies":"3 Cultists","floor":21,"turns":3}],"seed_played":"-2906993335840333088","potions_obtained":[{"floor":1,"key":"FearPotion"},{"floor":10,"key":"Explosive Potion"},{"floor":13,"key":"Regen Potion"},{"floor":20,"key":"GamblersBrew"}],"is_trial":false,"path_per_floor":["M","?","$","?","M","M","$","M","T","?","R","?","M","?","R","B",null,"M","?","M","M"],"character_chosen":"DEFECT","items_purchased":["Melter","Stack","White Noise"],"campfire_rested":2,"item_purchase_floors":[3,3,7],"current_hp_per_floor":[73,73,73,73,73,63,63,61,61,35,57,57,48,42,64,4,75,67,50,13,0],"gold":307,"neow_bonus":"BOSS_RELIC","is_prod":false,"is_daily":false,"chose_seed":false,"campfire_upgraded":0,"win_rate":0,"timestamp":1542233976,"path_taken":["M","?","$","?","M","M","$","M","T","?","R","?","?","?","R","BOSS","M","?","M","M"],"build_version":"2018-11-08","purchased_purges":0,"victory":false,"max_hp_per_floor":[75,75,75,75,75,75,75,75,75,75,75,75,75,75,75,75,75,75,75,75,75],"card_choices":[{"not_picked":[],"picked":"Sunder","floor":1},{"not_picked":[],"picked":"Capacitor","floor":5},{"not_picked":[],"picked":"Leap","floor":6},{"not_picked":[],"picked":"Gash","floor":8},{"not_picked":[],"picked":"Rip and Tear","floor":10},{"not_picked":["Storm"],"picked":"SKIP","floor":13},{"not_picked":[],"picked":"Barrage","floor":14},{"not_picked":[],"picked":"Rainbow","floor":16},{"not_picked":["Melter"],"picked":"SKIP","floor":18},{"not_picked":[],"picked":"Beam Cell","floor":19},{"not_picked":["Cold Snap+1"],"picked":"SKIP","floor":20}],"player_experience":91425,"relics_obtained":[{"floor":9,"key":"Dodecahedron"},{"floor":10,"key":"Odd Mushroom"},{"floor":14,"key":"Bag of Preparation"},{"floor":19,"key":"Red Mask"}],"event_choices":[{"damage_healed":0,"gold_gain":0,"player_choice":"Grow","damage_taken":0,"max_hp_gain":0,"max_hp_loss":0,"event_name":"Living Wall","floor":2,"gold_loss":0,"cards_upgraded":["Sunder"]},{"damage_healed":0,"gold_gain":0,"player_choice":"Ignored","damage_taken":0,"max_hp_gain":0,"max_hp_loss":0,"event_name":"Liars Game","floor":4,"gold_loss":0},{"damage_healed":0,"gold_gain":0,"player_choice":"Fought Mushrooms","damage_taken":0,"max_hp_gain":0,"max_hp_loss":0,"event_name":"Mushrooms","floor":10,"gold_loss":0},{"cards_removed":["Defend_B"],"damage_healed":0,"gold_gain":0,"player_choice":"Card Removal","damage_taken":0,"max_hp_gain":0,"max_hp_loss":0,"event_name":"The Cleric","floor":12,"gold_loss":50},{"damage_healed":0,"gold_gain":0,"player_choice":"Searched \u00271\u0027 times","damage_taken":0,"max_hp_gain":0,"max_hp_loss":0,"event_name":"Dead Adventurer","floor":14,"gold_loss":0},{"damage_healed":0,"gold_gain":0,"player_choice":"Fought Bandits","damage_taken":0,"max_hp_gain":0,"max_hp_loss":0,"event_name":"Masked Bandits","floor":19,"gold_loss":0}],"is_beta":false,"boss_relics":[{"not_picked":["Orrery","Coffee Dripper"],"picked":"Nuclear Battery"}],"items_purged_floors":[],"is_endless":false,"potions_floor_spawned":[1,10,13,20],"killed_by":"3 Cultists","ascension_level":0}