{"gold_per_floor":[114,114,129,144,159,159,159,159,159,25,55,70,95,110,110,210,210,225,240,255,270,270,270],"floor_reached":23,"playtime":969,"items_purged":[],"score":195,"play_id":"aeb77a3f-ae45-4d5f-bfd1-824d4771372a","local_time":"20180821221208","daily_mods":["Diverse","Uncertain Future","Lethality"],"is_ascension_mode":false,"campfire_choices":[{"floor":6,"key":"REST"},{"data":"Dualcast","floor":8,"key":"SMITH"},{"floor":15,"key":"REST"}],"neow_cost":"","seed_source_timestamp":0,"circlet_count":0,"master_deck":["Strike_B","Strike_B","Strike_B","Strike_B","Defend_B","Defend_B","Defend_B","Defend_B","Zap","Dualcast+1","Tempest+1","Quick Slash","PiercingWail","Iron Wave","Self Repair","Outmaneuver","Ball Lightning","Anger","Cloak And Dagger","Slice","All For One","Intimidate"],"special_seed":17765,"relics":["Cracked Core","Mummified Hand","Ornamental Fan","Dream Catcher","Art of War","Fusion Hammer","CultistMask"],"potions_floor_usage":[19,19,19],"damage_taken":[{"damage":0,"enemies":"Cultist","floor":1,"turns":2},{"damage":0,"enemies":"2 Louse","floor":3,"turns":2},{"damage":9,"enemies":"Jaw Worm","floor":4,"turns":2},{"damage":10,"enemies":"Looter","floor":5,"turns":3},{"damage":35,"enemies":"3 Sentries","floor":11,"turns":5},{"damage":8,"enemies":"Exordium Thugs","floor":12,"turns":3},{"damage":3,"enemies":"3 Louse","floor":14,"turns":3},{"damage":8,"enemies":"Slime Boss","floor":16,"turns":7},{"damage":0,"enemies":"3 Byrds","floor":18,"turns":4},{"damage":8,"enemies":"Shell Parasite","floor":19,"turns":2},{"damage":35,"enemies":"Cultist and Chosen","floor":20,"turns":6},{"damage":36,"enemies":"Centurion and Healer","floor":21,"turns":4},{"damage":32,"enemies":"Book of Stabbing","floor":23,"turns":3}],"seed_played":"-3582154799365427679","potions_obtained":[{"floor":1,"key":"FocusPotion"},{"floor":5,"key":"SneckoOil"},{"floor":14,"key":"FocusPotion"},{"floor":18,"key":"Dexterity Potion"},{"floor":20,"key":"FairyPotion"}],"is_trial":false,"path_per_floor":["M","T","M","M","M","R","?","R","T","$","E","M","T","M","R","B",null,"M","M","M","M","?"],"character_chosen":"DEFECT","items_purchased":["Self Repair","Outmaneuver","Ball Lightning"],"campfire_rested":2,"item_purchase_floors":[10,10,10],"current_hp_per_floor":[75,75,75,66,56,75,75,75,75,75,47,46,46,43,65,64,75,75,74,46,17,17,0],"gold":270,"neow_bonus":"","is_prod":false,"is_daily":true,"chose_seed":false,"campfire_upgraded":1,"win_rate":0,"timestamp":1534914728,"path_taken":["M","?","M","M","M","R","?","R","T","$","E","M","?","M","R","BOSS","M","M","M","M","?","E"],"build_version":"2018-08-16","purchased_purges":0,"victory":false,"max_hp_per_floor":[75,75,75,75,75,75,75,75,75,75,75,75,75,75,75,75,75,75,75,75,75,75,75],"card_choices":[{"not_picked":["Leg Sweep","Scrape"],"picked":"Tempest","floor":1},{"not_picked":["Compile Driver","Power Through"],"picked":"Quick Slash","floor":3},{"not_picked":["Clash","Hologram"],"picked":"PiercingWail","floor":4},{"not_picked":["Conserve Battery","Disarm"],"picked":"Iron Wave","floor":5},{"not_picked":["Heel Hook","Wild Strike"],"picked":"Anger","floor":11},{"not_picked":["Cold Snap","Streamline"],"picked":"Cloak And Dagger","floor":12},{"not_picked":["Bane","Backflip","Headbutt"],"picked":"SKIP","floor":14},{"not_picked":["Hyperbeam","Heavy Blade"],"picked":"Slice","floor":15},{"not_picked":["Rainbow","Electrodynamics"],"picked":"All For One","floor":16},{"not_picked":["Barrage","Self Repair","Blizzard"],"picked":"SKIP","floor":18},{"not_picked":["Defragment+1","Perfected Strike+1","Barrage+1"],"picked":"SKIP","floor":19},{"not_picked":["True Grit","Sweeping Beam","Lockon"],"picked":"SKIP","floor":20},{"not_picked":["White Noise","Dagger Spray"],"picked":"Intimidate","floor":21}],"player_experience":34346,"relics_obtained":[{"floor":2,"key":"Mummified Hand"},{"floor":9,"key":"Ornamental Fan"},{"floor":11,"key":"Dream Catcher"},{"floor":13,"key":"Art of War"}],"event_choices":[{"event_name":"Living Wall","player_choice":"Grow","floor":7,"damage_taken":0},{"event_name":"FaceTrader","player_choice":"Trade","floor":22,"damage_taken":0}],"is_beta":false,"boss_relics":[{"not_picked":["Tiny House","Eternal Feather"],"picked":"Fusion Hammer"}],"items_purged_floors":[],"is_endless":false,"potions_floor_spawned":[1,5,14,18,20],"killed_by":"Book of Stabbing","ascension_level":0}