{"gold_per_floor":[144,189,234,297,342,342,387,387,387,387,19,68,68,117,117,442,442,491,540,18,18,18,18,18,18,93,14,63,63,112,161,161,486,486,535,535,535,7,56,56,56,56],"floor_reached":42,"playtime":1431,"items_purged":[],"score":488,"play_id":"2860b0ed-180f-4122-8d76-f88d892f61f7","local_time":"20180818004509","daily_mods":["Specialized","Midas","Time Dilation"],"is_ascension_mode":false,"campfire_choices":[{"floor":6,"key":"REST"},{"data":"1","floor":10,"key":"LIFT"},{"data":"2","floor":13,"key":"LIFT"},{"data":"3","floor":15,"key":"LIFT"},{"floor":23,"key":"REST"},{"floor":29,"key":"REST"},{"floor":32,"key":"REST"},{"floor":40,"key":"REST"}],"neow_cost":"","seed_source_timestamp":0,"circlet_count":0,"master_deck":["Defend_R","Defend_R","Defend_R","Bash","Double Tap","Double Tap","Double Tap","Double Tap","Double Tap","Infernal Blade","Carnage","Shrug It Off","Searing Blow","Disarm","Whirlwind","Sword Boomerang","Thunderclap","Immolate","Hemokinesis","Heavy Blade+1","Body Slam","Cleave","Flex","Bite","Bite","Bite","Bite","Bite","Flex+1","Flex","Cleave","Inflame","Metallicize+1","Offering","Warcry+1","Secret Weapon","Headbutt","Perfected Strike+1","Spot Weakness","Shame"],"special_seed":17761,"relics":["Burning Blood","Golden Idol","Girya","Ornamental Fan","Velvet Choker","Gremlin Horn","Pear","Red Mask","Matryoshka","Dream Catcher","Black Star","Gambling Chip","Ice Cream"],"potions_floor_usage":[],"damage_taken":[{"damage":6,"enemies":"Cultist","floor":1,"turns":4},{"damage":8,"enemies":"Small Slimes","floor":2,"turns":2},{"damage":0,"enemies":"2 Louse","floor":3,"turns":2},{"damage":36,"enemies":"Exordium Thugs","floor":5,"turns":4},{"damage":16,"enemies":"Blue Slaver","floor":7,"turns":4},{"damage":5,"enemies":"Looter","floor":12,"turns":2},{"damage":10,"enemies":"3 Louse","floor":14,"turns":3},{"damage":53,"enemies":"The Guardian","floor":16,"turns":6},{"damage":10,"enemies":"Chosen","floor":18,"turns":3},{"damage":0,"enemies":"2 Thieves","floor":19,"turns":1},{"damage":0,"floor":21,"turns":2},{"damage":5,"enemies":"Chosen and Byrds","floor":28,"turns":3},{"damage":0,"enemies":"Centurion and Healer","floor":30,"turns":2},{"damage":5,"enemies":"3 Cultists","floor":31,"turns":3},{"damage":14,"enemies":"Collector","floor":33,"turns":5},{"damage":27,"enemies":"Flame Bruiser 1 Orb","floor":35,"turns":3},{"damage":17,"enemies":"3 Shapes","floor":39,"turns":2},{"damage":57,"enemies":"Nemesis","floor":42,"turns":3}],"seed_played":"-4914512092917117765","potions_obtained":[{"floor":5,"key":"BloodPotion"},{"floor":14,"key":"BloodPotion"}],"is_trial":false,"path_per_floor":["M","M","M","?","M","R","M","?","T","R","$","M","R","M","R","B",null,"M","M","$","?","?","R","?","?","T","?","M","R","M","M","R","B",null,"M","?","?","$","M","R","?"],"character_chosen":"IRONCLAD","items_purchased":["Ornamental Fan","Whirlwind","Strength Potion","Gremlin Horn","Pear","Body Slam","Ice Cream","Secret Weapon","Headbutt"],"campfire_rested":5,"item_purchase_floors":[11,11,11,20,20,20,38,38,38],"current_hp_per_floor":[80,78,80,80,50,74,64,64,64,64,64,65,65,61,61,14,74,70,74,84,84,84,84,84,58,58,58,58,58,58,61,61,59,61,42,42,42,42,35,53,53,0],"gold":56,"neow_bonus":"","is_prod":false,"is_daily":true,"chose_seed":false,"campfire_upgraded":0,"win_rate":0,"timestamp":1534578309,"path_taken":["M","?","M","?","M","R","M","?","T","R","$","M","R","M","R","BOSS","M","M","$","?","?","R","?","?","T","?","?","R","M","M","R","BOSS","M","?","?","$","M","R","?","E"],"build_version":"2018-08-16","purchased_purges":0,"victory":false,"max_hp_per_floor":[80,80,80,80,80,80,80,74,74,74,74,74,74,74,74,74,74,74,74,84,84,84,84,84,58,58,58,58,58,58,61,61,61,61,61,61,61,61,61,61,61,61],"card_choices":[{"not_picked":["Twin Strike","Evolve"],"picked":"Infernal Blade","floor":1},{"not_picked":["True Grit","Clothesline"],"picked":"Carnage","floor":2},{"not_picked":["Headbutt","Dark Embrace"],"picked":"Shrug It Off","floor":3},{"not_picked":["Thunderclap","Shrug It Off"],"picked":"Searing Blow","floor":5},{"not_picked":["Twin Strike","Pommel Strike"],"picked":"Disarm","floor":7},{"not_picked":["Dual Wield","Feed"],"picked":"Sword Boomerang","floor":12},{"not_picked":["Sword Boomerang","Disarm"],"picked":"Thunderclap","floor":14},{"not_picked":["Dark Embrace","Reaper"],"picked":"Immolate","floor":16},{"not_picked":["Twin Strike","Shrug It Off"],"picked":"Hemokinesis","floor":18},{"not_picked":["Warcry","Body Slam"],"picked":"Heavy Blade+1","floor":19},{"not_picked":["Clash","Feel No Pain"],"picked":"Cleave","floor":21},{"not_picked":["Spot Weakness","Searing Blow"],"picked":"Flex+1","floor":28},{"not_picked":["Havoc","Uppercut"],"picked":"Flex","floor":29},{"not_picked":["Wild Strike","Shrug It Off+1"],"picked":"Cleave","floor":30},{"not_picked":["Perfected Strike","Havoc"],"picked":"Inflame","floor":31},{"not_picked":["Burning Pact","Shrug It Off+1"],"picked":"Metallicize+1","floor":32},{"not_picked":["Exhume","Immolate"],"picked":"Offering","floor":33},{"not_picked":["Whirlwind+1","Cleave"],"picked":"Warcry+1","floor":35},{"not_picked":["Uppercut","Sentinel"],"picked":"Perfected Strike+1","floor":39},{"not_picked":["Sword Boomerang","Iron Wave"],"picked":"Spot Weakness","floor":40}],"player_experience":21357,"relics_obtained":[{"floor":9,"key":"Girya"},{"floor":21,"key":"Red Mask"},{"floor":26,"key":"Matryoshka"}],"event_choices":[{"event_name":"Golden Wing","player_choice":"Gained Gold","floor":4,"damage_taken":0},{"event_name":"Golden Idol","player_choice":"Lose Max HP","floor":8,"damage_taken":0},{"event_name":"Masked Bandits","player_choice":"Fought Bandits","floor":21,"damage_taken":0},{"event_name":"The Library","player_choice":"Read","floor":22,"damage_taken":0},{"event_name":"Ghosts","player_choice":"Ignored","floor":24,"damage_taken":0},{"event_name":"Vampires","player_choice":"Became a vampire","floor":25,"damage_taken":0},{"event_name":"WeMeetAgain","player_choice":"Gold","floor":27,"damage_taken":0},{"event_name":"Accursed Blacksmith","player_choice":"Rummage","floor":36,"damage_taken":0},{"event_name":"Falling","player_choice":"Removed Skill","floor":37,"damage_taken":0},{"event_name":"Transmorgrifier","player_choice":"Transform","floor":41,"damage_taken":0}],"is_beta":false,"boss_relics":[{"not_picked":["Eternal Feather","White Beast Statue"],"picked":"Velvet Choker"},{"not_picked":["Empty Cage","Philosopher\u0027s Stone"],"picked":"Black Star"}],"items_purged_floors":[],"is_endless":false,"potions_floor_spawned":[5,14,16,19,28,39],"killed_by":"Nemesis","ascension_level":0}