{"gold_per_floor":[110,124,144,163,139,168,187,187,187,187,199,213,230,255,255,357,357,368,378,378],"floor_reached":20,"playtime":974,"items_purged":[],"score":295,"play_id":"01c0fe17-6254-4b88-bf5b-9309be50c4de","local_time":"20190505230741","is_ascension_mode":true,"campfire_choices":[{"data":"Reinforced Body","floor":8,"key":"SMITH"},{"floor":10,"key":"REST"},{"floor":15,"key":"REST"}],"neow_cost":"NONE","seed_source_timestamp":1483208925685160,"circlet_count":0,"master_deck":["AscendersBane","Strike_B","Strike_B","Strike_B","Strike_B","Defend_B","Defend_B","Defend_B","Defend_B","Zap+1","Dualcast","Reinforced Body+1","Melter","Leap","Barrage","Coolheaded","Leap","Cold Snap","Coolheaded","Streamline","Beam Cell","Beam Cell","FTL","Machine Learning","Go for the Eyes"],"relics":["Cracked Core","Dream Catcher","Shuriken","Nunchaku","Eternal Feather"],"potions_floor_usage":[7,14,20],"damage_taken":[{"damage":0,"enemies":"Cultist","floor":1,"turns":3},{"damage":0,"enemies":"2 Louse","floor":2,"turns":2},{"damage":2,"enemies":"Jaw Worm","floor":3,"turns":3},{"damage":1,"enemies":"Exordium Wildlife","floor":4,"turns":3},{"damage":20,"enemies":"3 Sentries","floor":6,"turns":8},{"damage":17,"enemies":"Gremlin Gang","floor":7,"turns":4},{"damage":5,"enemies":"Blue Slaver","floor":11,"turns":3},{"damage":0,"enemies":"3 Louse","floor":12,"turns":4},{"damage":10,"enemies":"Exordium Wildlife","floor":13,"turns":6},{"damage":18,"enemies":"Lagavulin","floor":14,"turns":5},{"damage":20,"enemies":"The Guardian","floor":16,"turns":13},{"damage":29,"enemies":"2 Thieves","floor":18,"turns":5},{"damage":8,"enemies":"Chosen","floor":19,"turns":4},{"damage":36,"enemies":"3 Cultists","floor":20,"turns":4}],"seed_played":"-8907258070041826843","potions_obtained":[{"floor":1,"key":"Explosive Potion"},{"floor":3,"key":"PowerPotion"},{"floor":7,"key":"Energy Potion"},{"floor":12,"key":"EssenceOfSteel"},{"floor":14,"key":"Energy Potion"},{"floor":18,"key":"Block Potion"}],"is_trial":false,"path_per_floor":["M","M","M","M","$","E","M","R","T","R","M","M","M","E","R","B",null,"M","M","M"],"character_chosen":"DEFECT","items_purchased":["Coolheaded"],"campfire_rested":2,"item_purchase_floors":[5],"current_hp_per_floor":[68,68,66,65,65,45,28,28,28,50,45,45,35,17,39,19,61,32,24,0],"gold":378,"neow_bonus":"UPGRADE_CARD","is_prod":false,"is_daily":false,"chose_seed":false,"campfire_upgraded":1,"win_rate":0,"timestamp":1557068861,"path_taken":["M","M","M","M","$","E","M","R","T","R","M","M","M","E","R","BOSS","M","M","?"],"build_version":"2019-01-23","purchased_purges":0,"victory":false,"max_hp_per_floor":[75,75,75,75,75,75,75,75,75,75,75,75,75,75,75,75,75,75,75,75],"card_choices":[{"not_picked":["Streamline","Fusion"],"picked":"Reinforced Body","floor":1},{"not_picked":["Compile Driver","Auto Shields"],"picked":"Melter","floor":2},{"not_picked":["Static Discharge","Conserve Battery"],"picked":"Leap","floor":3},{"not_picked":["Thunder Strike","Turbo"],"picked":"Barrage","floor":4},{"not_picked":["Hologram","Redo"],"picked":"Leap","floor":6},{"not_picked":["Aggregate","FTL"],"picked":"Cold Snap","floor":7},{"not_picked":["Meteor Strike","Cold Snap"],"picked":"Coolheaded","floor":10},{"not_picked":["Rebound","Gash"],"picked":"Streamline","floor":11},{"not_picked":["Consume","Conserve Battery"],"picked":"Beam Cell","floor":12},{"not_picked":["Auto Shields","Coolheaded"],"picked":"Beam Cell","floor":13},{"not_picked":["Stack","Coolheaded","Double Energy"],"picked":"SKIP","floor":14},{"not_picked":["Darkness","Beam Cell"],"picked":"FTL","floor":15},{"not_picked":["Hyperbeam","Rainbow"],"picked":"Machine Learning","floor":16},{"not_picked":["Compile Driver","Steam Power","Ball Lightning"],"picked":"SKIP","floor":18},{"not_picked":["Skim","Static Discharge"],"picked":"Go for the Eyes","floor":19}],"player_experience":733830,"relics_obtained":[{"floor":6,"key":"Dream Catcher"},{"floor":9,"key":"Shuriken"},{"floor":14,"key":"Nunchaku"}],"event_choices":[],"is_beta":false,"boss_relics":[{"not_picked":["Black Star","Philosopher\u0027s Stone"],"picked":"Eternal Feather"}],"items_purged_floors":[],"is_endless":false,"potions_floor_spawned":[1,3,6,7,12,14,18],"killed_by":"3 Cultists","ascension_level":11}