{"gold_per_floor":[117,128,128,142,153,153,217,236,236,236],"floor_reached":10,"playtime":758,"items_purged":[],"score":74,"play_id":"b9356eb3-33d8-432f-81a3-845e8ec28be3","local_time":"20190411003433","is_ascension_mode":true,"campfire_choices":[{"floor":6,"key":"REST"}],"neow_cost":"NONE","seed_source_timestamp":108583841649922,"circlet_count":0,"master_deck":["Defend_G","Defend_G","Defend_G","Defend_G","Defend_G","Strike_G","Strike_G","Strike_G","Strike_G","Strike_G","Survivor","Neutralize","Endless Agony+1","Quick Slash","Deadly Poison","Outmaneuver","Sucker Punch","Crippling Poison"],"relics":["Ring of the Snake","NeowsBlessing","Tiny Chest","Molten Egg 2"],"potions_floor_usage":[5,5,10],"damage_taken":[{"damage":0,"enemies":"Jaw Worm","floor":1,"turns":1},{"damage":0,"enemies":"Cultist","floor":2,"turns":1},{"damage":0,"enemies":"Small Slimes","floor":4,"turns":1},{"damage":20,"enemies":"Gremlin Gang","floor":5,"turns":4},{"damage":27,"enemies":"3 Sentries","floor":7,"turns":10},{"damage":10,"enemies":"Looter","floor":8,"turns":3},{"damage":40,"enemies":"Lagavulin","floor":10,"turns":5}],"seed_played":"-1493530675685511061","potions_obtained":[{"floor":2,"key":"Energy Potion"},{"floor":4,"key":"PowerPotion"},{"floor":8,"key":"Weak Potion"}],"is_trial":false,"path_per_floor":["M","M","?","M","M","R","E","M","T","E"],"character_chosen":"THE_SILENT","items_purchased":[],"campfire_rested":1,"item_purchase_floors":[],"current_hp_per_floor":[70,70,70,70,50,70,43,33,33,0],"gold":236,"neow_bonus":"THREE_ENEMY_KILL","is_prod":false,"is_daily":false,"chose_seed":false,"campfire_upgraded":0,"win_rate":0,"timestamp":1554968073,"path_taken":["M","M","?","M","M","R","E","M","T","E"],"build_version":"2019-01-23","purchased_purges":0,"victory":false,"max_hp_per_floor":[70,70,70,70,70,70,70,70,70,70],"card_choices":[{"not_picked":["Dodge and Roll","Leg Sweep"],"picked":"Endless Agony","floor":1},{"not_picked":["All Out Attack","Bane"],"picked":"Quick Slash","floor":2},{"not_picked":["Riddle With Holes","Dodge and Roll"],"picked":"Deadly Poison","floor":4},{"not_picked":["Endless Agony","Reflex"],"picked":"Outmaneuver","floor":5},{"not_picked":["Heel Hook","Escape Plan"],"picked":"Sucker Punch","floor":7},{"not_picked":["Sucker Punch","Finisher"],"picked":"Crippling Poison","floor":8}],"player_experience":418306,"relics_obtained":[{"floor":7,"key":"Tiny Chest"},{"floor":9,"key":"Molten Egg 2"}],"event_choices":[{"damage_healed":0,"gold_gain":0,"player_choice":"Grow","damage_taken":0,"max_hp_gain":0,"max_hp_loss":0,"event_name":"Living Wall","floor":3,"gold_loss":0,"cards_upgraded":["Endless Agony"]}],"is_beta":false,"boss_relics":[],"items_purged_floors":[],"is_endless":false,"potions_floor_spawned":[2,4,8],"killed_by":"Lagavulin","ascension_level":1}