{"gold_per_floor":[112,129,129,129,77,77,89,89,89,114,131,131,1,16,16,88,88,106,6,22,40,59,59,78,78,78,98,98],"floor_reached":28,"playtime":1104,"items_purged":["Strike_R","Strike_R"],"score":444,"play_id":"4594a51c-cb21-49a7-a5d2-638009168281","local_time":"20190502002746","is_ascension_mode":true,"campfire_choices":[{"floor":6,"key":"REST"},{"data":"Body Slam","floor":8,"key":"SMITH"},{"data":"Armaments","floor":15,"key":"SMITH"},{"data":"Armaments","floor":23,"key":"SMITH"}],"neow_cost":"PERCENT_DAMAGE","seed_source_timestamp":3842916349446242,"circlet_count":0,"master_deck":["AscendersBane","Strike_R","Strike_R","Strike_R","Defend_R","Defend_R","Defend_R+1","Defend_R","Bash+1","Iron Wave","Shrug It Off","Body Slam+1","Iron Wave","Ghostly Armor","Disarm","Shrug It Off","Armaments+1","Demon Form","Armaments+1","Iron Wave","Dropkick","Pummel","Decay","Sentinel+1"],"relics":["Burning Blood","Calipers","Pear","Prayer Wheel","Velvet Choker","Peace Pipe"],"potions_floor_usage":[10,18,22,22,24,27,28],"damage_taken":[{"damage":11,"enemies":"Jaw Worm","floor":1,"turns":5},{"damage":2,"enemies":"2 Louse","floor":2,"turns":3},{"damage":7,"enemies":"Cultist","floor":7,"turns":4},{"damage":14,"enemies":"Lagavulin","floor":10,"turns":5},{"damage":0,"enemies":"2 Fungi Beasts","floor":11,"turns":3},{"damage":13,"enemies":"Exordium Thugs","floor":14,"turns":5},{"damage":38,"enemies":"The Guardian","floor":16,"turns":21},{"damage":12,"enemies":"Chosen","floor":18,"turns":7},{"damage":23,"enemies":"Spheric Guardian","floor":20,"turns":8},{"damage":10,"enemies":"Snake Plant","floor":21,"turns":5},{"damage":4,"enemies":"Cultist and Chosen","floor":22,"turns":7},{"damage":27,"enemies":"3 Cultists","floor":24,"turns":8},{"damage":18,"enemies":"Snake Plant","floor":27,"turns":7},{"damage":18,"enemies":"Sentry and Sphere","floor":28,"turns":5}],"seed_played":"-3488447341924211068","potions_obtained":[{"floor":2,"key":"Block Potion"},{"floor":4,"key":"SpeedPotion"},{"floor":11,"key":"FairyPotion"},{"floor":14,"key":"EssenceOfSteel"},{"floor":21,"key":"Weak Potion"},{"floor":22,"key":"GamblersBrew"},{"floor":24,"key":"SpeedPotion"},{"floor":27,"key":"Energy Potion"}],"is_trial":false,"path_per_floor":["M","M","?","?","$","R","M","R","T","E","M","?","$","M","R","B",null,"M","$","M","M","M","R","M","?","T","M","M"],"character_chosen":"IRONCLAD","items_purchased":["Shrug It Off","Shrug It Off"],"campfire_rested":1,"item_purchase_floors":[5,13],"current_hp_per_floor":[45,49,26,26,26,48,47,47,57,49,55,55,55,48,48,16,68,62,62,45,41,43,43,22,22,22,10,0],"gold":98,"neow_bonus":"ONE_RARE_RELIC","is_prod":false,"is_daily":false,"chose_seed":false,"campfire_upgraded":3,"win_rate":0,"timestamp":1556753266,"path_taken":["M","M","?","?","$","R","M","R","T","E","?","?","$","M","R","BOSS","M","$","M","M","M","R","M","?","T","M","M"],"build_version":"2019-01-23","purchased_purges":2,"victory":false,"max_hp_per_floor":[75,75,75,75,75,75,75,75,85,85,85,85,85,85,85,85,85,85,85,85,85,85,85,85,85,85,85,85],"card_choices":[{"not_picked":["Heavy Blade","Headbutt"],"picked":"Iron Wave","floor":1},{"not_picked":["Anger","Flex","Twin Strike"],"picked":"SKIP","floor":2},{"not_picked":["Combust","Barricade"],"picked":"Body Slam","floor":7},{"not_picked":["Headbutt","Sword Boomerang"],"picked":"Iron Wave","floor":10},{"not_picked":["Clothesline","Cleave"],"picked":"Ghostly Armor","floor":11},{"not_picked":["Reckless Charge","Clash"],"picked":"Disarm","floor":11},{"not_picked":["Wild Strike","Carnage"],"picked":"Armaments","floor":14},{"not_picked":["Second Wind","Searing Blow","Sword Boomerang"],"picked":"SKIP","floor":14},{"not_picked":["Feed","Exhume"],"picked":"Demon Form","floor":16},{"not_picked":["Pummel","Perfected Strike"],"picked":"Armaments","floor":18},{"not_picked":["Perfected Strike","Burning Pact"],"picked":"Iron Wave","floor":18},{"not_picked":["Wild Strike","Rampage","Double Tap"],"picked":"SKIP","floor":20},{"not_picked":["Headbutt","Second Wind","Anger"],"picked":"SKIP","floor":20},{"not_picked":["Twin Strike","Barricade"],"picked":"Dropkick","floor":21},{"not_picked":["Thunderclap","Havoc","Sever Soul"],"picked":"SKIP","floor":21},{"not_picked":["Wild Strike+1","Twin Strike","Thunderclap"],"picked":"SKIP","floor":22},{"not_picked":["Clash","Second Wind","Rupture"],"picked":"SKIP","floor":22},{"not_picked":["Reckless Charge","Warcry"],"picked":"Pummel","floor":24},{"not_picked":["Second Wind+1","Thunderclap","Clash"],"picked":"SKIP","floor":24},{"not_picked":["Clash","Blood for Blood"],"picked":"Sentinel+1","floor":27},{"not_picked":["Berserk","Searing Blow","Thunderclap"],"picked":"SKIP","floor":27}],"player_experience":794416,"relics_obtained":[{"floor":9,"key":"Pear"},{"floor":10,"key":"Prayer Wheel"},{"floor":26,"key":"Peace Pipe"}],"event_choices":[{"damage_healed":0,"gold_gain":0,"player_choice":"Entered Light","damage_taken":23,"max_hp_gain":0,"max_hp_loss":0,"event_name":"Shining Light","floor":3,"gold_loss":0,"cards_upgraded":["Defend_R","Bash"]},{"damage_healed":0,"gold_gain":0,"player_choice":"Got Potions","damage_taken":0,"max_hp_gain":0,"max_hp_loss":0,"event_name":"Lab","floor":4,"gold_loss":0},{"damage_healed":0,"gold_gain":0,"player_choice":"0 cards matched","damage_taken":0,"max_hp_gain":0,"max_hp_loss":0,"event_name":"Match and Keep!","floor":12,"gold_loss":0,"cards_obtained":[]},{"damage_healed":0,"gold_gain":0,"player_choice":"Smashed Altar","damage_taken":0,"max_hp_gain":0,"max_hp_loss":0,"event_name":"Forgotten Altar","floor":25,"gold_loss":0,"cards_obtained":["Decay"]}],"is_beta":false,"boss_relics":[{"not_picked":["Mark of Pain","Coffee Dripper"],"picked":"Velvet Choker"}],"items_purged_floors":[13,19],"is_endless":false,"potions_floor_spawned":[2,11,14,16,21,22,24,27],"killed_by":"Sentry and Sphere","ascension_level":20}