{"gold_per_floor":[116,134,16,27,42,75,94,94,94,110,110,85,96,110,110,211,211,222,237,237,237,237,237,248,248],"floor_reached":25,"playtime":775,"items_purged":[],"score":217,"play_id":"31f889b9-81a6-4d16-8876-f6755955e6b6","local_time":"20190118210744","is_ascension_mode":true,"campfire_choices":[{"floor":8,"key":"REST"},{"data":"Catalyst","floor":11,"key":"SMITH"},{"floor":15,"key":"REST"},{"data":"Infinite Blades","floor":23,"key":"SMITH"}],"neow_cost":"NONE","seed_source_timestamp":422653677201563,"circlet_count":0,"master_deck":["Defend_G","Defend_G","Defend_G","Defend_G","Defend_G","Strike_G","Strike_G","Strike_G","Strike_G","Strike_G","Survivor","Neutralize","Poisoned Stab","Dagger Spray","Bane","Cloak And Dagger","Dagger Spray","Blade Dance","Die Die Die","Backstab","Catalyst+1","PiercingWail","Outmaneuver","Infinite Blades+1","Adrenaline","Quick Slash","Distraction","Poisoned Stab","Infinite Blades+1"],"relics":["Ring of the Snake","Regal Pillow","Runic Pyramid","Lantern"],"potions_floor_usage":[6,16,16,19,19],"damage_taken":[{"damage":0,"enemies":"Cultist","floor":1,"turns":3},{"damage":0,"enemies":"2 Louse","floor":2,"turns":2},{"damage":0,"enemies":"Small Slimes","floor":4,"turns":2},{"damage":2,"enemies":"Exordium Wildlife","floor":5,"turns":4},{"damage":34,"enemies":"3 Sentries","floor":6,"turns":5},{"damage":0,"enemies":"2 Fungi Beasts","floor":7,"turns":1},{"damage":24,"enemies":"Exordium Thugs","floor":10,"turns":3},{"damage":6,"enemies":"Exordium Wildlife","floor":13,"turns":2},{"damage":1,"enemies":"3 Louse","floor":14,"turns":2},{"damage":34,"enemies":"Slime Boss","floor":16,"turns":9},{"damage":0,"enemies":"3 Byrds","floor":18,"turns":4},{"damage":15,"enemies":"Shell Parasite","floor":19,"turns":4},{"damage":53,"enemies":"Snake Plant","floor":24,"turns":5},{"damage":12,"enemies":"Centurion and Healer","floor":25,"turns":1}],"seed_played":"-6294049807542768063","potions_obtained":[{"floor":5,"key":"FearPotion"},{"floor":6,"key":"SteroidPotion"},{"floor":13,"key":"LiquidBronze"},{"floor":14,"key":"Energy Potion"},{"floor":16,"key":"Block Potion"},{"floor":24,"key":"FearPotion"}],"is_trial":false,"path_per_floor":["M","M","$","M","M","E","M","R","T","M","R","?","M","M","R","B",null,"M","M","?","T","?","R","M","M"],"character_chosen":"THE_SILENT","items_purchased":["Bane","Cloak And Dagger","Dagger Spray"],"campfire_rested":2,"item_purchase_floors":[3,3,3],"current_hp_per_floor":[77,77,77,77,75,41,41,77,77,53,53,53,47,46,77,43,77,77,62,62,62,62,62,9,0],"gold":248,"neow_bonus":"TEN_PERCENT_HP_BONUS","is_prod":false,"is_daily":false,"chose_seed":false,"campfire_upgraded":2,"win_rate":0,"timestamp":1547874464,"path_taken":["M","?","$","M","M","E","M","R","T","M","R","?","M","M","R","BOSS","M","M","?","?","?","R","M","?"],"build_version":"2019-01-17v2","purchased_purges":0,"victory":false,"max_hp_per_floor":[77,77,77,77,77,77,77,77,77,77,77,77,77,77,77,77,77,77,77,77,77,77,77,77,77],"card_choices":[{"not_picked":["Outmaneuver","Masterful Stab"],"picked":"Poisoned Stab","floor":1},{"not_picked":["Flechettes","Underhanded Strike"],"picked":"Dagger Spray","floor":2},{"not_picked":["Dodge and Roll","Underhanded Strike"],"picked":"Blade Dance","floor":4},{"not_picked":["Deflect","Finisher"],"picked":"Die Die Die","floor":5},{"not_picked":["Acrobatics","Expertise"],"picked":"Backstab","floor":6},{"not_picked":["Escape Plan","Caltrops"],"picked":"Catalyst","floor":7},{"not_picked":["Bane","Backstab"],"picked":"PiercingWail","floor":10},{"not_picked":["Dagger Spray","Prepared"],"picked":"Outmaneuver","floor":13},{"not_picked":["Well Laid Plans","Dodge and Roll"],"picked":"Infinite Blades","floor":14},{"not_picked":["Bullet Time","Doppelganger"],"picked":"Adrenaline","floor":16},{"not_picked":["Underhanded Strike","Heel Hook"],"picked":"Quick Slash","floor":18},{"not_picked":["Deflect","Dodge and Roll"],"picked":"Distraction","floor":19},{"not_picked":["Concentrate+1","Predator"],"picked":"Infinite Blades+1","floor":24}],"player_experience":335306,"relics_obtained":[{"floor":6,"key":"Regal Pillow"},{"floor":21,"key":"Lantern"}],"event_choices":[{"damage_healed":0,"gold_gain":0,"player_choice":"Left Gold","damage_taken":0,"max_hp_gain":0,"max_hp_loss":0,"event_name":"World of Goop","floor":12,"gold_loss":25},{"damage_healed":0,"gold_gain":0,"player_choice":"Ignored","damage_taken":0,"max_hp_gain":0,"max_hp_loss":0,"event_name":"Ghosts","floor":20,"gold_loss":0},{"damage_healed":0,"gold_gain":0,"player_choice":"Copied","damage_taken":0,"max_hp_gain":0,"max_hp_loss":0,"event_name":"Duplicator","floor":22,"gold_loss":0,"cards_obtained":["Poisoned Stab"]}],"is_beta":false,"boss_relics":[{"not_picked":["Philosopher\u0027s Stone","Velvet Choker"],"picked":"Runic Pyramid"}],"items_purged_floors":[],"is_endless":false,"potions_floor_spawned":[5,6,13,14,16,24],"killed_by":"Centurion and Healer","ascension_level":1}