{"gold_per_floor":[112,62,76,251,251,251,266,295,295,295,295],"floor_reached":11,"playtime":1316,"items_purged":[],"score":71,"play_id":"d636277e-e50d-453c-9405-3633917d63d7","local_time":"20181207133217","is_ascension_mode":false,"campfire_choices":[{"data":"Neutralize","floor":6,"key":"SMITH"}],"neow_cost":"NONE","seed_source_timestamp":227295773038868,"circlet_count":0,"master_deck":["Defend_G","Defend_G","Defend_G","Defend_G","Defend_G","Strike_G","Strike_G","Strike_G","Strike_G","Strike_G","Survivor","Neutralize+1","Blade Dance","Outmaneuver","Flying Knee+1","Doubt","Flying Knee","Dodge and Roll+1","Injury"],"relics":["Ring of the Snake","Boot","Toxic Egg 2","Anchor","Golden Idol"],"potions_floor_usage":[],"damage_taken":[{"damage":4,"enemies":"Cultist","floor":1,"turns":4},{"damage":3,"enemies":"2 Louse","floor":3,"turns":2},{"damage":12,"enemies":"Small Slimes","floor":7,"turns":4},{"damage":28,"enemies":"Lagavulin","floor":8,"turns":7},{"damage":24,"enemies":"3 Sentries","floor":11,"turns":8}],"seed_played":"-3997982754812585133","potions_obtained":[{"floor":3,"key":"SteroidPotion"}],"is_trial":false,"path_per_floor":["M","$","M","?","?","R","M","E","T","?","E"],"character_chosen":"THE_SILENT","items_purchased":["Outmaneuver"],"campfire_rested":0,"item_purchase_floors":[2],"current_hp_per_floor":[66,66,63,63,63,63,51,23,23,23,0],"gold":295,"neow_bonus":"RANDOM_COMMON_RELIC","is_prod":false,"is_daily":false,"chose_seed":false,"campfire_upgraded":1,"win_rate":0.0,"timestamp":1544218337,"path_taken":["M","$","M","?","?","R","M","E","T","?","E"],"build_version":"2018-12-06","purchased_purges":0,"victory":false,"max_hp_per_floor":[70,70,70,70,70,70,70,70,70,70,70],"card_choices":[{"not_picked":["Underhanded Strike","Expertise"],"picked":"Blade Dance","floor":1},{"not_picked":["Bouncing Flask","Blur"],"picked":"Flying Knee","floor":3},{"not_picked":["Endless Agony","Blur"],"picked":"Flying Knee","floor":7},{"not_picked":["Underhanded Strike","Sucker Punch"],"picked":"Dodge and Roll","floor":8}],"player_experience":134980,"relics_obtained":[{"floor":8,"key":"Toxic Egg 2"},{"floor":9,"key":"Anchor"}],"event_choices":[{"damage_healed":0,"gold_gain":175,"player_choice":"AGREE","damage_taken":0,"max_hp_gain":0,"max_hp_loss":0,"event_name":"Liars Game","floor":4,"gold_loss":0,"cards_obtained":["Doubt"]},{"damage_healed":0,"gold_gain":0,"player_choice":"Grow","damage_taken":0,"max_hp_gain":0,"max_hp_loss":0,"event_name":"Living Wall","floor":5,"gold_loss":0,"cards_upgraded":["Flying Knee"]},{"damage_healed":0,"gold_gain":0,"player_choice":"Take Wound","damage_taken":0,"relics_obtained":["Golden Idol"],"max_hp_gain":0,"max_hp_loss":0,"event_name":"Golden Idol","floor":10,"gold_loss":0,"cards_obtained":["Injury"]}],"is_beta":false,"boss_relics":[],"items_purged_floors":[],"is_endless":false,"potions_floor_spawned":[3],"killed_by":"3 Sentries","ascension_level":0}