{"gold_per_floor":[110,25,200,215,215,215,230,230,230,254,273,311,311,324,324,453,453,468,487,505,32,0,0,0],"floor_reached":24,"playtime":714,"items_purged":[],"score":208,"play_id":"79eb233d-8ad3-49b2-b841-a303f304d03d","local_time":"20181210234023","is_ascension_mode":true,"campfire_choices":[{"floor":8,"key":"RECALL"},{"floor":13,"key":"REST"},{"floor":15,"key":"REST"},{"data":"Seeing Red","floor":23,"key":"SMITH"}],"neow_cost":"NONE","seed_source_timestamp":523595256536741,"circlet_count":0,"master_deck":["Strike_R","Strike_R","Strike_R","Strike_R","Strike_R","Defend_R","Defend_R","Defend_R","Defend_R","Bash","Heavy Blade","Inflame+1","Clash","Doubt","Perfected Strike","Injury","Inflame","Demon Form","Pommel Strike","Double Tap","Pommel Strike","Limit Break","Spot Weakness","Iron Wave","Twin Strike","Ghostly Armor","Anger","Perfected Strike","Bludgeon","Flex","Enlightenment","Seeing Red+1"],"relics":["Burning Blood","Golden Idol","Du-Vu Doll","Orrery","Strange Spoon","Pen Nib"],"potions_floor_usage":[10,11,16,18,24],"damage_taken":[{"damage":6,"enemies":"Cultist","floor":1,"turns":3},{"damage":11,"enemies":"Small Slimes","floor":4,"turns":3},{"damage":0,"enemies":"2 Louse","floor":7,"turns":1},{"damage":41,"enemies":"Exordium Wildlife","floor":10,"turns":4},{"damage":16,"enemies":"3 Louse","floor":11,"turns":2},{"damage":41,"enemies":"Gremlin Nob","floor":12,"turns":5},{"damage":12,"enemies":"Blue Slaver","floor":14,"turns":2},{"damage":44,"enemies":"Slime Boss","floor":16,"turns":9},{"damage":42,"enemies":"Chosen","floor":18,"turns":6},{"damage":20,"enemies":"2 Thieves","floor":19,"turns":3},{"damage":22,"enemies":"Snecko","floor":20,"turns":5},{"damage":39,"enemies":"Slavers","floor":24,"turns":2}],"seed_played":"2743087363255633483","potions_obtained":[{"floor":7,"key":"PowerPotion"},{"floor":10,"key":"AttackPotion"},{"floor":12,"key":"Swift Potion"},{"floor":16,"key":"Regen Potion"},{"floor":20,"key":"Strength Potion"}],"is_trial":false,"path_per_floor":["M","$","?","M","?","?","M","R","T","M","M","E","R","M","R","B",null,"M","M","M","$","?","R","E"],"character_chosen":"IRONCLAD","items_purchased":["Inflame","Clash","Strange Spoon","Pen Nib","Enlightenment","Seeing Red"],"campfire_rested":2,"item_purchase_floors":[2,2,21,21,21,21],"current_hp_per_floor":[88,88,88,83,83,83,88,88,88,53,43,8,34,28,54,16,88,61,47,31,31,31,31,0],"gold":0,"neow_bonus":"TEN_PERCENT_HP_BONUS","is_prod":false,"is_daily":false,"chose_seed":false,"campfire_upgraded":1,"win_rate":0,"timestamp":1544514023,"path_taken":["M","$","?","M","?","?","M","R","T","M","M","E","R","M","R","BOSS","M","M","M","$","?","R","E"],"build_version":"2018-12-06","purchased_purges":0,"victory":false,"max_hp_per_floor":[88,88,88,88,88,88,88,88,88,88,88,88,88,88,88,88,88,88,88,88,88,88,88,88],"card_choices":[{"not_picked":["Body Slam","Sword Boomerang"],"picked":"Heavy Blade","floor":1},{"not_picked":["Headbutt","Clothesline"],"picked":"Perfected Strike","floor":4},{"not_picked":["Perfected Strike","Flex"],"picked":"Inflame","floor":7},{"not_picked":["Combust","Sword Boomerang"],"picked":"Demon Form","floor":10},{"not_picked":["Corruption","Havoc"],"picked":"Pommel Strike","floor":11},{"not_picked":["Pommel Strike","Body Slam"],"picked":"Double Tap","floor":12},{"not_picked":["Clash","Body Slam"],"picked":"Pommel Strike","floor":14},{"not_picked":["Offering","Impervious"],"picked":"Limit Break","floor":16},{"not_picked":["Pummel","Clash"],"picked":"Spot Weakness","floor":17},{"not_picked":["Havoc","Searing Blow"],"picked":"Iron Wave","floor":17},{"not_picked":["Second Wind","Iron Wave"],"picked":"Twin Strike","floor":17},{"not_picked":["Feel No Pain","Infernal Blade"],"picked":"Ghostly Armor","floor":17},{"not_picked":["Immolate","Flex"],"picked":"Anger","floor":17},{"not_picked":["Clothesline+1","Warcry"],"picked":"Perfected Strike","floor":18},{"not_picked":["Pommel Strike","Headbutt"],"picked":"Bludgeon","floor":19},{"not_picked":["Shockwave","Battle Trance"],"picked":"Flex","floor":20}],"player_experience":221672,"relics_obtained":[{"floor":12,"key":"Du-Vu Doll"}],"event_choices":[{"damage_healed":0,"gold_gain":175,"player_choice":"AGREE","damage_taken":0,"max_hp_gain":0,"max_hp_loss":0,"event_name":"Liars Game","floor":3,"gold_loss":0,"cards_obtained":["Doubt"]},{"damage_healed":0,"gold_gain":0,"player_choice":"Grow","damage_taken":0,"max_hp_gain":0,"max_hp_loss":0,"event_name":"Living Wall","floor":5,"gold_loss":0,"cards_upgraded":["Inflame"]},{"damage_healed":0,"gold_gain":0,"player_choice":"Take Wound","damage_taken":0,"relics_obtained":["Golden Idol"],"max_hp_gain":0,"max_hp_loss":0,"event_name":"Golden Idol","floor":6,"gold_loss":0,"cards_obtained":["Injury"]},{"damage_healed":0,"gold_gain":0,"player_choice":"Paid Fearfully","damage_taken":0,"max_hp_gain":0,"max_hp_loss":0,"event_name":"Masked Bandits","floor":22,"gold_loss":32}],"is_beta":false,"boss_relics":[{"not_picked":["Eternal Feather","Philosopher\u0027s Stone"],"picked":"Orrery"}],"items_purged_floors":[],"is_endless":false,"potions_floor_spawned":[7,10,12,16,20],"killed_by":"Slavers","ascension_level":1}