{"gold_per_floor":[111,127,202,8,8,20,32,44,134,157,204,216,243,283,295,410,422,450,472,50,70,84,84,84,102,102,118,118,0,11,25,25,25],"floor_reached":33,"playtime":2431,"items_purged":[],"score":259,"play_id":"69a1a0d9-1c13-43bc-b9ff-2c15e5192410","local_time":"20181216161733","is_ascension_mode":false,"campfire_choices":[{"floor":6,"key":"RECALL"},{"floor":8,"key":"REST"},{"floor":12,"key":"REST"},{"floor":15,"key":"REST"},{"floor":23,"key":"REST"},{"floor":28,"key":"REST"},{"floor":32,"key":"REST"}],"neow_cost":"NONE","seed_source_timestamp":33707417855376,"circlet_count":0,"master_deck":["Defend_G","Defend_G","Defend_G","Defend_G","Defend_G","Strike_G","Strike_G","Strike_G","Strike_G","Strike_G","Survivor","Neutralize","Leg Sweep","Cloak And Dagger","Regret","Bouncing Flask","Deflect","Noxious Fumes","PiercingWail","Burst","Bane+1","Sucker Punch+1","Infinite Blades+1","PiercingWail","Outmaneuver","Deadly Poison","Dagger Throw","Endless Agony","Flying Knee","Slice+1","Outmaneuver+1"],"relics":["Ring of the Snake","NeowsBlessing","MealTicket","MawBank","Happy Flower","Bronze Scales","Lizard Tail","Mango","Omamori"],"potions_floor_usage":[16,16,25,25,33,33,33],"damage_taken":[{"damage":0,"enemies":"Small Slimes","floor":1,"turns":1},{"damage":0,"enemies":"2 Louse","floor":2,"turns":2},{"damage":0,"enemies":"Jaw Worm","floor":10,"turns":1},{"damage":19,"enemies":"Lagavulin","floor":11,"turns":8},{"damage":10,"enemies":"Gremlin Gang","floor":13,"turns":9},{"damage":26,"enemies":"3 Sentries","floor":14,"turns":9},{"damage":20,"enemies":"The Guardian","floor":16,"turns":9},{"damage":9,"enemies":"3 Byrds","floor":18,"turns":3},{"damage":18,"enemies":"Shell Parasite","floor":19,"turns":5},{"damage":15,"enemies":"3 Cultists","floor":21,"turns":6},{"damage":34,"enemies":"Centurion and Healer","floor":22,"turns":10},{"damage":43,"enemies":"Shelled Parasite and Fungi","floor":25,"turns":6},{"damage":36,"enemies":"3 Cultists","floor":27,"turns":6},{"damage":8,"enemies":"Chosen and Byrds","floor":30,"turns":5},{"damage":20,"enemies":"Shelled Parasite and Fungi","floor":31,"turns":5},{"damage":48,"enemies":"Automaton","floor":33,"turns":6}],"seed_played":"1246678396821875517","potions_obtained":[{"floor":1,"key":"FearPotion"},{"floor":2,"key":"AttackPotion"},{"floor":11,"key":"SmokeBomb"},{"floor":14,"key":"Strength Potion"},{"floor":19,"key":"LiquidBronze"},{"floor":21,"key":"Explosive Potion"},{"floor":27,"key":"PowerPotion"},{"floor":31,"key":"Poison Potion"}],"is_trial":false,"path_per_floor":["M","M","?","$","?","R","$","R","T","M","E","R","M","E","R","B",null,"M","M","$","M","M","R","?","M","T","M","R","?","M","M","R","B"],"character_chosen":"THE_SILENT","items_purchased":["MealTicket","Mango","Infinite Blades","PiercingWail","Outmaneuver"],"campfire_rested":6,"item_purchase_floors":[4,20,20,20,20],"current_hp_per_floor":[70,70,59,59,59,59,59,70,70,70,51,70,60,34,55,35,70,61,43,67,52,18,43,43,42,42,6,31,31,23,3,28,0],"gold":25,"neow_bonus":"THREE_ENEMY_KILL","is_prod":false,"is_daily":false,"chose_seed":false,"campfire_upgraded":0,"win_rate":0,"timestamp":1545005853,"path_taken":["M","M","?","$","?","R","?","R","T","M","E","R","M","E","R","BOSS","M","M","$","M","?","R","?","?","T","M","R","?","M","M","R","BOSS"],"build_version":"2018-12-13","purchased_purges":0,"victory":false,"max_hp_per_floor":[70,70,70,70,70,70,70,70,70,70,70,70,70,70,70,70,70,70,70,84,84,84,84,84,84,84,84,84,84,84,84,84,84],"card_choices":[{"not_picked":["Heel Hook","Backflip"],"picked":"Leg Sweep","floor":1},{"not_picked":["Underhanded Strike","Sucker Punch"],"picked":"Cloak And Dagger","floor":2},{"not_picked":["Expertise","Backflip"],"picked":"Bouncing Flask","floor":10},{"not_picked":["Leg Sweep","Masterful Stab"],"picked":"Deflect","floor":11},{"not_picked":["Flying Knee","Backflip"],"picked":"Noxious Fumes","floor":13},{"not_picked":["Acrobatics","Slice"],"picked":"PiercingWail","floor":14},{"not_picked":["Phantasmal Killer","Malaise"],"picked":"Burst","floor":16},{"not_picked":["Outmaneuver","Masterful Stab"],"picked":"Bane+1","floor":18},{"not_picked":["PiercingWail","Backflip"],"picked":"Sucker Punch+1","floor":19},{"not_picked":["Acrobatics","Caltrops"],"picked":"Deadly Poison","floor":21},{"not_picked":["Sucker Punch","PiercingWail"],"picked":"Dagger Throw","floor":22},{"not_picked":["Dash+1","Deflect+1"],"picked":"Endless Agony","floor":25},{"not_picked":["Dagger Throw","Flechettes+1"],"picked":"Flying Knee","floor":27},{"not_picked":["PiercingWail","All Out Attack"],"picked":"Slice+1","floor":30},{"not_picked":["PiercingWail","Reflex"],"picked":"Outmaneuver+1","floor":31}],"player_experience":281332,"relics_obtained":[{"floor":11,"key":"Happy Flower"},{"floor":14,"key":"Bronze Scales"},{"floor":26,"key":"Omamori"}],"event_choices":[{"damage_healed":0,"gold_gain":75,"player_choice":"Gather Gold","damage_taken":11,"max_hp_gain":0,"max_hp_loss":0,"event_name":"World of Goop","floor":3,"gold_loss":0},{"damage_healed":0,"gold_gain":0,"player_choice":"Box","damage_taken":0,"relics_obtained":["MawBank"],"max_hp_gain":0,"max_hp_loss":0,"event_name":"Big Fish","floor":5,"gold_loss":0,"cards_obtained":["Regret"]},{"damage_healed":0,"gold_gain":0,"player_choice":"Upgraded","damage_taken":0,"max_hp_gain":0,"max_hp_loss":0,"event_name":"Upgrade Shrine","floor":24,"gold_loss":0,"cards_upgraded":["Infinite Blades"]},{"damage_healed":0,"gold_gain":0,"player_choice":"Paid Fearfully","damage_taken":0,"max_hp_gain":0,"max_hp_loss":0,"event_name":"Masked Bandits","floor":29,"gold_loss":118}],"is_beta":false,"boss_relics":[{"not_picked":["Pandora\u0027s Box","HoveringKite"],"picked":"Lizard Tail"}],"items_purged_floors":[],"is_endless":false,"potions_floor_spawned":[1,2,11,14,19,21,27,31],"killed_by":"Automaton","ascension_level":0}