{"gold_per_floor":[209,225,225,225,225,249,269,290,315,415,438,438,456,477,477,608,608,629,629,597,597,597,597],"floor_reached":23,"playtime":1428,"items_purged":[],"score":185,"play_id":"2fb563c7-7ded-4204-a220-349118857b65","local_time":"20181210195916","is_ascension_mode":false,"campfire_choices":[{"floor":12,"key":"REST"},{"floor":15,"key":"REST"}],"neow_cost":"NONE","seed_source_timestamp":509608112466960,"circlet_count":0,"master_deck":["Defend_G","Defend_G","Defend_G","Defend_G","Defend_G","Strike_G","Strike_G","Strike_G","Strike_G","Strike_G+1","Survivor","Neutralize","Poisoned Stab+1","Quick Slash","Deflect","Terror","Caltrops","Bane","Quick Slash","Deadly Poison","Bullet Time","Bouncing Flask","Dagger Spray","Writhe"],"relics":["Ring of the Snake","Golden Idol","Whetstone","Black Star","Dodecahedron","Bronze Scales","FaceOfCleric"],"potions_floor_usage":[14,16,16,23,23],"damage_taken":[{"damage":2,"enemies":"Jaw Worm","floor":1,"turns":4},{"damage":0,"enemies":"2 Louse","floor":2,"turns":3},{"damage":7,"enemies":"Small Slimes","floor":6,"turns":3},{"damage":2,"enemies":"Exordium Thugs","floor":7,"turns":4},{"damage":2,"enemies":"Looter","floor":8,"turns":3},{"damage":9,"enemies":"Red Slaver","floor":11,"turns":2},{"damage":8,"enemies":"Exordium Wildlife","floor":13,"turns":5},{"damage":6,"enemies":"Looter","floor":14,"turns":2},{"damage":7,"enemies":"Slime Boss","floor":16,"turns":6},{"damage":26,"enemies":"Shell Parasite","floor":18,"turns":6},{"damage":40,"enemies":"2 Thieves","floor":20,"turns":5},{"damage":9,"enemies":"Slavers","floor":23,"turns":2}],"seed_played":"6785360729469003758","potions_obtained":[{"floor":5,"key":"SteroidPotion"},{"floor":5,"key":"AttackPotion"},{"floor":6,"key":"Explosive Potion"},{"floor":8,"key":"SteroidPotion"},{"floor":13,"key":"Fruit Juice"},{"floor":18,"key":"Ancient Potion"},{"floor":20,"key":"Block Potion"}],"is_trial":false,"path_per_floor":["M","M","?","?","?","M","M","M","T","?","M","R","M","M","R","B",null,"M","T","M","?","?","E"],"character_chosen":"THE_SILENT","items_purchased":[],"campfire_rested":2,"item_purchase_floors":[],"current_hp_per_floor":[68,68,68,61,61,54,52,50,50,50,41,62,54,53,75,68,75,49,49,9,9,9,0],"gold":597,"neow_bonus":"HUNDRED_GOLD","is_prod":false,"is_daily":false,"chose_seed":false,"campfire_upgraded":0,"win_rate":0,"timestamp":1544500756,"path_taken":["M","M","?","?","?","M","M","?","T","?","M","R","M","M","R","BOSS","M","?","M","?","?","E"],"build_version":"2018-12-06","purchased_purges":0,"victory":false,"max_hp_per_floor":[70,70,70,70,70,70,70,70,70,70,70,70,70,75,75,75,75,75,75,75,75,75,75],"card_choices":[{"not_picked":["Acrobatics","Expertise"],"picked":"Poisoned Stab","floor":1},{"not_picked":["Noxious Fumes","Prepared"],"picked":"Quick Slash","floor":2},{"not_picked":["PiercingWail","Backflip"],"picked":"Deflect","floor":6},{"not_picked":["Choke","Cloak And Dagger"],"picked":"Terror","floor":7},{"not_picked":["Deflect","Expertise"],"picked":"Caltrops","floor":8},{"not_picked":["Outmaneuver","Well Laid Plans"],"picked":"Bane","floor":11},{"not_picked":["Cloak And Dagger","Bane"],"picked":"Quick Slash","floor":13},{"not_picked":["Catalyst","PiercingWail"],"picked":"Deadly Poison","floor":14},{"not_picked":["Wraith Form v2","Grand Finale"],"picked":"Bullet Time","floor":16},{"not_picked":["Eviscerate","Prepared+1"],"picked":"Bouncing Flask","floor":18},{"not_picked":["Tactician+1","Skewer"],"picked":"Dagger Spray","floor":20}],"player_experience":213287,"relics_obtained":[{"floor":9,"key":"Whetstone"},{"floor":19,"key":"Dodecahedron"}],"event_choices":[{"damage_healed":0,"gold_gain":0,"player_choice":"Take Wound","damage_taken":0,"relics_obtained":["Golden Idol"],"max_hp_gain":0,"max_hp_loss":0,"event_name":"Golden Idol","floor":3,"gold_loss":0,"cards_obtained":["Injury"]},{"cards_removed":["Injury"],"damage_healed":0,"gold_gain":0,"player_choice":"Card Removal","damage_taken":7,"max_hp_gain":0,"max_hp_loss":0,"event_name":"Golden Wing","floor":4,"gold_loss":0},{"damage_healed":0,"gold_gain":0,"player_choice":"Got Potions","damage_taken":0,"max_hp_gain":0,"max_hp_loss":0,"event_name":"Lab","floor":5,"gold_loss":0},{"damage_healed":0,"gold_gain":100,"player_choice":"Pray","damage_taken":0,"max_hp_gain":0,"max_hp_loss":0,"event_name":"Golden Shrine","floor":10,"gold_loss":0},{"damage_healed":0,"gold_gain":0,"player_choice":"Opened","damage_taken":0,"relics_obtained":["Bronze Scales"],"max_hp_gain":0,"max_hp_loss":0,"event_name":"The Mausoleum","floor":21,"gold_loss":0,"cards_obtained":["Writhe"]},{"damage_healed":0,"gold_gain":0,"player_choice":"Trade","damage_taken":0,"relics_obtained":["FaceOfCleric"],"max_hp_gain":0,"max_hp_loss":0,"event_name":"FaceTrader","floor":22,"gold_loss":0}],"is_beta":false,"boss_relics":[{"not_picked":["Velvet Choker","Sozu"],"picked":"Black Star"}],"items_purged_floors":[],"is_endless":false,"potions_floor_spawned":[6,8,11,13,18,20],"killed_by":"Slavers","ascension_level":0}