{"gold_per_floor":[114,11,11,11,11,41,41,56,131,131,146,161,183,198,198,298,298,313,38,0,200,215,215,230,230,230,230,245,95,110,125,125,225,225,240,340,365,380,380,410,410,425,425,425,0,15,15,30,30,30],"floor_reached":51,"playtime":3243,"items_purged":["Clumsy"],"score":927,"play_id":"3e294781-2b43-48eb-b541-663c82881cdb","local_time":"20180819215954","daily_mods":["Brewmaster","Cursed Run","Lethality"],"is_ascension_mode":false,"campfire_choices":[{"floor":7,"key":"REST"},{"data":"Recycle","floor":15,"key":"SMITH"},{"data":"Loop","floor":23,"key":"SMITH"},{"data":"Venomology","floor":25,"key":"SMITH"},{"floor":32,"key":"REST"},{"floor":41,"key":"REST"},{"floor":44,"key":"REST"},{"floor":47,"key":"REST"},{"floor":49,"key":"REST"}],"neow_cost":"","seed_source_timestamp":463605408302287,"circlet_count":0,"master_deck":["Strike_B","Strike_B","Strike_B","Strike_B","Defend_B","Defend_B","Defend_B","Defend_B","Zap","Dualcast","Venomology","Venomology","Venomology+1","Venomology","Venomology","Coolheaded","Redo","Self Repair","Stack","Aggregate","Gash+1","Sweeping Beam+1","Recycle+1","Go for the Eyes+1","Parasite","All For One+1","Beam Cell+1","Loop+1","Gash+1","Sunder+1","Streamline+1","BootSequence+1","Glacier","Regret","Hologram+1","Conserve Battery+1","Pain","Buffer","Auto Shields+1","Doubt","Doom and Gloom+1","Go for the Eyes+1","Decay","Reinforced Body","Glacier","Writhe"],"special_seed":17763,"relics":["Cursed Key","Darkstone Periapt","Du-Vu Doll","White Beast Statue","Blood Vial","Molten Egg 2","Odd Mushroom","Orrery","Lee\u0027s Waffle","Smiling Mask","Vajra","Busted Crown","Oddly Smooth Stone","Ginger","Strawberry","Bottled Flame","Red Mask"],"potions_floor_usage":[1,1,6,6,6,6,8,8,8,8,11,11,11,12,12,12,12,12,12,13,13,13,13,14,14,14,16,16,16,16,16,18,18,18,18,22,22,22,24,24,28,28,28,28,30,30,30,30,31,31,31,33,33,33,33,33,33,35,35,38,38,38,38,38,38,39,39,39,39,40,40,40,40,42,42,42,46,46,46,48,48,48,50,50,50,50,50,50],"damage_taken":[{"damage":0,"enemies":"Cultist","floor":1,"turns":3},{"damage":30,"enemies":"Lagavulin","floor":6,"turns":6},{"damage":0,"enemies":"Small Slimes","floor":8,"turns":4},{"damage":0,"enemies":"2 Louse","floor":11,"turns":1},{"damage":3,"enemies":"2 Fungi Beasts","floor":12,"turns":5},{"damage":6,"floor":13,"turns":2},{"damage":0,"enemies":"Large Slime","floor":14,"turns":4},{"damage":0,"enemies":"Slime Boss","floor":16,"turns":4},{"damage":1,"enemies":"Spheric Guardian","floor":18,"turns":3},{"damage":0,"enemies":"Chosen","floor":22,"turns":3},{"damage":8,"enemies":"Centurion and Healer","floor":24,"turns":3},{"damage":2,"enemies":"Snecko","floor":28,"turns":4},{"damage":3,"enemies":"Cultist and Chosen","floor":30,"turns":3},{"damage":3,"enemies":"Centurion and Healer","floor":31,"turns":5},{"damage":44,"enemies":"Collector","floor":33,"turns":8},{"damage":13,"enemies":"Orb Walker","floor":35,"turns":4},{"damage":38,"enemies":"3 Darklings","floor":38,"turns":9},{"damage":3,"floor":39,"turns":5},{"damage":44,"enemies":"2 Orb Walkers","floor":40,"turns":4},{"damage":13,"enemies":"Spire Growth","floor":42,"turns":4},{"damage":7,"enemies":"Sphere and 2 Shapes","floor":46,"turns":3},{"damage":15,"enemies":"Flame Bruiser 2 Orb","floor":48,"turns":4},{"damage":88,"enemies":"Awakened One","floor":50,"turns":12}],"seed_played":"2261956990400884625","potions_obtained":[{"floor":1,"key":"Energy Potion"},{"floor":6,"key":"Energy Potion"},{"floor":8,"key":"Block Potion"},{"floor":11,"key":"Strength Potion"},{"floor":12,"key":"EntropicBrew"},{"floor":13,"key":"SteroidPotion"},{"floor":14,"key":"FearPotion"},{"floor":16,"key":"Energy Potion"},{"floor":18,"key":"Poison Potion"},{"floor":22,"key":"AttackPotion"},{"floor":24,"key":"Swift Potion"},{"floor":28,"key":"Strength Potion"},{"floor":30,"key":"LiquidBronze"},{"floor":31,"key":"SkillPotion"},{"floor":33,"key":"Poison Potion"},{"floor":35,"key":"FearPotion"},{"floor":38,"key":"PowerPotion"},{"floor":39,"key":"EntropicBrew"},{"floor":40,"key":"LiquidBronze"},{"floor":42,"key":"Poison Potion"},{"floor":46,"key":"SkillPotion"},{"floor":48,"key":"FearPotion"}],"is_trial":false,"path_per_floor":["M","$","?","$","?","E","R","M","T","?","M","M","?","M","R","B",null,"M","$","?","?","M","R","M","R","T","?","M","$","M","M","R","B",null,"M","?","T","M","?","E","R","M","T","R","?","M","R","M","R","B"],"character_chosen":"DEFECT","items_purchased":["Redo","Self Repair","Lee\u0027s Waffle","Vajra"],"campfire_rested":6,"item_purchase_floors":[2,2,19,29],"current_hp_per_floor":[75,75,75,75,80,57,80,80,86,86,86,86,80,82,82,92,92,91,99,99,99,99,99,91,91,97,97,97,97,96,95,105,74,111,105,105,111,82,81,46,83,72,78,117,117,112,130,115,130,55],"gold":30,"neow_bonus":"","is_prod":false,"is_daily":true,"chose_seed":false,"campfire_upgraded":3,"win_rate":0.0,"timestamp":1534741194,"path_taken":["M","$","?","$","?","E","R","M","T","?","M","M","?","?","R","BOSS","M","$","?","?","M","R","M","R","T","?","M","?","M","?","R","BOSS","M","?","?","M","?","E","R","M","T","R","?","M","R","M","R","BOSS"],"build_version":"2018-08-16","purchased_purges":1,"victory":true,"max_hp_per_floor":[75,75,75,75,80,80,80,80,86,86,86,86,86,86,86,92,92,92,99,99,99,99,99,99,99,105,105,105,105,105,105,105,111,111,111,111,117,117,117,124,124,124,130,130,130,130,130,130,130,136],"card_choices":[{"not_picked":["Skim","Blizzard"],"picked":"Coolheaded","floor":1},{"not_picked":["Ball Lightning","Streamline"],"picked":"Stack","floor":6},{"not_picked":["Rebound","Sweeping Beam"],"picked":"Aggregate","floor":8},{"not_picked":["Barrage+1","Hologram"],"picked":"Gash+1","floor":11},{"not_picked":["Hologram","Stack"],"picked":"Sweeping Beam+1","floor":12},{"not_picked":["Glacier","Sweeping Beam+1"],"picked":"Recycle","floor":13},{"not_picked":["Biased Cognition","Ball Lightning+1"],"picked":"Go for the Eyes+1","floor":14},{"not_picked":["Reboot","Electrodynamics"],"picked":"All For One+1","floor":16},{"not_picked":["Skim","Compile Driver+1"],"picked":"Beam Cell+1","floor":17},{"not_picked":["Redo","Capacitor"],"picked":"Loop","floor":17},{"not_picked":["Beam Cell+1","Recycle"],"picked":"Gash+1","floor":17},{"not_picked":["Rip and Tear+1","Aggregate"],"picked":"Sunder+1","floor":17},{"not_picked":["Scrape+1","Rebound+1"],"picked":"Streamline+1","floor":17},{"not_picked":["Coolheaded+1","Steam+1"],"picked":"BootSequence+1","floor":18},{"not_picked":["Blizzard+1","Heatsinks","Stack"],"picked":"SKIP","floor":22},{"not_picked":["Lockon+1","Skim+1"],"picked":"Glacier","floor":24},{"not_picked":["FTL+1","Stack"],"picked":"Hologram+1","floor":28},{"not_picked":["Stack+1","Biased Cognition"],"picked":"Conserve Battery+1","floor":30},{"not_picked":["Conserve Battery","Leap+1","Sweeping Beam+1"],"picked":"SKIP","floor":31},{"not_picked":["Amplify","Meteor Strike+1"],"picked":"Buffer","floor":33},{"not_picked":[],"picked":"Auto Shields+1","floor":35},{"not_picked":["Rebound+1"],"picked":"SKIP","floor":38},{"not_picked":[],"picked":"Doom and Gloom+1","floor":39},{"not_picked":[],"picked":"Go for the Eyes+1","floor":40},{"not_picked":["Glacier+1"],"picked":"SKIP","floor":42},{"not_picked":[],"picked":"Reinforced Body","floor":46},{"not_picked":[],"picked":"Glacier","floor":48}],"player_experience":28127,"relics_obtained":[{"floor":6,"key":"Blood Vial"},{"floor":9,"key":"Molten Egg 2"},{"floor":13,"key":"Odd Mushroom"},{"floor":26,"key":"Smiling Mask"},{"floor":37,"key":"Oddly Smooth Stone"},{"floor":39,"key":"Ginger"},{"floor":40,"key":"Strawberry"},{"floor":43,"key":"Bottled Flame"}],"event_choices":[{"event_name":"Match and Keep!","player_choice":"0 cards matched","floor":3,"damage_taken":0},{"event_name":"Big Fish","player_choice":"Donut","floor":5,"damage_taken":0},{"event_name":"Golden Wing","player_choice":"Ignored","floor":10,"damage_taken":0},{"event_name":"Mushrooms","player_choice":"Fought Mushrooms","floor":13,"damage_taken":0},{"event_name":"Masked Bandits","player_choice":"Paid Fearfully","floor":20,"damage_taken":0},{"event_name":"Wheel of Change","player_choice":"Gold","floor":21,"damage_taken":0},{"event_name":"The Mausoleum","player_choice":"No","floor":27,"damage_taken":0},{"event_name":"Golden Shrine","player_choice":"Pray","floor":36,"damage_taken":0},{"event_name":"MindBloom","player_choice":"Fight","floor":39,"damage_taken":0},{"event_name":"Tomb of Lord Red Mask","player_choice":"Paid","floor":45,"damage_taken":0}],"is_beta":false,"boss_relics":[{"not_picked":["Ectoplasm","Tiny House"],"picked":"Orrery"},{"not_picked":["Inserter","Pandora\u0027s Box"],"picked":"Busted Crown"}],"items_purged_floors":[19],"is_endless":false,"potions_floor_spawned":[1,6,8,11,12,13,14,16,18,22,24,28,30,31,33,35,38,39,40,42,46,48],"ascension_level":0}