{"gold_per_floor":[114,28,43,58,73,88,103,103,178,208,208,223,223,223,223,323,323,338,353,368,368],"floor_reached":21,"playtime":695,"items_purged":[],"score":185,"play_id":"2b983d6c-dd19-45c8-9417-8893e6acc421","local_time":"20190425223242","daily_mods":["Chimera","Uncertain Future","Night Terrors"],"is_ascension_mode":false,"campfire_choices":[{"floor":11,"key":"REST"},{"data":"Defragment","floor":13,"key":"SMITH"},{"data":"Static Discharge","floor":15,"key":"SMITH"}],"neow_cost":"","seed_source_timestamp":0,"circlet_count":0,"master_deck":["Bash","Survivor","Zap","Strike_R","Strike_G","Strike_B","Defend_R","Defend_G","Defend_B","Ball Lightning","Enlightenment+1","Static Discharge","Defragment+1","Melter","Static Discharge+1","Conserve Battery","Thunder Strike","Aggregate+1","Consume","BootSequence+1"],"special_seed":18012,"relics":["Cracked Core","CultistMask","Blue Candle","Ornamental Fan","Sozu"],"potions_floor_usage":[7,10,10,10],"damage_taken":[{"damage":0,"enemies":"Cultist","floor":1,"turns":3},{"damage":3,"enemies":"Jaw Worm","floor":3,"turns":3},{"damage":3,"enemies":"2 Louse","floor":4,"turns":2},{"damage":7,"enemies":"Large Slime","floor":5,"turns":5},{"damage":10,"enemies":"Exordium Wildlife","floor":6,"turns":3},{"damage":6,"enemies":"Looter","floor":7,"turns":3},{"damage":23,"enemies":"Lagavulin","floor":10,"turns":4},{"damage":16,"enemies":"Lots of Slimes","floor":12,"turns":3},{"damage":31,"enemies":"Hexaghost","floor":16,"turns":6},{"damage":34,"enemies":"2 Thieves","floor":18,"turns":4},{"damage":0,"enemies":"Spheric Guardian","floor":19,"turns":1},{"damage":21,"enemies":"Cultist and Chosen","floor":20,"turns":4},{"damage":18,"enemies":"Shelled Parasite and Fungi","floor":21,"turns":3}],"seed_played":"1936740419660225574","potions_obtained":[{"floor":4,"key":"EssenceOfSteel"},{"floor":5,"key":"Strength Potion"},{"floor":6,"key":"FocusPotion"},{"floor":7,"key":"Regen Potion"}],"is_trial":false,"path_per_floor":["M","$","M","M","M","M","M","?","T","E","R","M","R","?","R","B",null,"M","M","M","M"],"character_chosen":"DEFECT","items_purchased":["Enlightenment"],"campfire_rested":1,"item_purchase_floors":[2],"current_hp_per_floor":[75,75,72,69,62,52,46,46,46,35,70,54,54,54,54,23,70,36,36,15,0],"gold":368,"neow_bonus":"","is_prod":false,"is_daily":true,"chose_seed":false,"campfire_upgraded":2,"win_rate":0,"timestamp":1556256762,"path_taken":["M","$","M","M","M","M","M","?","T","E","R","?","R","?","R","BOSS","M","M","M","M"],"build_version":"2019-01-23","purchased_purges":0,"victory":false,"max_hp_per_floor":[75,75,75,75,75,75,75,75,75,75,70,70,70,70,70,70,70,70,70,70,70],"card_choices":[{"not_picked":["Gash","Barrage"],"picked":"Ball Lightning","floor":1},{"not_picked":["Chaos","Hologram"],"picked":"Static Discharge","floor":3},{"not_picked":["Conserve Battery","Coolheaded"],"picked":"Defragment","floor":4},{"not_picked":["Hello World","Redo"],"picked":"Melter","floor":5},{"not_picked":["Rebound","Stack"],"picked":"Static Discharge","floor":6},{"not_picked":["Steam","Double Energy","Hologram"],"picked":"SKIP","floor":7},{"not_picked":["Stack","Steam","Aggregate"],"picked":"SKIP","floor":10},{"not_picked":["Steam Power","BootSequence"],"picked":"Conserve Battery","floor":12},{"not_picked":["Biased Cognition","Reboot"],"picked":"Thunder Strike","floor":16},{"not_picked":["Double Energy","Turbo"],"picked":"Aggregate+1","floor":18},{"not_picked":["Reinforced Body","Darkness"],"picked":"Consume","floor":19},{"not_picked":["Coolheaded","Beam Cell"],"picked":"BootSequence+1","floor":20}],"player_experience":445746,"relics_obtained":[{"floor":9,"key":"Blue Candle"},{"floor":10,"key":"Ornamental Fan"}],"event_choices":[{"damage_healed":0,"gold_gain":0,"player_choice":"Trade","damage_taken":0,"relics_obtained":["CultistMask"],"max_hp_gain":0,"max_hp_loss":0,"event_name":"FaceTrader","floor":8,"gold_loss":0},{"damage_healed":0,"gold_gain":0,"player_choice":"Grow","damage_taken":0,"max_hp_gain":0,"max_hp_loss":0,"event_name":"Living Wall","floor":14,"gold_loss":0,"cards_upgraded":["Enlightenment"]}],"is_beta":false,"boss_relics":[{"not_picked":["Ectoplasm","Nuclear Battery"],"picked":"Sozu"}],"items_purged_floors":[],"is_endless":false,"potions_floor_spawned":[4,5,6,7,20],"killed_by":"Shelled Parasite and Fungi","ascension_level":0}