{"gold_per_floor":[116,13,13,26,42,42,42,55,55,5,5,40,55,55,55,175,175,191,204,13,33,33,33,33,33,33,33,58,82,82],"floor_reached":30,"playtime":922,"items_purged":[],"score":265,"play_id":"70ef06d1-7401-434f-b28d-e16ea66aba09","local_time":"20190423151026","is_ascension_mode":true,"campfire_choices":[{"data":"Zap","floor":6,"key":"SMITH"},{"data":"Hologram","floor":11,"key":"SMITH"},{"floor":15,"key":"REST"},{"floor":23,"key":"REST"},{"floor":25,"key":"REST"}],"neow_cost":"NONE","seed_source_timestamp":493771583260945,"circlet_count":0,"master_deck":["Strike_B","Strike_B","Strike_B","Strike_B","Defend_B","Defend_B","Defend_B","Defend_B","Zap+1","Dualcast","Ball Lightning","Sweeping Beam","Redo","Conserve Battery","Lockon","Hologram+1","Capacitor+1","Cold Snap","Buffer+1","Barrage","Loop+1"],"relics":["Cracked Core","NeowsBlessing","Golden Idol","Bag of Preparation","Pantograph","Frozen Egg 2","Busted Crown","Runic Capacitor","Molten Egg 2"],"potions_floor_usage":[8,12,16,19,30],"damage_taken":[{"damage":0,"enemies":"2 Louse","floor":1,"turns":1},{"damage":0,"enemies":"Small Slimes","floor":4,"turns":1},{"damage":0,"enemies":"Cultist","floor":5,"turns":1},{"damage":0,"enemies":"Large Slime","floor":8,"turns":4},{"damage":40,"enemies":"3 Sentries","floor":12,"turns":5},{"damage":3,"enemies":"Blue Slaver","floor":13,"turns":2},{"damage":41,"enemies":"Slime Boss","floor":16,"turns":9},{"damage":10,"enemies":"Chosen","floor":18,"turns":5},{"damage":11,"enemies":"Spheric Guardian","floor":19,"turns":4},{"damage":42,"enemies":"Centurion and Healer","floor":21,"turns":6},{"damage":31,"enemies":"Shelled Parasite and Fungi","floor":28,"turns":5},{"damage":17,"enemies":"Snecko","floor":29,"turns":5},{"damage":12,"enemies":"Snake Plant","floor":30,"turns":2}],"seed_played":"-5658172295045670345","potions_obtained":[{"floor":1,"key":"AttackPotion"},{"floor":5,"key":"SteroidPotion"},{"floor":8,"key":"FearPotion"},{"floor":18,"key":"FearPotion"},{"floor":29,"key":"SkillPotion"}],"is_trial":false,"path_per_floor":["M","$","?","M","M","R","?","M","T","?","R","E","M","T","R","B",null,"M","M","$","M","?","R","$","R","T","?","M","M","M"],"character_chosen":"DEFECT","items_purchased":["Sweeping Beam","Redo","Runic Capacitor"],"campfire_rested":3,"item_purchase_floors":[2,2,20],"current_hp_per_floor":[75,75,75,75,75,75,63,63,63,63,63,23,20,20,42,26,75,65,54,54,12,12,34,34,56,56,56,25,8,0],"gold":82,"neow_bonus":"THREE_ENEMY_KILL","is_prod":false,"is_daily":false,"chose_seed":false,"campfire_upgraded":2,"win_rate":0,"timestamp":1556057426,"path_taken":["M","$","?","M","M","R","?","M","T","?","R","E","M","?","R","BOSS","M","M","$","M","?","R","$","R","T","?","M","M","M"],"build_version":"2019-01-23","purchased_purges":0,"victory":false,"max_hp_per_floor":[75,75,75,75,75,75,75,75,75,75,75,75,75,75,75,75,75,75,75,75,75,75,75,75,75,75,75,75,75,75],"card_choices":[{"not_picked":["White Noise","Streamline"],"picked":"Ball Lightning","floor":1},{"not_picked":["Turbo","Compile Driver"],"picked":"Conserve Battery","floor":4},{"not_picked":["Conserve Battery","Rebound"],"picked":"Lockon","floor":5},{"not_picked":["Sweeping Beam","Turbo"],"picked":"Hologram","floor":8},{"not_picked":["Doom and Gloom","Recycle"],"picked":"Capacitor","floor":12},{"not_picked":["Hologram","Leap"],"picked":"Cold Snap","floor":13},{"not_picked":["Core Surge","Echo Form+1"],"picked":"Buffer+1","floor":16},{"not_picked":["Go for the Eyes"],"picked":"SKIP","floor":18},{"not_picked":["Streamline"],"picked":"SKIP","floor":19},{"not_picked":[],"picked":"Barrage","floor":21},{"not_picked":["Coolheaded"],"picked":"SKIP","floor":28},{"not_picked":[],"picked":"Loop+1","floor":29}],"player_experience":441044,"relics_obtained":[{"floor":9,"key":"Pantograph"},{"floor":12,"key":"Frozen Egg 2"},{"floor":26,"key":"Molten Egg 2"}],"event_choices":[{"damage_healed":0,"gold_gain":0,"player_choice":"Take Wound","damage_taken":0,"relics_obtained":["Golden Idol"],"max_hp_gain":0,"max_hp_loss":0,"event_name":"Golden Idol","floor":3,"gold_loss":0,"cards_obtained":["Injury"]},{"damage_healed":0,"gold_gain":0,"player_choice":"Success","damage_taken":12,"relics_obtained":["Bag of Preparation"],"max_hp_gain":0,"max_hp_loss":0,"event_name":"Scrap Ooze","floor":7,"gold_loss":0},{"cards_removed":["Injury"],"damage_healed":0,"gold_gain":0,"player_choice":"Card Removal","damage_taken":0,"max_hp_gain":0,"max_hp_loss":0,"event_name":"The Cleric","floor":10,"gold_loss":50},{"damage_healed":0,"gold_gain":0,"player_choice":"Ignored","damage_taken":0,"max_hp_gain":0,"max_hp_loss":0,"event_name":"Vampires","floor":22,"gold_loss":0},{"damage_healed":0,"gold_gain":0,"player_choice":"Ignored","damage_taken":0,"max_hp_gain":0,"max_hp_loss":0,"event_name":"Cursed Tome","floor":27,"gold_loss":0}],"is_beta":false,"boss_relics":[{"not_picked":["Philosopher\u0027s Stone","Tiny House"],"picked":"Busted Crown"}],"items_purged_floors":[],"is_endless":false,"potions_floor_spawned":[1,5,8,18,29],"killed_by":"Snake Plant","ascension_level":3}