{"gold_per_floor":[113,113,113,127,127,127,161,179,231,191],"floor_reached":10,"playtime":568,"items_purged":[],"score":132,"play_id":"c39f46bd-4cd5-44fb-94c2-dddea0e59c7a","local_time":"20190505082953","is_ascension_mode":true,"campfire_choices":[{"data":"A Thousand Cuts","floor":6,"key":"SMITH"}],"neow_cost":"TEN_PERCENT_HP_LOSS","seed_source_timestamp":269025925606954,"circlet_count":0,"master_deck":["AscendersBane","Defend_G","Defend_G","Defend_G","Defend_G","Defend_G","Strike_G","Strike_G","Strike_G","Strike_G","Strike_G","Survivor","Neutralize","A Thousand Cuts+1","Prepared","Finisher","Footwork","Leg Sweep"],"relics":["Ring of the Snake","Bag of Preparation","Golden Idol","Molten Egg 2","Shuriken","Pen Nib"],"potions_floor_usage":[10],"damage_taken":[{"damage":12,"enemies":"Cultist","floor":1,"turns":5},{"damage":0,"enemies":"Small Slimes","floor":4,"turns":3},{"damage":32,"enemies":"3 Sentries","floor":7,"turns":7},{"damage":0,"enemies":"Jaw Worm","floor":8,"turns":4},{"damage":16,"enemies":"Exordium Thugs","floor":10,"turns":2}],"seed_played":"-4531683576785815262","potions_obtained":[{"floor":1,"key":"Strength Potion"},{"floor":8,"key":"Regen Potion"}],"is_trial":false,"path_per_floor":["M","?","?","M","T","R","E","M","T","M"],"character_chosen":"THE_SILENT","items_purchased":[],"campfire_rested":0,"item_purchase_floors":[],"current_hp_per_floor":[47,36,36,36,36,36,4,4,4,0],"gold":191,"neow_bonus":"THREE_RARE_CARDS","is_prod":false,"is_daily":false,"chose_seed":false,"campfire_upgraded":1,"win_rate":0,"timestamp":1557037793,"path_taken":["M","?","?","M","?","R","E","M","T","?"],"build_version":"2019-01-23","purchased_purges":0,"victory":false,"max_hp_per_floor":[60,60,54,54,54,54,54,54,54,54],"card_choices":[{"not_picked":["Tools of the Trade","Bullet Time"],"picked":"A Thousand Cuts","floor":0},{"not_picked":["PiercingWail","Poisoned Stab"],"picked":"Prepared","floor":1},{"not_picked":["Tactician","Dagger Spray"],"picked":"Finisher","floor":4},{"not_picked":["Eviscerate+1","Outmaneuver"],"picked":"Footwork","floor":7},{"not_picked":["Acrobatics","Outmaneuver"],"picked":"Leg Sweep","floor":8}],"player_experience":2025330,"relics_obtained":[{"floor":5,"key":"Molten Egg 2"},{"floor":7,"key":"Shuriken"},{"floor":9,"key":"Pen Nib"}],"event_choices":[{"damage_healed":0,"gold_gain":0,"player_choice":"Success","damage_taken":11,"relics_obtained":["Bag of Preparation"],"max_hp_gain":0,"max_hp_loss":0,"event_name":"Scrap Ooze","floor":2,"gold_loss":0},{"damage_healed":0,"gold_gain":0,"player_choice":"Lose Max HP","damage_taken":0,"relics_obtained":["Golden Idol"],"max_hp_gain":0,"max_hp_loss":6,"event_name":"Golden Idol","floor":3,"gold_loss":0}],"is_beta":false,"boss_relics":[],"items_purged_floors":[],"is_endless":false,"potions_floor_spawned":[1,8],"killed_by":"Exordium Thugs","ascension_level":20}