{"gold_per_floor":[110,12,29,29,29,29,41,73,73,73,73,73,86,105,105,203,203,222,222,222,235,235],"floor_reached":22,"playtime":655,"items_purged":[],"score":193,"play_id":"7dbc6beb-0fbe-45ff-81db-eaeb6d4326af","local_time":"20190212084505","is_ascension_mode":true,"campfire_choices":[{"data":"Armaments","floor":6,"key":"SMITH"},{"floor":11,"key":"REST"},{"data":"Perfected Strike","floor":15,"key":"SMITH"}],"neow_cost":"NONE","seed_source_timestamp":1878072238280231,"circlet_count":0,"master_deck":["Strike_R","Strike_R","Strike_R","Strike_R","Strike_R","Defend_R","Defend_R","Defend_R","Defend_R","Bash","Perfected Strike+1","Armaments+1","Anger","Demon Form+1","Heavy Blade","Iron Wave","Twin Strike","Limit Break","Cleave+1","J.A.X.","Sword Boomerang"],"relics":["Burning Blood","Self Forming Clay","Bottled Flame","Calipers","Black Star"],"potions_floor_usage":[3,8,16],"damage_taken":[{"damage":11,"enemies":"Jaw Worm","floor":1,"turns":6},{"damage":0,"enemies":"2 Louse","floor":3,"turns":1},{"damage":3,"enemies":"Small Slimes","floor":7,"turns":2},{"damage":18,"enemies":"Lagavulin","floor":8,"turns":5},{"damage":11,"enemies":"Blue Slaver","floor":13,"turns":3},{"damage":28,"enemies":"Exordium Thugs","floor":14,"turns":4},{"damage":16,"enemies":"Hexaghost","floor":16,"turns":7},{"damage":10,"enemies":"Chosen","floor":18,"turns":4},{"damage":28,"enemies":"Colosseum Slavers","floor":19,"turns":5},{"damage":38,"enemies":"3 Byrds","floor":21,"turns":7},{"damage":33,"enemies":"Snake Plant","floor":22,"turns":2}],"seed_played":"-3259764937473520366","potions_obtained":[{"floor":1,"key":"Explosive Potion"},{"floor":7,"key":"Fire Potion"}],"is_trial":false,"path_per_floor":["M","$","M","?","$","R","M","E","T","?","R","?","M","M","R","B",null,"M","?","?","M","M"],"character_chosen":"IRONCLAD","items_purchased":["Armaments","PowerPotion"],"campfire_rested":1,"item_purchase_floors":[2,2],"current_hp_per_floor":[83,83,88,88,88,88,88,76,76,69,88,88,83,61,61,51,88,84,62,62,30,0],"gold":235,"neow_bonus":"TEN_PERCENT_HP_BONUS","is_prod":false,"is_daily":false,"chose_seed":false,"campfire_upgraded":2,"win_rate":0,"timestamp":1549989905,"path_taken":["M","$","M","?","$","R","M","E","T","?","R","?","M","M","R","BOSS","M","?","?","M","M"],"build_version":"2019-01-23","purchased_purges":0,"victory":false,"max_hp_per_floor":[88,88,88,88,88,88,88,88,88,88,88,88,88,88,88,88,88,88,88,88,88,88],"card_choices":[{"not_picked":["Wild Strike","Havoc"],"picked":"Perfected Strike","floor":1},{"not_picked":["Twin Strike","Thunderclap"],"picked":"Anger","floor":3},{"not_picked":["Sentinel","Burning Pact"],"picked":"Demon Form","floor":7},{"not_picked":["Anger","Shrug It Off"],"picked":"Heavy Blade","floor":8},{"not_picked":["Warcry","Twin Strike"],"picked":"Iron Wave","floor":13},{"not_picked":["Clash","Armaments"],"picked":"Twin Strike","floor":14},{"not_picked":["Feed","Barricade"],"picked":"Limit Break","floor":16},{"not_picked":["Rupture","Body Slam"],"picked":"Cleave+1","floor":18},{"not_picked":["Twin Strike+1","Hemokinesis+1"],"picked":"Sword Boomerang","floor":21}],"player_experience":356449,"relics_obtained":[{"floor":8,"key":"Self Forming Clay"},{"floor":9,"key":"Bottled Flame"}],"event_choices":[{"damage_healed":0,"gold_gain":0,"player_choice":"Leave","damage_taken":0,"max_hp_gain":0,"max_hp_loss":0,"event_name":"The Cleric","floor":4,"gold_loss":0},{"damage_healed":0,"gold_gain":0,"player_choice":"Success","damage_taken":7,"relics_obtained":["Calipers"],"max_hp_gain":0,"max_hp_loss":0,"event_name":"Scrap Ooze","floor":10,"gold_loss":0},{"damage_healed":0,"gold_gain":0,"player_choice":"Grow","damage_taken":0,"max_hp_gain":0,"max_hp_loss":0,"event_name":"Living Wall","floor":12,"gold_loss":0,"cards_upgraded":["Demon Form"]},{"damage_healed":0,"gold_gain":0,"player_choice":"Fight","damage_taken":0,"max_hp_gain":0,"max_hp_loss":0,"event_name":"Colosseum","floor":19,"gold_loss":0},{"damage_healed":0,"gold_gain":0,"player_choice":"Fled From Nobs","damage_taken":0,"max_hp_gain":0,"max_hp_loss":0,"event_name":"Colosseum","floor":19,"gold_loss":0},{"damage_healed":0,"gold_gain":0,"player_choice":"Obtain J.A.X.","damage_taken":0,"max_hp_gain":0,"max_hp_loss":0,"event_name":"Drug Dealer","floor":20,"gold_loss":0,"cards_obtained":["J.A.X."]}],"is_beta":false,"boss_relics":[{"not_picked":["Pandora\u0027s Box","Fusion Hammer"],"picked":"Black Star"}],"items_purged_floors":[],"is_endless":false,"potions_floor_spawned":[1,7],"killed_by":"Snake Plant","ascension_level":1}