{"gold_per_floor":[117,132,144,69,69,69,43,43,43,57,76,109,109,136,136,136],"floor_reached":16,"playtime":1172,"items_purged":[],"score":220,"play_id":"6885cb57-d04a-44f4-9108-a8bc1c0b256b","local_time":"20190428192830","is_ascension_mode":true,"campfire_choices":[{"data":"Neutralize","floor":6.0,"key":"SMITH"},{"data":"Skewer","floor":8.0,"key":"SMITH"},{"floor":15,"key":"REST"}],"neow_cost":"TEN_PERCENT_HP_LOSS","seed_source_timestamp":3192618105303660,"circlet_count":0,"master_deck":["AscendersBane","Defend_G","Defend_G","Defend_G","Defend_G","Strike_G","Strike_G","Strike_G","Survivor","Neutralize+1","Deadly Poison","Cloak And Dagger","Skewer+1","Flying Knee","Infinite Blades","Sucker Punch","Burst","Slice"],"special_seed":0,"relics":["Ring of the Snake","Vajra","Boot","Smiling Mask"],"potions_floor_usage":[],"damage_taken":[{"damage":11.0,"enemies":"Jaw Worm","floor":1.0,"turns":6.0},{"damage":0.0,"enemies":"Cultist","floor":2.0,"turns":3.0},{"damage":0.0,"enemies":"2 Louse","floor":3.0,"turns":2.0},{"damage":20.0,"enemies":"Exordium Thugs","floor":10.0,"turns":4.0},{"damage":8.0,"enemies":"Gremlin Gang","floor":11.0,"turns":4.0},{"damage":14.0,"enemies":"3 Sentries","floor":12.0,"turns":8.0},{"damage":21,"enemies":"Gremlin Nob","floor":14,"turns":4},{"damage":28,"enemies":"Hexaghost","floor":16,"turns":7}],"seed_played":"-726658946752217491","potions_obtained":[{"floor":3.0,"key":"FearPotion"},{"floor":12.0,"key":"Dexterity Potion"}],"is_trial":false,"path_per_floor":["M","M","M","?","?","R","$","R","T","M","M","E","?","E","R","B"],"character_chosen":"THE_SILENT","items_purchased":["Flying Knee"],"campfire_rested":1,"item_purchase_floors":[7],"current_hp_per_floor":[48,48,48,48,48,48,48,48,48,28,20,6,26,5,23,0],"gold":136,"neow_bonus":"REMOVE_TWO","is_prod":false,"is_daily":false,"chose_seed":false,"campfire_upgraded":2,"win_rate":0,"timestamp":1556472510,"path_taken":["M","M","M","?","?","R","?","R","T","M","?","E","?","E","R","BOSS"],"build_version":"2019-01-23","purchased_purges":0,"victory":false,"max_hp_per_floor":[60,60,60,60,60,60,60,60,60,60,60,60,60,60,60,60],"card_choices":[{"not_picked":["Sucker Punch","Flying Knee"],"picked":"Deadly Poison","floor":1.0},{"not_picked":["Acrobatics","Underhanded Strike"],"picked":"Cloak And Dagger","floor":2.0},{"not_picked":["Deflect","Calculated Gamble"],"picked":"Skewer","floor":3.0},{"not_picked":["Poisoned Stab","Blade Dance"],"picked":"Infinite Blades","floor":10.0},{"not_picked":["Setup","Cloak And Dagger"],"picked":"Sucker Punch","floor":11.0},{"not_picked":["Flying Knee","Setup","Burst"],"picked":"SKIP","floor":12.0},{"not_picked":["Flying Knee","Setup"],"picked":"Burst","floor":12.0},{"not_picked":["Deadly Poison","Sucker Punch"],"picked":"Slice","floor":14}],"player_experience":1790201,"relics_obtained":[{"floor":9.0,"key":"Vajra"},{"floor":12.0,"key":"Boot"},{"floor":14,"key":"Smiling Mask"}],"event_choices":[{"cards_removed":["Strike_G"],"damage_healed":0.0,"max_hp_gain":0.0,"max_hp_loss":0.0,"gold_gain":0.0,"event_name":"The Cleric","player_choice":"Card Removal","floor":4.0,"gold_loss":75.0,"damage_taken":0.0},{"damage_healed":0.0,"max_hp_gain":0.0,"max_hp_loss":0.0,"gold_gain":0.0,"event_name":"Liars Game","player_choice":"Ignored","floor":5.0,"gold_loss":0.0,"damage_taken":0.0},{"damage_healed":20.0,"max_hp_gain":0.0,"max_hp_loss":0.0,"gold_gain":0.0,"event_name":"Big Fish","player_choice":"Banana","floor":13.0,"gold_loss":0.0,"damage_taken":0.0}],"is_beta":false,"boss_relics":[],"items_purged_floors":[],"is_endless":false,"potions_floor_spawned":[3,12],"killed_by":"Hexaghost","ascension_level":20}