{"gold_per_floor":[119,29,47,60,13,13,28,42,42,61,61,93,62,78,78,78],"floor_reached":16,"playtime":703,"items_purged":[],"score":109,"play_id":"0af448d6-9a91-4b9b-ad59-eb9148616fda","local_time":"20190418005803","is_ascension_mode":true,"campfire_choices":[{"data":"Rampage","floor":6,"key":"SMITH"},{"floor":11,"key":"REST"},{"floor":15,"key":"REST"}],"neow_cost":"NONE","seed_source_timestamp":10856950799836,"circlet_count":0,"master_deck":["Strike_R","Strike_R","Strike_R","Strike_R","Strike_R","Defend_R","Defend_R","Defend_R","Defend_R","Bash","Iron Wave","Rampage+1","Shrug It Off","Shockwave","Cleave","Shrug It Off","Dual Wield","Pommel Strike","Limit Break","Searing Blow"],"relics":["Burning Blood","NeowsBlessing","Ancient Tea Set"],"potions_floor_usage":[10,12,14],"damage_taken":[{"damage":0,"enemies":"Cultist","floor":1,"turns":1},{"damage":0,"enemies":"Jaw Worm","floor":3,"turns":1},{"damage":0,"enemies":"2 Louse","floor":4,"turns":1},{"damage":14,"enemies":"2 Fungi Beasts","floor":7,"turns":4},{"damage":24,"enemies":"Gremlin Gang","floor":8,"turns":4},{"damage":7,"enemies":"Looter","floor":10,"turns":3},{"damage":46,"enemies":"Lagavulin","floor":12,"turns":7},{"damage":11,"enemies":"3 Louse","floor":14,"turns":3},{"damage":52,"enemies":"Hexaghost","floor":16,"turns":10}],"seed_played":"1402916035187559234","potions_obtained":[{"floor":4,"key":"SkillPotion"},{"floor":10,"key":"Weak Potion"},{"floor":12,"key":"BloodPotion"}],"is_trial":false,"path_per_floor":["M","$","M","M","$","R","M","M","T","M","R","E","?","M","R","B"],"character_chosen":"IRONCLAD","items_purchased":["Rampage","Shrug It Off","Shrug It Off"],"campfire_rested":2,"item_purchase_floors":[2,2,5],"current_hp_per_floor":[80,80,80,80,80,80,72,54,54,53,77,37,37,40,64,12],"gold":78,"neow_bonus":"THREE_ENEMY_KILL","is_prod":false,"is_daily":false,"chose_seed":false,"campfire_upgraded":1,"win_rate":0,"timestamp":1555574283,"path_taken":["M","$","?","?","?","R","M","?","T","M","R","E","?","M","R","BOSS"],"build_version":"2019-01-23","purchased_purges":0,"victory":false,"max_hp_per_floor":[80,80,80,80,80,80,80,80,80,80,80,80,80,80,80,80],"card_choices":[{"not_picked":["Clash","Dropkick"],"picked":"Iron Wave","floor":1},{"not_picked":["Pommel Strike","Headbutt"],"picked":"Shockwave","floor":3},{"not_picked":["Clash","Sentinel"],"picked":"Cleave","floor":4},{"not_picked":["Evolve","Havoc"],"picked":"Dual Wield","floor":7},{"not_picked":["Seeing Red","Evolve"],"picked":"Pommel Strike","floor":8},{"not_picked":["Power Through","Combust","Clash"],"picked":"SKIP","floor":10},{"not_picked":["Carnage","Power Through"],"picked":"Limit Break","floor":12},{"not_picked":["Metallicize","Anger"],"picked":"Searing Blow","floor":14}],"player_experience":433935,"relics_obtained":[{"floor":12,"key":"Ancient Tea Set"}],"event_choices":[{"damage_healed":0,"gold_gain":0,"player_choice":"Left Gold","damage_taken":0,"max_hp_gain":0,"max_hp_loss":0,"event_name":"World of Goop","floor":13,"gold_loss":31}],"is_beta":false,"boss_relics":[],"items_purged_floors":[],"is_endless":false,"potions_floor_spawned":[4,10,12],"killed_by":"Hexaghost","ascension_level":1}