{"gold_per_floor":[13,27,37,37,61,101,101,140,215,215,230,4,4,28,28,152,152,170,188,202,50,0,0],"floor_reached":23,"playtime":3219,"items_purged":["Strike_G"],"score":203,"play_id":"281c7286-10f3-4771-b05b-5a3e1acd00d2","local_time":"20190505144947","is_ascension_mode":false,"campfire_choices":[{"floor":7.0,"key":"RECALL"},{"floor":10.0,"key":"REST"},{"data":"Terror","floor":13.0,"key":"SMITH"},{"data":"Tools of the Trade","floor":15,"key":"SMITH"}],"neow_cost":"NO_GOLD","seed_source_timestamp":120860327389541,"circlet_count":0,"master_deck":["Defend_G","Defend_G","Defend_G","Strike_G","Strike_G","Strike_G","Strike_G","Survivor","Neutralize","Cloak And Dagger","Crippling Poison","Prepared","Terror+1","Tools of the Trade+1","Flying Knee","Envenom","Swift Strike","Cloak And Dagger","A Thousand Cuts","Blade Dance","Venomology","Quick Slash+1"],"special_seed":0,"relics":["Ring of the Snake","Golden Idol","Omamori","Mango","HoveringKite","Snake Skull"],"potions_floor_usage":[14,16,16,20,20],"damage_taken":[{"damage":0.0,"enemies":"Small Slimes","floor":1.0,"turns":3.0},{"damage":0.0,"enemies":"Jaw Worm","floor":2.0,"turns":5.0},{"damage":0.0,"enemies":"Cultist","floor":3.0,"turns":4.0},{"damage":1.0,"enemies":"Blue Slaver","floor":5.0,"turns":5.0},{"damage":19.0,"enemies":"Gremlin Nob","floor":6.0,"turns":5.0},{"damage":15.0,"enemies":"3 Sentries","floor":8.0,"turns":8.0},{"damage":0.0,"enemies":"Exordium Thugs","floor":11.0,"turns":5.0},{"damage":0,"enemies":"Gremlin Gang","floor":14,"turns":4},{"damage":44,"enemies":"Slime Boss","floor":16,"turns":14},{"damage":1,"enemies":"Chosen","floor":18,"turns":6},{"damage":30,"enemies":"Shell Parasite","floor":19,"turns":10},{"damage":28,"enemies":"Centurion and Healer","floor":20,"turns":10},{"damage":41,"enemies":"Gremlin Leader","floor":23,"turns":4}],"seed_played":"5061637717118415932","potions_obtained":[{"floor":1.0,"key":"SpeedPotion"},{"floor":3.0,"key":"PowerPotion"},{"floor":8.0,"key":"SteroidPotion"},{"floor":11.0,"key":"Block Potion"},{"floor":14,"key":"Regen Potion"},{"floor":19,"key":"SteroidPotion"}],"is_trial":false,"path_per_floor":["M","M","M","?","M","E","R","E","T","R","M","$","R","M","R","B",null,"M","M","M","$","?","E"],"character_chosen":"THE_SILENT","items_purchased":["Envenom","Swift Strike","Snake Skull"],"campfire_rested":1,"item_purchase_floors":[12,12,21],"current_hp_per_floor":[70,70,70,53,52,33,33,32,32,57,57,57,57,57,57,13,84,83,53,40,40,40,0],"gold":0,"neow_bonus":"REMOVE_TWO","is_prod":false,"is_daily":false,"chose_seed":false,"campfire_upgraded":2,"win_rate":0,"timestamp":1557060587,"path_taken":["M","M","M","?","M","E","R","E","T","R","M","?","R","M","R","BOSS","M","M","M","?","?","E"],"build_version":"2019-01-23","purchased_purges":1,"victory":false,"max_hp_per_floor":[70,70,70,70,70,70,70,84,84,84,84,84,84,84,84,84,84,84,84,84,84,84,84],"card_choices":[{"not_picked":["Leg Sweep","Endless Agony"],"picked":"Cloak And Dagger","floor":1.0},{"not_picked":["Dagger Throw","Dagger Spray"],"picked":"Crippling Poison","floor":2.0},{"not_picked":["Masterful Stab","Expertise"],"picked":"Prepared","floor":3.0},{"not_picked":["Masterful Stab","Deadly Poison"],"picked":"Terror","floor":5.0},{"not_picked":["Backflip","Poisoned Stab","Dagger Throw"],"picked":"SKIP","floor":6.0},{"not_picked":["Dash","Terror"],"picked":"Tools of the Trade","floor":8.0},{"not_picked":["Poisoned Stab","Backflip"],"picked":"Flying Knee","floor":11.0},{"not_picked":["Deadly Poison","All Out Attack"],"picked":"Cloak And Dagger","floor":14},{"not_picked":["Die Die Die","Glass Knife"],"picked":"A Thousand Cuts","floor":16},{"not_picked":["Flechettes","Dodge and Roll"],"picked":"Blade Dance","floor":18},{"not_picked":["Dagger Spray+1","Bane+1"],"picked":"Venomology","floor":19},{"not_picked":["Cloak And Dagger","Sucker Punch+1"],"picked":"Quick Slash+1","floor":20}],"player_experience":181277,"relics_obtained":[{"floor":6.0,"key":"Omamori"},{"floor":8.0,"key":"Mango"}],"event_choices":[{"damage_healed":0.0,"max_hp_gain":0.0,"max_hp_loss":0.0,"gold_gain":0.0,"event_name":"Golden Idol","player_choice":"Take Damage","floor":4.0,"gold_loss":0.0,"damage_taken":17.0,"relics_obtained":["Golden Idol"]},{"damage_healed":0,"gold_gain":0,"player_choice":"Bet on Murderer","damage_taken":0,"max_hp_gain":0,"max_hp_loss":0,"event_name":"The Joust","floor":22,"gold_loss":50}],"is_beta":false,"boss_relics":[{"not_picked":["Velvet Choker","Fusion Hammer"],"picked":"HoveringKite"}],"items_purged_floors":[12],"is_endless":false,"potions_floor_spawned":[1,3,8,11,14,19],"killed_by":"Gremlin Leader","ascension_level":0}