{"gold_per_floor":[144,44,44,89,39,39,129,129,129,174,219,264,69,19,19,19],"floor_reached":16,"playtime":669,"items_purged":["Aggregate"],"score":150,"play_id":"3be62ec6-472f-47ce-a1ae-a24b30782d55","local_time":"20180908205457","daily_mods":["Insanity","Midas","Time Dilation"],"is_ascension_mode":false,"campfire_choices":[{"floor":6,"key":"REST"},{"floor":8,"key":"REST"},{"floor":15,"key":"REST"}],"neow_cost":"","seed_source_timestamp":0,"circlet_count":0,"master_deck":["Undo","Scrape","Hyperbeam","Hyperbeam","Skim","Auto Shields","Self Repair","Echo Form","Strike_B","Steam Power","Genetic Algorithm","Hologram","Go for the Eyes","Machine Learning","Stack","Compile Driver","Gash","Genetic Algorithm","Hello World","Static Discharge","Electrodynamics","Machine Learning","Hyperbeam","Glacier","Compile Driver","Dualcast","Compile Driver","Conserve Battery","Buffer","Aggregate","Leap","Seek","Go for the Eyes","Heatsinks","Undo","Fission","Strike_B","Fusion","Dualcast","Gash","Electrodynamics","White Noise","Echo Form","Echo Form","Barrage","Thunder Strike","Rebound","Scrape","Doom and Gloom","Redo"],"special_seed":17783,"relics":["Cracked Core","Blood Vial","Frozen Egg 2","Dream Catcher","Tiny Chest"],"potions_floor_usage":[7,7,7,16],"damage_taken":[{"damage":0,"enemies":"Cultist","floor":1,"turns":3},{"damage":8,"enemies":"Jaw Worm","floor":4,"turns":6},{"damage":22,"enemies":"Gremlin Nob","floor":7,"turns":5},{"damage":13,"enemies":"2 Louse","floor":10,"turns":2},{"damage":36,"enemies":"Exordium Wildlife","floor":11,"turns":4},{"damage":21,"enemies":"3 Louse","floor":12,"turns":3},{"damage":35,"enemies":"The Guardian","floor":16,"turns":7}],"seed_played":"2563737183357508688","potions_obtained":[{"floor":4,"key":"Energy Potion"},{"floor":11,"key":"GamblersBrew"}],"is_trial":false,"path_per_floor":["M","$","?","M","?","R","E","R","T","M","M","M","$","$","R"],"character_chosen":"DEFECT","items_purchased":["PowerPotion","SteroidPotion","Tiny Chest","PowerPotion"],"campfire_rested":3,"item_purchase_floors":[2,2,13,14],"current_hp_per_floor":[75,75,68,69,69,75,60,75,75,62,28,9,9,9,31,0],"gold":19,"neow_bonus":"","is_prod":false,"is_daily":true,"chose_seed":false,"campfire_upgraded":0,"win_rate":0,"timestamp":1536465297,"path_taken":["M","$","?","M","?","R","E","R","T","M","M","M","?","$","R","BOSS"],"build_version":"2018-09-06","purchased_purges":1,"victory":false,"max_hp_per_floor":[75,75,75,75,75,75,75,75,75,75,75,75,75,75,75,75],"card_choices":[{"not_picked":["Go for the Eyes","Rebound","Ball Lightning"],"picked":"SKIP","floor":1},{"not_picked":["Sweeping Beam","Turbo","Ball Lightning"],"picked":"SKIP","floor":4},{"not_picked":["Barrage","Cold Snap","Ball Lightning"],"picked":"SKIP","floor":7},{"not_picked":["Sweeping Beam","Streamline","Leap"],"picked":"SKIP","floor":10},{"not_picked":["Recycle","Go for the Eyes","Sweeping Beam"],"picked":"SKIP","floor":11},{"not_picked":["Force Field","Steam"],"picked":"Doom and Gloom","floor":12},{"not_picked":["Steam","Rip and Tear"],"picked":"Redo","floor":15}],"player_experience":62714,"relics_obtained":[{"floor":7,"key":"Frozen Egg 2"},{"floor":9,"key":"Dream Catcher"}],"event_choices":[{"event_name":"Scrap Ooze","player_choice":"success","floor":3,"damage_taken":7},{"event_name":"The Cleric","player_choice":"Card Removal","floor":5,"damage_taken":0}],"is_beta":false,"boss_relics":[],"items_purged_floors":[13],"is_endless":false,"potions_floor_spawned":[4,11],"killed_by":"The Guardian","ascension_level":0}