{"gold_per_floor":[115,115,115,31,43,70,84,9,9,0,18,36,36,36,36,111,111,91,91,108,132,148,148],"floor_reached":23,"playtime":1906,"items_purged":["Strike_G"],"score":382,"play_id":"a18325a2-5399-4263-a58b-72051324718b","local_time":"20190505125142","is_ascension_mode":true,"campfire_choices":[{"floor":13,"key":"REST"},{"data":"Malaise","floor":15,"key":"SMITH"}],"neow_cost":"TEN_PERCENT_HP_LOSS","seed_source_timestamp":280325676054020,"circlet_count":0,"master_deck":["AscendersBane","Defend_G","Defend_G","Defend_G","Defend_G","Survivor","Neutralize","Poisoned Stab","Heel Hook","Predator","Flying Knee","Cloak And Dagger","Leg Sweep","PiercingWail","Well Laid Plans","Malaise+1","Malaise","Malaise+1","Doppelganger+1","Flechettes+1","Dodge and Roll","Ghostly","Ghostly","Ghostly","Calculated Gamble","Backstab"],"relics":["Ring of the Snake","PreservedInsect","Prayer Wheel","Astrolabe","Anchor"],"potions_floor_usage":[20,22],"damage_taken":[{"damage":0,"enemies":"2 Louse","floor":1,"turns":2},{"damage":0,"enemies":"Cultist","floor":5,"turns":3},{"damage":24,"enemies":"Lagavulin","floor":6,"turns":7},{"damage":0,"enemies":"Small Slimes","floor":7,"turns":3},{"damage":0,"enemies":"Looter","floor":11,"turns":4},{"damage":0,"enemies":"Exordium Wildlife","floor":12,"turns":4},{"damage":24,"enemies":"The Guardian","floor":16,"turns":16},{"damage":7,"enemies":"2 Thieves","floor":18,"turns":5},{"damage":3,"enemies":"Shell Parasite","floor":20,"turns":6},{"damage":2,"enemies":"Centurion and Healer","floor":22,"turns":9},{"damage":63,"enemies":"Gremlin Leader","floor":23,"turns":7}],"seed_played":"-964896290851378515","potions_obtained":[{"floor":5,"key":"GhostInAJar"},{"floor":11,"key":"Dexterity Potion"},{"floor":20,"key":"Fire Potion"}],"is_trial":false,"path_per_floor":["M","?","?","$","M","E","M","$","T","?","M","M","R","?","R","B",null,"M","?","M","T","M","E"],"character_chosen":"THE_SILENT","items_purchased":["Predator"],"campfire_rested":1,"item_purchase_floors":[4],"current_hp_per_floor":[59,41,32,32,32,8,8,8,8,8,8,8,26,26,26,2,46,39,30,27,27,25,0],"gold":148,"neow_bonus":"TRANSFORM_TWO_CARDS","is_prod":false,"is_daily":false,"chose_seed":false,"campfire_upgraded":1,"win_rate":0,"timestamp":1557053502,"path_taken":["M","?","?","$","?","E","M","?","T","?","M","M","R","?","R","BOSS","M","?","M","?","M","E"],"build_version":"2019-01-23","purchased_purges":1,"victory":false,"max_hp_per_floor":[60,60,60,60,60,60,60,60,60,60,60,60,60,60,60,60,60,60,30,30,30,30,30],"card_choices":[{"not_picked":["Poisoned Stab","Flechettes","Slice"],"picked":"SKIP","floor":1},{"not_picked":["Blade Dance","Crippling Poison"],"picked":"Flying Knee","floor":5},{"not_picked":["Eviscerate","Slice"],"picked":"Cloak And Dagger","floor":6},{"not_picked":["Tactician","Quick Slash"],"picked":"Leg Sweep","floor":7},{"not_picked":["Distraction","Crippling Poison","Cloak And Dagger"],"picked":"SKIP","floor":7},{"not_picked":["Heel Hook","Escape Plan"],"picked":"PiercingWail","floor":11},{"not_picked":["Flying Knee","Blur"],"picked":"Well Laid Plans","floor":11},{"not_picked":["Outmaneuver","Cloak And Dagger"],"picked":"Malaise","floor":12},{"not_picked":["Dagger Spray","Flying Knee","Endless Agony"],"picked":"SKIP","floor":12},{"not_picked":["Adrenaline","Venomology"],"picked":"Malaise","floor":16},{"not_picked":["Endless Agony","Flying Knee+1"],"picked":"Dodge and Roll","floor":18},{"not_picked":["Dagger Throw","Sucker Punch","Poisoned Stab"],"picked":"SKIP","floor":18},{"not_picked":["Slice","Deadly Poison","PiercingWail"],"picked":"SKIP","floor":20},{"not_picked":["Slice","PiercingWail","Underhanded Strike"],"picked":"SKIP","floor":20},{"not_picked":["Wraith Form v2","PiercingWail"],"picked":"Calculated Gamble","floor":22},{"not_picked":["Noxious Fumes","Deflect"],"picked":"Backstab","floor":22}],"player_experience":2035947,"relics_obtained":[{"floor":6,"key":"Prayer Wheel"},{"floor":21,"key":"Anchor"}],"event_choices":[{"damage_healed":0,"gold_gain":0,"player_choice":"Success","damage_taken":18,"relics_obtained":["PreservedInsect"],"max_hp_gain":0,"max_hp_loss":0,"event_name":"Scrap Ooze","floor":2,"gold_loss":0},{"damage_healed":0,"gold_gain":0,"player_choice":"Damaged","damage_taken":9,"max_hp_gain":0,"max_hp_loss":0,"event_name":"Wheel of Change","floor":3,"gold_loss":0},{"damage_healed":0,"gold_gain":0,"player_choice":"Left Gold","damage_taken":0,"max_hp_gain":0,"max_hp_loss":0,"event_name":"World of Goop","floor":10,"gold_loss":9},{"damage_healed":0,"gold_gain":0,"player_choice":"Ignored","damage_taken":0,"max_hp_gain":0,"max_hp_loss":0,"event_name":"Shining Light","floor":14,"gold_loss":0},{"damage_healed":0,"gold_gain":0,"player_choice":"Became a Ghost","damage_taken":0,"max_hp_gain":0,"max_hp_loss":30,"event_name":"Ghosts","floor":19,"gold_loss":0,"cards_obtained":["Ghostly","Ghostly","Ghostly"]}],"is_beta":false,"boss_relics":[{"not_picked":["Lizard Tail","WristBlade"],"picked":"Astrolabe"}],"items_purged_floors":[8],"is_endless":false,"potions_floor_spawned":[5,11,12,16,20],"killed_by":"Gremlin Leader","ascension_level":20}