{"gold_per_floor":[119,119,132,145,145,168,202,202,202,202,10,10,34,54,54,182,182,206,229,229,229,16,34,34],"floor_reached":24,"playtime":1407,"items_purged":[],"score":198,"play_id":"ea72416f-de7f-434d-bdab-e80cd691e8ce","local_time":"20181215172137","is_ascension_mode":false,"campfire_choices":[{"floor":8,"key":"RECALL"},{"data":"Bane","floor":10,"key":"SMITH"},{"data":"Infinite Blades","floor":12,"key":"SMITH"},{"floor":15,"key":"REST"}],"neow_cost":"NONE","seed_source_timestamp":79412850826932,"circlet_count":0,"master_deck":["Defend_G","Defend_G","Defend_G","Defend_G","Defend_G","Strike_G","Strike_G","Strike_G","Strike_G","Survivor","Neutralize","Deadly Poison","Bouncing Flask","Bane+1","Crippling Poison","Injury","Infinite Blades+1","Blade Dance","Jack Of All Trades","Backflip","Bouncing Flask","Adrenaline","PiercingWail","Terror","Choke","Deadly Poison","Finisher"],"relics":["Ring of the Snake","Bloody Idol","The Courier","Omamori","WristBlade","Turnip","Bag of Marbles"],"potions_floor_usage":[16,24],"damage_taken":[{"damage":0,"enemies":"Small Slimes","floor":1,"turns":4},{"damage":1,"enemies":"Jaw Worm","floor":3,"turns":3},{"damage":0,"enemies":"Cultist","floor":4,"turns":2},{"damage":0,"enemies":"Exordium Wildlife","floor":6,"turns":6},{"damage":13,"enemies":"Gremlin Nob","floor":7,"turns":4},{"damage":24,"enemies":"Exordium Thugs","floor":13,"turns":5},{"damage":13,"enemies":"2 Fungi Beasts","floor":14,"turns":3},{"damage":15,"enemies":"Hexaghost","floor":16,"turns":8},{"damage":22,"enemies":"Shell Parasite","floor":18,"turns":5},{"damage":16,"enemies":"3 Byrds","floor":19,"turns":5},{"damage":32,"enemies":"Centurion and Healer","floor":23,"turns":7},{"damage":23,"enemies":"Colosseum Slavers","floor":24,"turns":3}],"seed_played":"2040487874720507515","potions_obtained":[{"floor":3,"key":"SteroidPotion"},{"floor":6,"key":"PowerPotion"},{"floor":14,"key":"SpeedPotion"},{"floor":19,"key":"Swift Potion"}],"is_trial":false,"path_per_floor":["M","?","M","M","?","M","E","R","T","R","$","R","M","M","R","B",null,"M","M","?","T","$","M","?"],"character_chosen":"THE_SILENT","items_purchased":["Omamori","Jack Of All Trades","Bag of Marbles","Choke","Deadly Poison"],"campfire_rested":1,"item_purchase_floors":[11,11,22,22,22],"current_hp_per_floor":[77,77,76,76,76,76,63,63,63,63,63,63,39,26,49,34,77,55,39,39,39,39,12,0],"gold":34,"neow_bonus":"TEN_PERCENT_HP_BONUS","is_prod":false,"is_daily":false,"chose_seed":false,"campfire_upgraded":2,"win_rate":0,"timestamp":1544923297,"path_taken":["M","?","M","M","?","M","E","R","T","R","?","R","M","?","R","BOSS","M","M","?","?","$","M","?"],"build_version":"2018-12-13","purchased_purges":0,"victory":false,"max_hp_per_floor":[77,77,77,77,77,77,77,77,77,77,77,77,77,77,77,77,77,77,77,77,77,77,77,77],"card_choices":[{"not_picked":["Dodge and Roll","Slice"],"picked":"Deadly Poison","floor":1},{"not_picked":["Cloak And Dagger","Dodge and Roll"],"picked":"Bane","floor":3},{"not_picked":["Poisoned Stab","Underhanded Strike"],"picked":"Crippling Poison","floor":4},{"not_picked":["Slice","Unload"],"picked":"Infinite Blades","floor":6},{"not_picked":["Expertise","Blur"],"picked":"Blade Dance","floor":7},{"not_picked":["All Out Attack","Flechettes"],"picked":"Backflip","floor":13},{"not_picked":["Cloak And Dagger","Sucker Punch"],"picked":"Bouncing Flask","floor":14},{"not_picked":["Die Die Die","Night Terror"],"picked":"Adrenaline","floor":16},{"not_picked":["Well Laid Plans","Deflect"],"picked":"PiercingWail","floor":18},{"not_picked":["Dagger Spray","Infinite Blades"],"picked":"Terror","floor":19},{"not_picked":["Eviscerate","Cloak And Dagger"],"picked":"Finisher","floor":23}],"player_experience":279925,"relics_obtained":[{"floor":7,"key":"The Courier"},{"floor":21,"key":"Turnip"}],"event_choices":[{"damage_healed":0,"gold_gain":0,"cards_transformed":["Strike_G"],"player_choice":"Change","damage_taken":0,"max_hp_gain":0,"max_hp_loss":0,"event_name":"Living Wall","floor":2,"gold_loss":0,"cards_obtained":["Bouncing Flask"]},{"damage_healed":0,"gold_gain":0,"player_choice":"Take Wound","damage_taken":0,"relics_obtained":["Golden Idol"],"max_hp_gain":0,"max_hp_loss":0,"event_name":"Golden Idol","floor":5,"gold_loss":0,"cards_obtained":["Injury"]},{"damage_healed":0,"gold_gain":0,"player_choice":"Gave Idol","damage_taken":0,"relics_obtained":["Bloody Idol"],"max_hp_gain":0,"max_hp_loss":0,"event_name":"Forgotten Altar","floor":20,"relics_lost":["Golden Idol"],"gold_loss":0},{"damage_healed":0,"gold_gain":0,"player_choice":"Fight","damage_taken":0,"max_hp_gain":0,"max_hp_loss":0,"event_name":"Colosseum","floor":24,"gold_loss":0}],"is_beta":false,"boss_relics":[{"not_picked":["Eternal Feather","Calling Bell"],"picked":"WristBlade"}],"items_purged_floors":[],"is_endless":false,"potions_floor_spawned":[3,6,14,19],"killed_by":"Colosseum Slavers","ascension_level":0}