{"gold_per_floor":[114,26,41,41,56,56,86,86,86,86,116,131,146,161,161,261,261,276,49,49,49,64,94,94],"floor_reached":24,"playtime":1142,"items_purged":[],"score":226,"play_id":"81a36b29-0532-4f52-ba19-0e40b5580ed4","local_time":"20181029225956","daily_mods":["Chimera","Green Cards","Careless"],"is_ascension_mode":false,"campfire_choices":[{"data":"Infernal Blade","floor":6,"key":"SMITH"},{"data":"Noxious Fumes","floor":8,"key":"SMITH"},{"floor":10,"key":"REST"},{"floor":15,"key":"REST"}],"neow_cost":"","seed_source_timestamp":0,"circlet_count":0,"master_deck":["Bash","Survivor","Zap+1","Strike_R","Strike_G","Strike_B","Defend_R","Defend_G","Defend_B","Anger","Pummel","Iron Wave","Infernal Blade+1","Twin Strike","Noxious Fumes+1","Poisoned Stab","Inflame","Flex","Anger","Bludgeon","Thunderclap","Outmaneuver","Decay","Terror"],"special_seed":17834,"relics":["Burning Blood","Lantern","Blue Candle","Question Card","Fusion Hammer","Strange Spoon","Juzu Bracelet"],"potions_floor_usage":[7,18,24],"damage_taken":[{"damage":15,"enemies":"Small Slimes","floor":1,"turns":3},{"damage":1,"enemies":"Cultist","floor":3,"turns":3},{"damage":0,"enemies":"2 Louse","floor":5,"turns":2},{"damage":21,"enemies":"3 Sentries","floor":7,"turns":6},{"damage":25,"enemies":"Gremlin Nob","floor":11,"turns":4},{"damage":13,"enemies":"Lots of Slimes","floor":12,"turns":3},{"damage":14,"enemies":"Gremlin Gang","floor":13,"turns":4},{"damage":0,"enemies":"Large Slime","floor":14,"turns":4},{"damage":36,"enemies":"Hexaghost","floor":16,"turns":7},{"damage":16,"enemies":"Spheric Guardian","floor":18,"turns":4},{"damage":19,"enemies":"3 Byrds","floor":22,"turns":5},{"damage":48,"enemies":"Slavers","floor":23,"turns":6},{"damage":17,"enemies":"Centurion and Healer","floor":24,"turns":2}],"seed_played":"-1635922721403175301","potions_obtained":[{"floor":1,"key":"GamblersBrew"},{"floor":3,"key":"AttackPotion"},{"floor":16,"key":"Weak Potion"},{"floor":23,"key":"PowerPotion"}],"is_trial":false,"path_per_floor":["M","$","M","?","M","R","E","R","T","R","E","M","M","M","R","B",null,"M","$","?","$","M","E"],"character_chosen":"IRONCLAD","items_purchased":["Pummel","Iron Wave","Strange Spoon","Outmaneuver"],"campfire_rested":2,"item_purchase_floors":[2,2,19,19],"current_hp_per_floor":[71,71,76,76,80,80,65,65,65,80,61,54,46,52,76,46,80,70,70,70,70,57,15,0],"gold":94,"neow_bonus":"","is_prod":false,"is_daily":true,"chose_seed":false,"campfire_upgraded":2,"win_rate":0,"timestamp":1540879196,"path_taken":["M","$","M","?","M","R","E","R","T","R","E","?","?","?","R","BOSS","M","$","?","?","?","E","M"],"build_version":"2018-10-25v2","purchased_purges":0,"victory":false,"max_hp_per_floor":[80,80,80,80,80,80,80,80,80,80,80,80,80,80,80,80,80,80,80,80,80,80,80,80],"card_choices":[{"not_picked":["Reflex","Bane"],"picked":"Anger","floor":1},{"not_picked":["Armaments","Dropkick"],"picked":"Infernal Blade","floor":3},{"not_picked":["Dagger Throw","Blade Dance"],"picked":"Twin Strike","floor":5},{"not_picked":["Havoc","Crippling Poison"],"picked":"Noxious Fumes","floor":7},{"not_picked":["Fiend Fire","Cloak And Dagger"],"picked":"Poisoned Stab","floor":11},{"not_picked":["Sucker Punch","Poisoned Stab","Dropkick"],"picked":"Inflame","floor":12},{"not_picked":["Cloak And Dagger","Predator","Backflip"],"picked":"Flex","floor":13},{"not_picked":["Poisoned Stab","Underhanded Strike","All Out Attack"],"picked":"Anger","floor":14},{"not_picked":["Double Tap","Venomology","Die Die Die"],"picked":"Bludgeon","floor":16},{"not_picked":["Headbutt","Hemokinesis","Quick Slash+1"],"picked":"Thunderclap","floor":18},{"not_picked":["Shrug It Off","Iron Wave","Dagger Throw+1","Cloak And Dagger"],"picked":"SKIP","floor":22},{"not_picked":["Sucker Punch","Prepared","Blood for Blood"],"picked":"Terror","floor":23}],"player_experience":75075,"relics_obtained":[{"floor":7,"key":"Lantern"},{"floor":9,"key":"Blue Candle"},{"floor":11,"key":"Question Card"},{"floor":23,"key":"Juzu Bracelet"}],"event_choices":[{"damage_healed":0,"gold_gain":0,"player_choice":"Upgraded","damage_taken":0,"max_hp_gain":0,"max_hp_loss":0,"event_name":"Upgrade Shrine","floor":4,"gold_loss":0,"cards_upgraded":["Zap"]},{"damage_healed":0,"gold_gain":0,"player_choice":"Smashed Altar","damage_taken":0,"max_hp_gain":0,"max_hp_loss":0,"event_name":"Forgotten Altar","floor":20,"gold_loss":0,"cards_obtained":["Decay"]}],"is_beta":false,"boss_relics":[{"not_picked":["Philosopher\u0027s Stone","Tiny House"],"picked":"Fusion Hammer"}],"items_purged_floors":[],"is_endless":false,"potions_floor_spawned":[1,3,16,23],"killed_by":"Centurion and Healer","ascension_level":0}