{"gold_per_floor":[114,129,129,144,24,24,24,39,64,64,64,64,79,94,94,194,194,209,20,35,50,50],"floor_reached":22,"playtime":797,"items_purged":["Strike_R","Defend_G"],"score":228,"play_id":"ff2413ec-889e-4e16-80e6-cf2ccf0fa793","local_time":"20181112223706","daily_mods":["Chimera","Colorless Cards","Lethality"],"is_ascension_mode":false,"campfire_choices":[{"data":"Streamline","floor":6,"key":"SMITH"},{"floor":10,"key":"REST"},{"data":"Zap","floor":12,"key":"SMITH"},{"floor":15,"key":"REST"}],"neow_cost":"","seed_source_timestamp":0,"circlet_count":0,"master_deck":["Bash","Survivor","Zap+1","Strike_G","Defend_R","Defend_B","Chaos+1","Compile Driver","Reinforced Body","Streamline+1","Finesse","Hologram","Rebound","Apotheosis","Finesse","BootSequence","Dramatic Entrance+1"],"special_seed":17848,"relics":["Cracked Core","Ancient Tea Set","Fusion Hammer"],"potions_floor_usage":[2,14,16,20,20,22],"damage_taken":[{"damage":9,"enemies":"Cultist","floor":1,"turns":3},{"damage":0,"enemies":"Small Slimes","floor":2,"turns":3},{"damage":7,"enemies":"2 Louse","floor":4,"turns":2},{"damage":0,"enemies":"Large Slime","floor":8,"turns":5},{"damage":12,"enemies":"Lots of Slimes","floor":13,"turns":2},{"damage":1,"enemies":"Exordium Thugs","floor":14,"turns":3},{"damage":0,"enemies":"Slime Boss","floor":16,"turns":5},{"damage":35,"enemies":"2 Thieves","floor":18,"turns":4},{"damage":0,"enemies":"Shell Parasite","floor":20,"turns":2},{"damage":18,"enemies":"Cultist and Chosen","floor":21,"turns":6},{"damage":24,"enemies":"Snake Plant","floor":22,"turns":3}],"seed_played":"-6844763107300469572","potions_obtained":[{"floor":1,"key":"SkillPotion"},{"floor":4,"key":"GamblersBrew"},{"floor":13,"key":"LiquidBronze"},{"floor":18,"key":"Energy Potion"},{"floor":21,"key":"FocusPotion"}],"is_trial":false,"path_per_floor":["M","M","?","M","$","R","?","M","T","R","?","R","M","M","R","B",null,"M","$","M","M","M"],"character_chosen":"DEFECT","items_purchased":["Streamline","BootSequence","Explosive Potion"],"campfire_rested":2,"item_purchase_floors":[5,19,19],"current_hp_per_floor":[66,66,66,59,59,59,59,59,59,75,75,75,63,62,75,75,75,40,40,40,22,0],"gold":50,"neow_bonus":"","is_prod":false,"is_daily":true,"chose_seed":false,"campfire_upgraded":2,"win_rate":0,"timestamp":1542091026,"path_taken":["M","?","?","?","$","R","?","M","T","R","?","R","M","M","R","BOSS","M","$","M","M","M"],"build_version":"2018-11-08","purchased_purges":2,"victory":false,"max_hp_per_floor":[75,75,75,75,75,75,75,75,75,75,75,75,75,75,75,75,75,75,75,75,75,75],"card_choices":[{"not_picked":["Skim","Gash"],"picked":"Chaos","floor":1},{"not_picked":["Deep Breath","Panacea"],"picked":"Compile Driver","floor":2},{"not_picked":["Stack","Undo"],"picked":"Reinforced Body","floor":4},{"not_picked":["Stack","Turbo"],"picked":"Finesse","floor":8},{"not_picked":["Leap","Swift Strike"],"picked":"Hologram","floor":13},{"not_picked":["Metamorphosis","Recycle"],"picked":"Rebound","floor":14},{"not_picked":["Amplify","Master of Strategy"],"picked":"Apotheosis","floor":16},{"not_picked":["Sweeping Beam","Conserve Battery"],"picked":"Finesse","floor":18},{"not_picked":["Jack Of All Trades","Enlightenment"],"picked":"Dramatic Entrance+1","floor":20},{"not_picked":["Leap","Streamline","Madness"],"picked":"SKIP","floor":21}],"player_experience":90628,"relics_obtained":[{"floor":9,"key":"Ancient Tea Set"}],"event_choices":[{"damage_healed":0,"gold_gain":0,"player_choice":"Forge","damage_taken":0,"max_hp_gain":0,"max_hp_loss":0,"event_name":"Accursed Blacksmith","floor":3,"gold_loss":0,"cards_upgraded":["Chaos"]},{"cards_removed":["Strike_B"],"damage_healed":0,"gold_gain":0,"player_choice":"Forget","damage_taken":0,"max_hp_gain":0,"max_hp_loss":0,"event_name":"Living Wall","floor":7,"gold_loss":0},{"damage_healed":0,"gold_gain":0,"player_choice":"Ignored","damage_taken":0,"max_hp_gain":0,"max_hp_loss":0,"event_name":"Liars Game","floor":11,"gold_loss":0}],"is_beta":false,"boss_relics":[{"not_picked":["Runic Dome","Snecko Eye"],"picked":"Fusion Hammer"}],"items_purged_floors":[5,19],"is_endless":false,"potions_floor_spawned":[1,4,13,18,21],"killed_by":"Snake Plant","ascension_level":0}