{"gold_per_floor":[111,111,111,186,186,186,220,21,97,132,35,35,35,58,58,179,179,172,2,17,33,33,33],"floor_reached":23,"playtime":777,"items_purged":["Strike_R","Decay"],"score":205,"play_id":"50362760-74eb-41dd-976d-a8a22996fdae","local_time":"20190415172239","is_ascension_mode":true,"campfire_choices":[{"data":"Anger","floor":6,"key":"SMITH"},{"floor":12,"key":"REST"},{"data":"Searing Blow","floor":15,"key":"SMITH"}],"neow_cost":"NONE","seed_source_timestamp":514642477922755,"circlet_count":0,"master_deck":["Strike_R","Strike_R+1","Strike_R","Strike_R","Defend_R","Defend_R","Defend_R","Defend_R","Bash","Fire Breathing+1","Anger+1","Injury","Anger","Armaments","Exhume","Searing Blow+1","Infernal Blade","Perfected Strike","Dual Wield","Limit Break","Doubt","Writhe","Flex","Inflame","Headbutt"],"relics":["Burning Blood","Golden Idol","MawBank","Self Forming Clay","Mummified Hand","Calling Bell","Blood Vial","Pear","Ice Cream","MutagenicStrength"],"potions_floor_usage":[10,14,16,18,21],"damage_taken":[{"damage":9,"enemies":"Cultist","floor":1,"turns":4},{"damage":30,"enemies":"3 Sentries","floor":7,"turns":8},{"damage":22,"enemies":"Lagavulin","floor":10,"turns":5},{"damage":6,"enemies":"Jaw Worm","floor":14,"turns":3},{"damage":44,"enemies":"Slime Boss","floor":16,"turns":10},{"damage":19,"enemies":"2 Thieves","floor":18,"turns":4},{"damage":20,"enemies":"Spheric Guardian","floor":20,"turns":4},{"damage":36,"enemies":"Shelled Parasite and Fungi","floor":21,"turns":6},{"damage":41,"enemies":"Book of Stabbing","floor":23,"turns":4}],"seed_played":"-7341765599495788885","potions_obtained":[{"floor":7,"key":"LiquidBronze"},{"floor":10,"key":"BloodPotion"},{"floor":14,"key":"Energy Potion"},{"floor":16,"key":"GamblersBrew"},{"floor":20,"key":"Weak Potion"},{"floor":21,"key":"Dexterity Potion"}],"is_trial":false,"path_per_floor":["M","?","?","?","?","R","E","$","T","E","$","R","$","M","R","B",null,"M","$","M","M","?","E"],"character_chosen":"IRONCLAD","items_purchased":["Armaments","Exhume","Infernal Blade","Perfected Strike","Inflame"],"campfire_rested":1,"item_purchase_floors":[8,8,11,11,19],"current_hp_per_floor":[77,61,61,50,76,76,52,52,52,36,36,60,60,68,68,30,90,77,77,65,37,37,0],"gold":33,"neow_bonus":"THREE_CARDS","is_prod":false,"is_daily":false,"chose_seed":false,"campfire_upgraded":2,"win_rate":0,"timestamp":1555374159,"path_taken":["M","?","?","?","?","R","E","?","T","E","$","R","$","M","R","BOSS","M","$","M","M","?","E"],"build_version":"2019-01-23","purchased_purges":2,"victory":false,"max_hp_per_floor":[80,80,80,80,80,80,80,80,80,80,80,80,80,80,80,80,90,90,90,90,90,90,90],"card_choices":[{"not_picked":["Feel No Pain","Shrug It Off"],"picked":"Fire Breathing","floor":0},{"not_picked":["Warcry","Havoc"],"picked":"Anger","floor":1},{"not_picked":["Metallicize","Warcry"],"picked":"Anger","floor":7},{"not_picked":["Anger","Shrug It Off"],"picked":"Searing Blow","floor":10},{"not_picked":["Rage","Iron Wave"],"picked":"Dual Wield","floor":14},{"not_picked":["Exhume","Reaper"],"picked":"Limit Break","floor":16},{"not_picked":["Wild Strike","Rupture"],"picked":"Flex","floor":18},{"not_picked":["Wild Strike","Carnage+1"],"picked":"Headbutt","floor":20},{"not_picked":["Evolve","Combust","Wild Strike+1"],"picked":"SKIP","floor":21}],"player_experience":431318,"relics_obtained":[{"floor":7,"key":"MawBank"},{"floor":9,"key":"Self Forming Clay"},{"floor":10,"key":"Mummified Hand"},{"floor":17,"key":"Blood Vial"},{"floor":17,"key":"Pear"},{"floor":17,"key":"Ice Cream"}],"event_choices":[{"damage_healed":0,"gold_gain":0,"player_choice":"Entered Light","damage_taken":16,"max_hp_gain":0,"max_hp_loss":0,"event_name":"Shining Light","floor":2,"gold_loss":0,"cards_upgraded":["Strike_R","Fire Breathing"]},{"damage_healed":0,"gold_gain":0,"player_choice":"Take Wound","damage_taken":0,"relics_obtained":["Golden Idol"],"max_hp_gain":0,"max_hp_loss":0,"event_name":"Golden Idol","floor":3,"gold_loss":0,"cards_obtained":["Injury"]},{"damage_healed":0,"gold_gain":75,"player_choice":"Gather Gold","damage_taken":11,"max_hp_gain":0,"max_hp_loss":0,"event_name":"World of Goop","floor":4,"gold_loss":0},{"damage_healed":26,"gold_gain":0,"player_choice":"Banana","damage_taken":0,"max_hp_gain":0,"max_hp_loss":0,"event_name":"Big Fish","floor":5,"gold_loss":0},{"damage_healed":0,"gold_gain":0,"player_choice":"Inject Mutagens","damage_taken":0,"relics_obtained":["MutagenicStrength"],"max_hp_gain":0,"max_hp_loss":0,"event_name":"Drug Dealer","floor":22,"gold_loss":0}],"is_beta":false,"boss_relics":[{"not_picked":["Philosopher\u0027s Stone","Cursed Key"],"picked":"Calling Bell"}],"items_purged_floors":[8,19],"is_endless":false,"potions_floor_spawned":[7,10,14,16,20,21],"killed_by":"Book of Stabbing","ascension_level":1}