{"gold_per_floor":[114,114,171,191,116,116,135,149,149,149,149,299,0,0,0,94,94,112,135,135,135,1,1,22,22,22,22,36,36],"floor_reached":29,"playtime":663,"items_purged":["Doubt"],"score":421,"play_id":"a31ad8e9-4374-463d-8470-6c4b3846a90d","local_time":"20190501001911","is_ascension_mode":true,"campfire_choices":[{"data":"Terror","floor":6,"key":"SMITH"},{"data":"Predator","floor":10,"key":"SMITH"},{"data":"Noxious Fumes","floor":15,"key":"SMITH"},{"floor":23,"key":"REST"},{"data":"Cloak And Dagger","floor":25,"key":"SMITH"},{"floor":27,"key":"REST"}],"neow_cost":"NONE","seed_source_timestamp":3756439012183531,"circlet_count":0,"master_deck":["AscendersBane","Defend_G","Defend_G","Defend_G","Defend_G","Strike_G","Strike_G","Strike_G","Strike_G","Strike_G","Survivor","Neutralize","Dodge and Roll","Predator+1","Deflect","Caltrops+1","Cloak And Dagger","Sucker Punch","Terror+1","Dagger Throw","Noxious Fumes+1","After Image+1","Sucker Punch","Necronomicurse","Cloak And Dagger+1","Normality","Backflip+1"],"relics":["Orrery","Art of War","Golden Idol","Membership Card","Spirit Poop","Cursed Key","Necronomicon","Pear","Sundial"],"potions_floor_usage":[16,24,29],"damage_taken":[{"damage":3,"enemies":"Cultist","floor":1,"turns":4},{"damage":6,"enemies":"2 Louse","floor":4,"turns":2},{"damage":3,"enemies":"Small Slimes","floor":7,"turns":3},{"damage":5,"enemies":"3 Louse","floor":8,"turns":4},{"damage":34,"enemies":"Hexaghost","floor":16,"turns":8},{"damage":15,"enemies":"Chosen","floor":18,"turns":4},{"damage":9,"enemies":"Spheric Guardian","floor":19,"turns":5},{"damage":8,"enemies":"Snake Plant","floor":24,"turns":5},{"damage":33,"enemies":"Sentry and Sphere","floor":28,"turns":7},{"damage":23,"enemies":"Book of Stabbing","floor":29,"turns":5}],"seed_played":"7219532218038958053","potions_obtained":[{"floor":7,"key":"Poison Potion"},{"floor":16,"key":"Block Potion"},{"floor":19,"key":"LiquidBronze"}],"is_trial":false,"path_per_floor":["M","?","?","M","?","R","M","M","T","R","?","?","$","?","R","B",null,"M","M","?","?","$","R","M","R","T","R","M","E"],"character_chosen":"THE_SILENT","items_purchased":["Membership Card","Noxious Fumes","Pear"],"campfire_rested":2,"item_purchase_floors":[13,13,22],"current_hp_per_floor":[56,56,56,50,50,50,47,42,42,42,42,42,42,42,42,8,52,37,28,7,7,17,39,31,31,31,53,20,0],"gold":36,"neow_bonus":"BOSS_RELIC","is_prod":false,"is_daily":false,"chose_seed":false,"campfire_upgraded":4,"win_rate":0,"timestamp":1556666351,"path_taken":["M","?","?","M","?","R","M","M","T","R","?","?","$","?","R","BOSS","M","?","?","?","$","R","M","R","T","R","M","E"],"build_version":"2019-01-23","purchased_purges":1,"victory":false,"max_hp_per_floor":[66,66,66,66,66,66,66,66,66,66,66,66,66,66,66,66,66,66,66,66,66,76,76,76,76,76,76,76,76],"card_choices":[{"not_picked":["Flechettes","Blade Dance"],"picked":"Dodge and Roll","floor":0},{"not_picked":["Dagger Spray","Escape Plan"],"picked":"Predator","floor":0},{"not_picked":["Unload","Acrobatics"],"picked":"Deflect","floor":0},{"not_picked":["Bouncing Flask","Expertise"],"picked":"Caltrops","floor":0},{"not_picked":["Acrobatics","Eviscerate"],"picked":"Cloak And Dagger","floor":0},{"not_picked":["Quick Slash","Cloak And Dagger"],"picked":"Sucker Punch","floor":1},{"not_picked":["Crippling Poison","Reflex"],"picked":"Terror","floor":4},{"not_picked":["Slice","Setup"],"picked":"Dagger Throw","floor":7},{"not_picked":["Choke","Dagger Throw","Sucker Punch"],"picked":"SKIP","floor":8},{"not_picked":["Envenom","Unload"],"picked":"After Image","floor":16},{"not_picked":["Dodge and Roll","Underhanded Strike"],"picked":"Sucker Punch","floor":18},{"not_picked":["Slice","Bane","Flying Knee"],"picked":"SKIP","floor":19},{"not_picked":["Expertise","Flying Knee"],"picked":"Cloak And Dagger","floor":24},{"not_picked":["Caltrops","Poisoned Stab"],"picked":"Backflip+1","floor":28}],"player_experience":758637,"relics_obtained":[{"floor":9,"key":"Art of War"},{"floor":20,"key":"Necronomicon"},{"floor":26,"key":"Sundial"}],"event_choices":[{"damage_healed":0,"gold_gain":0,"player_choice":"Grow","damage_taken":0,"max_hp_gain":0,"max_hp_loss":0,"event_name":"Living Wall","floor":2,"gold_loss":0,"cards_upgraded":["Caltrops"]},{"damage_healed":0,"gold_gain":57,"player_choice":"Gained Gold","damage_taken":0,"max_hp_gain":0,"max_hp_loss":0,"event_name":"Golden Wing","floor":3,"gold_loss":0},{"cards_removed":["Defend_G"],"damage_healed":0,"gold_gain":0,"player_choice":"Card Removal","damage_taken":0,"max_hp_gain":0,"max_hp_loss":0,"event_name":"The Cleric","floor":5,"gold_loss":75},{"damage_healed":0,"gold_gain":0,"player_choice":"Take Wound","damage_taken":0,"relics_obtained":["Golden Idol"],"max_hp_gain":0,"max_hp_loss":0,"event_name":"Golden Idol","floor":11,"gold_loss":0,"cards_obtained":["Injury"]},{"damage_healed":0,"gold_gain":150,"player_choice":"AGREE","damage_taken":0,"max_hp_gain":0,"max_hp_loss":0,"event_name":"Liars Game","floor":12,"gold_loss":0,"cards_obtained":["Doubt"]},{"cards_removed":["Injury"],"damage_healed":0,"gold_gain":0,"player_choice":"Offered Curse","damage_taken":0,"relics_obtained":["Spirit Poop"],"max_hp_gain":0,"max_hp_loss":0,"event_name":"Bonfire Elementals","floor":14,"gold_loss":0},{"damage_healed":0,"gold_gain":0,"player_choice":"Obtained Book","damage_taken":21,"max_hp_gain":0,"max_hp_loss":0,"event_name":"Cursed Tome","floor":20,"gold_loss":0},{"damage_healed":0,"gold_gain":0,"player_choice":"Forge","damage_taken":0,"max_hp_gain":0,"max_hp_loss":0,"event_name":"Accursed Blacksmith","floor":21,"gold_loss":0,"cards_upgraded":["After Image"]}],"is_beta":false,"boss_relics":[{"not_picked":["HoveringKite","Sozu"],"picked":"Cursed Key"}],"items_purged_floors":[13],"is_endless":false,"potions_floor_spawned":[7,16,19],"killed_by":"Book of Stabbing","ascension_level":20}