{"gold_per_floor":[113,133,133,36,55,55,74,89,114,189,199,225,148,182,182,282,282,298,311,52,52,63,63,78,94,147,147,160,0,10,10,10,10],"floor_reached":33,"playtime":2357,"items_purged":[],"score":261,"play_id":"38a3933b-d3ea-4237-bb56-7c89ec374c15","local_time":"20181214174436","is_ascension_mode":false,"campfire_choices":[{"floor":6,"key":"RECALL"},{"floor":15,"key":"REST"},{"floor":23,"key":"REST"},{"floor":32,"key":"REST"}],"neow_cost":"NONE","seed_source_timestamp":159671580255161,"circlet_count":0,"master_deck":["Bash","Flame Barrier","Thunderclap","Anger","Blood for Blood","Anger","Body Slam","Clothesline","Heavy Blade","Armaments","Iron Wave","Carnage","Reaper","Inflame","Combust","Metallicize","Havoc","Shockwave","Rupture","Burning Pact","Reaper","Flex","Blood for Blood+1","Seeing Red+1","Flex+1","Clash+1","Pummel","Rage+1","Clash","Shame"],"relics":["Burning Blood","NeowsBlessing","Smiling Mask","Bag of Preparation","Pandora\u0027s Box","Mercury Hourglass","Tiny Chest","Torii","Bag of Marbles"],"potions_floor_usage":[12,14,14,16,16,16,16,33],"damage_taken":[{"damage":0,"enemies":"2 Louse","floor":1,"turns":1},{"damage":0,"enemies":"Cultist","floor":2,"turns":1},{"damage":0,"enemies":"Jaw Worm","floor":5,"turns":1},{"damage":11,"enemies":"Large Slime","floor":7,"turns":8},{"damage":6,"enemies":"Exordium Wildlife","floor":8,"turns":3},{"damage":0,"enemies":"3 Louse","floor":11,"turns":3},{"damage":14,"enemies":"Lagavulin","floor":12,"turns":5},{"damage":25,"enemies":"Gremlin Nob","floor":14,"turns":4},{"damage":13,"enemies":"The Guardian","floor":16,"turns":9},{"damage":48,"enemies":"3 Byrds","floor":18,"turns":4},{"damage":21,"enemies":"Shell Parasite","floor":19,"turns":5},{"damage":10,"enemies":"Snecko","floor":22,"turns":4},{"damage":38,"enemies":"Centurion and Healer","floor":24,"turns":5},{"damage":29,"enemies":"Shelled Parasite and Fungi","floor":25,"turns":4},{"damage":5,"enemies":"Snake Plant","floor":28,"turns":3},{"damage":19,"enemies":"Snecko","floor":30,"turns":4},{"damage":61,"enemies":"Collector","floor":33,"turns":6}],"seed_played":"-8729936274586455860","potions_obtained":[{"floor":3,"key":"SmokeBomb"},{"floor":3,"key":"EntropicBrew"},{"floor":5,"key":"Poison Potion"},{"floor":11,"key":"FearPotion"},{"floor":12,"key":"BloodPotion"},{"floor":25,"key":"Swift Potion"}],"is_trial":false,"path_per_floor":["M","M","?","$","M","R","M","M","T","?","M","E","$","E","R","B",null,"M","M","$","?","M","R","M","M","T","T","M","?","M","?","R","B"],"character_chosen":"IRONCLAD","items_purchased":["Anger","Blood for Blood","Armaments","Iron Wave","Mercury Hourglass"],"campfire_rested":3,"item_purchase_floors":[4,4,13,13,20],"current_hp_per_floor":[80,80,80,80,80,80,75,75,75,64,70,62,62,51,75,77,80,38,23,23,23,28,52,32,21,21,21,22,22,9,9,33,0],"gold":10,"neow_bonus":"THREE_ENEMY_KILL","is_prod":false,"is_daily":false,"chose_seed":false,"campfire_upgraded":0,"win_rate":0,"timestamp":1544838276,"path_taken":["M","M","?","$","M","R","?","M","T","?","M","E","$","E","R","BOSS","M","M","$","?","M","R","M","M","T","?","M","?","M","?","R","BOSS"],"build_version":"2018-12-13","purchased_purges":0,"victory":false,"max_hp_per_floor":[80,80,80,80,80,80,80,80,80,80,80,80,80,80,80,80,80,80,80,80,80,80,80,80,80,80,80,80,80,80,80,80,80],"card_choices":[{"not_picked":["Havoc","Pommel Strike"],"picked":"Flame Barrier","floor":1},{"not_picked":["Clothesline","Headbutt"],"picked":"Thunderclap","floor":2},{"not_picked":["Twin Strike","Cleave"],"picked":"Anger","floor":5},{"not_picked":["True Grit","Shrug It Off"],"picked":"Body Slam","floor":7},{"not_picked":["Body Slam","Combust","Havoc"],"picked":"SKIP","floor":8},{"not_picked":["Shrug It Off","Combust"],"picked":"Clothesline","floor":11},{"not_picked":["Dual Wield","Twin Strike"],"picked":"Heavy Blade","floor":12},{"not_picked":["Cleave","Disarm"],"picked":"Carnage","floor":14},{"not_picked":["Dark Embrace","Berserk"],"picked":"Reaper","floor":16},{"not_picked":["Perfected Strike","Heavy Blade"],"picked":"Blood for Blood+1","floor":18},{"not_picked":["Pommel Strike","Thunderclap+1"],"picked":"Seeing Red+1","floor":19},{"not_picked":["Anger+1","Armaments"],"picked":"Flex+1","floor":22},{"not_picked":["Clothesline","Body Slam"],"picked":"Clash+1","floor":24},{"not_picked":["Reckless Charge+1","Perfected Strike"],"picked":"Pummel","floor":25},{"not_picked":["Double Tap","Headbutt"],"picked":"Rage+1","floor":28},{"not_picked":["Clothesline","Perfected Strike"],"picked":"Clash","floor":30}],"player_experience":257165,"relics_obtained":[{"floor":12,"key":"Smiling Mask"},{"floor":14,"key":"Bag of Preparation"},{"floor":26,"key":"Tiny Chest"},{"floor":27,"key":"Torii"}],"event_choices":[{"damage_healed":0,"gold_gain":0,"player_choice":"Got Potions","damage_taken":0,"max_hp_gain":0,"max_hp_loss":0,"event_name":"Lab","floor":3,"gold_loss":0},{"damage_healed":0,"gold_gain":75,"player_choice":"Gather Gold","damage_taken":11,"max_hp_gain":0,"max_hp_loss":0,"event_name":"World of Goop","floor":10,"gold_loss":0},{"damage_healed":0,"gold_gain":0,"player_choice":"Ignored","damage_taken":0,"max_hp_gain":0,"max_hp_loss":0,"event_name":"Beggar","floor":21,"gold_loss":0},{"damage_healed":0,"gold_gain":0,"player_choice":"Paid Fearfully","damage_taken":0,"max_hp_gain":0,"max_hp_loss":0,"event_name":"Masked Bandits","floor":29,"gold_loss":160},{"damage_healed":0,"gold_gain":0,"player_choice":"Stole Relic","damage_taken":0,"relics_obtained":["Bag of Marbles"],"max_hp_gain":0,"max_hp_loss":0,"event_name":"Addict","floor":31,"gold_loss":0,"cards_obtained":["Shame"]}],"is_beta":false,"boss_relics":[{"not_picked":["Velvet Choker","Coffee Dripper"],"picked":"Pandora\u0027s Box"}],"items_purged_floors":[],"is_endless":false,"potions_floor_spawned":[5,11,12,25],"killed_by":"Collector","ascension_level":0}