{"gold_per_floor":[114,129,52,52,67,67,97,97,97,97,112,112,181,46,46,146,146,161,161,14,29,29],"floor_reached":22,"playtime":789,"items_purged":["Pain"],"score":182,"play_id":"101bac16-9227-4957-865d-e95f5328c2f9","local_time":"20190124223356","daily_mods":["Draft","Red Cards","Binary"],"is_ascension_mode":false,"campfire_choices":[{"data":"Dual Wield","floor":6,"key":"SMITH"},{"data":"Poisoned Stab","floor":8,"key":"SMITH"},{"floor":15,"key":"REST"}],"neow_cost":"","seed_source_timestamp":284675955895357,"circlet_count":0,"master_deck":["Poisoned Stab","Flying Knee","Rage","Anger","Shrug It Off","Heavy Blade","Outmaneuver","Backflip","Underhanded Strike","Dual Wield+1","Deadly Poison+1","Blood for Blood","Body Slam","Thunderclap","Clothesline","Entrench","Bane","Poisoned Stab+1","Dodge and Roll","Sucker Punch","Searing Blow","Deadly Poison","Finesse","Limit Break","Regret","Regret","Normality","Backstab"],"special_seed":17921,"relics":["Ring of the Snake","Potion Belt","Mercury Hourglass","WarpedTongs","Snake Skull","Calling Bell","Regal Pillow","Letter Opener","Calipers"],"potions_floor_usage":[16],"damage_taken":[{"damage":0,"enemies":"Small Slimes","floor":1,"turns":3},{"damage":0,"enemies":"2 Louse","floor":2,"turns":2},{"damage":0,"enemies":"Cultist","floor":5,"turns":2},{"damage":8,"enemies":"Gremlin Nob","floor":7,"turns":3},{"damage":14,"enemies":"Blue Slaver","floor":11,"turns":3},{"damage":52,"enemies":"The Guardian","floor":16,"turns":7},{"damage":17,"enemies":"Chosen","floor":18,"turns":4},{"damage":30,"enemies":"2 Thieves","floor":21,"turns":4},{"damage":17,"enemies":"Sentry and Sphere","floor":22,"turns":3}],"seed_played":"-8504113597204793888","potions_obtained":[{"floor":11,"key":"LiquidBronze"},{"floor":18,"key":"Strength Potion"}],"is_trial":false,"path_per_floor":["M","M","$","?","M","R","E","R","T","?","M","?","?","$","R","B",null,"M","?","$","M","M"],"character_chosen":"THE_SILENT","items_purchased":["Poisoned Stab","Dodge and Roll","Deadly Poison","Finesse","Backstab"],"campfire_rested":1,"item_purchase_floors":[3,3,14,14,20],"current_hp_per_floor":[70,70,70,70,70,70,62,62,62,62,48,41,41,41,62,10,70,53,39,39,9,0],"gold":29,"neow_bonus":"","is_prod":false,"is_daily":true,"chose_seed":false,"campfire_upgraded":2,"win_rate":0,"timestamp":1548398036,"path_taken":["M","M","$","?","M","R","E","R","T","?","?","?","?","$","R","BOSS","M","?","$","M","M"],"build_version":"2019-01-23","purchased_purges":1,"victory":false,"max_hp_per_floor":[70,70,70,70,70,70,70,70,70,70,70,70,70,70,70,70,70,70,70,70,70,70],"card_choices":[{"not_picked":["Perfected Strike","True Grit"],"picked":"Poisoned Stab","floor":0},{"not_picked":["Footwork","Calculated Gamble"],"picked":"Flying Knee","floor":0},{"not_picked":["Prepared","Evolve"],"picked":"Rage","floor":0},{"not_picked":["Dagger Spray","Dodge and Roll"],"picked":"Anger","floor":0},{"not_picked":["Dodge and Roll","Headbutt"],"picked":"Shrug It Off","floor":0},{"not_picked":["Endless Agony","PiercingWail"],"picked":"Heavy Blade","floor":0},{"not_picked":["Havoc","Metallicize"],"picked":"Outmaneuver","floor":0},{"not_picked":["Sucker Punch","Body Slam"],"picked":"Backflip","floor":0},{"not_picked":["Masterful Stab","Dropkick"],"picked":"Underhanded Strike","floor":0},{"not_picked":["Combust","Dagger Spray"],"picked":"Dual Wield","floor":0},{"not_picked":["Endless Agony","Body Slam"],"picked":"Deadly Poison","floor":0},{"not_picked":["Shockwave","Quick Slash"],"picked":"Blood for Blood","floor":0},{"not_picked":["Prepared","Setup"],"picked":"Body Slam","floor":0},{"not_picked":["Iron Wave","Endless Agony"],"picked":"Thunderclap","floor":0},{"not_picked":["Intimidate","Thunderclap"],"picked":"Clothesline","floor":0},{"not_picked":["Calculated Gamble"],"picked":"Entrench","floor":1},{"not_picked":["Dodge and Roll"],"picked":"Bane","floor":2},{"not_picked":["Combust","Power Through"],"picked":"SKIP","floor":5},{"not_picked":["Prepared"],"picked":"Sucker Punch","floor":7},{"not_picked":["Warcry"],"picked":"Searing Blow","floor":11},{"not_picked":["Barricade"],"picked":"Limit Break","floor":16},{"not_picked":["Masterful Stab","Cloak And Dagger"],"picked":"SKIP","floor":18},{"not_picked":["Body Slam+1","Clash+1"],"picked":"SKIP","floor":21}],"player_experience":340437,"relics_obtained":[{"floor":7,"key":"Potion Belt"},{"floor":9,"key":"Mercury Hourglass"},{"floor":17,"key":"Regal Pillow"},{"floor":17,"key":"Letter Opener"},{"floor":17,"key":"Calipers"}],"event_choices":[{"damage_healed":0,"gold_gain":0,"player_choice":"Grow","damage_taken":0,"max_hp_gain":0,"max_hp_loss":0,"event_name":"Living Wall","floor":4,"gold_loss":0,"cards_upgraded":["Deadly Poison"]},{"damage_healed":0,"gold_gain":0,"player_choice":"Rummage","damage_taken":0,"relics_obtained":["WarpedTongs"],"max_hp_gain":0,"max_hp_loss":0,"event_name":"Accursed Blacksmith","floor":10,"gold_loss":0,"cards_obtained":["Pain"]},{"damage_healed":0,"gold_gain":0,"player_choice":"Success","damage_taken":7,"relics_obtained":["Snake Skull"],"max_hp_gain":0,"max_hp_loss":0,"event_name":"Scrap Ooze","floor":12,"gold_loss":0},{"damage_healed":0,"gold_gain":69,"player_choice":"Gained Gold","damage_taken":0,"max_hp_gain":0,"max_hp_loss":0,"event_name":"Golden Wing","floor":13,"gold_loss":0},{"damage_healed":0,"gold_gain":0,"player_choice":"POTION ","damage_taken":14,"max_hp_gain":0,"max_hp_loss":0,"event_name":"Knowing Skull","floor":19,"potions_obtained":["Dexterity Potion"],"gold_loss":0,"cards_obtained":[]}],"is_beta":false,"boss_relics":[{"not_picked":["Fusion Hammer","Coffee Dripper"],"picked":"Calling Bell"}],"items_purged_floors":[20],"is_endless":false,"potions_floor_spawned":[11,18],"killed_by":"Sentry and Sphere","ascension_level":0}