{"gold_per_floor":[117,130,141,21,32,32,49,49,97,116,141,156,121,140,140,140],"floor_reached":16,"playtime":565,"items_purged":["Defend_B"],"score":106,"play_id":"15a89033-975f-4165-815e-7a0dfeed4b3a","local_time":"20181107231607","is_ascension_mode":false,"campfire_choices":[{"floor":6,"key":"REST"},{"floor":8,"key":"REST"},{"floor":15,"key":"REST"}],"neow_cost":"NONE","seed_source_timestamp":355035109942983,"circlet_count":0,"master_deck":["Strike_B","Strike_B","Strike_B","Strike_B","Defend_B","Defend_B","Defend_B","Zap","Dualcast","Fusion","Rebound","Rip and Tear","Ball Lightning","Streamline","BootSequence"],"relics":["Cracked Core","Bag of Preparation","PreservedInsect","Dodecahedron"],"potions_floor_usage":[5,11,14,14,14],"damage_taken":[{"damage":1,"enemies":"Cultist","floor":1,"turns":3},{"damage":10,"enemies":"Jaw Worm","floor":2,"turns":4},{"damage":12,"enemies":"2 Louse","floor":3,"turns":2},{"damage":30,"enemies":"Exordium Wildlife","floor":5,"turns":5},{"damage":28,"enemies":"Lots of Slimes","floor":7,"turns":3},{"damage":12,"enemies":"Gremlin Gang","floor":10,"turns":3},{"damage":18,"enemies":"3 Sentries","floor":11,"turns":4},{"damage":0,"enemies":"Exordium Thugs","floor":12,"turns":3},{"damage":0,"enemies":"Large Slime","floor":14,"turns":4},{"damage":60,"enemies":"The Guardian","floor":16,"turns":9}],"seed_played":"-7991693479110163015","potions_obtained":[{"floor":3,"key":"Weak Potion"},{"floor":5,"key":"SpeedPotion"},{"floor":10,"key":"Explosive Potion"},{"floor":11,"key":"Regen Potion"},{"floor":12,"key":"Dexterity Potion"}],"is_trial":false,"path_per_floor":["M","M","M","$","M","R","M","R","T","M","E","M","?","M","R","B"],"character_chosen":"DEFECT","items_purchased":["Ball Lightning"],"campfire_rested":3,"item_purchase_floors":[4],"current_hp_per_floor":[74,64,52,52,22,44,16,38,38,26,8,8,26,38,60,0],"gold":140,"neow_bonus":"RANDOM_COMMON_RELIC","is_prod":false,"is_daily":false,"chose_seed":false,"campfire_upgraded":0,"win_rate":0,"timestamp":1541661367,"path_taken":["M","M","M","$","M","R","?","R","T","M","E","M","?","M","R","BOSS"],"build_version":"2018-11-01","purchased_purges":1,"victory":false,"max_hp_per_floor":[75,75,75,75,75,75,75,75,75,75,75,75,75,75,75,75],"card_choices":[{"not_picked":["Go for the Eyes","Conserve Battery"],"picked":"Fusion","floor":1},{"not_picked":["Redo","Self Repair"],"picked":"Rebound","floor":2},{"not_picked":["Go for the Eyes","Barrage"],"picked":"Rip and Tear","floor":3},{"not_picked":["Beam Cell","Coolheaded"],"picked":"Streamline","floor":5},{"not_picked":["Barrage","Turbo"],"picked":"BootSequence","floor":7},{"not_picked":["Turbo","Scrape","FTL"],"picked":"SKIP","floor":10},{"not_picked":["Steam","Reboot","FTL"],"picked":"SKIP","floor":11},{"not_picked":["Steam","Cold Snap","Chill"],"picked":"SKIP","floor":12},{"not_picked":["Compile Driver","Ball Lightning","Chill"],"picked":"SKIP","floor":14}],"player_experience":89410,"relics_obtained":[{"floor":9,"key":"PreservedInsect"},{"floor":11,"key":"Dodecahedron"}],"event_choices":[{"damage_healed":18,"gold_gain":0,"player_choice":"Healed","damage_taken":0,"max_hp_gain":0,"max_hp_loss":0,"event_name":"The Cleric","floor":13,"gold_loss":35}],"is_beta":false,"boss_relics":[],"items_purged_floors":[4],"is_endless":false,"potions_floor_spawned":[3,5,10,11,12],"killed_by":"The Guardian","ascension_level":0}