{"gold_per_floor":[116,116,41,41,52,87,99,32,83,115,133,146,165,91,91,162,162,177,194,25,25,45,45,58,69,123,140,140,158,30,43,43,119,119,134,37,37,137,149,149,149,149,173,204,204,221,0,0,0,0],"floor_reached":50,"playtime":1449,"items_purged":["Shame"],"score":1014,"play_id":"77a4aa1c-6688-4d7f-8f64-d27f7daab93e","local_time":"20190501185452","is_ascension_mode":true,"campfire_choices":[{"data":"Uppercut","floor":7,"key":"SMITH"},{"data":"Metallicize","floor":15,"key":"SMITH"},{"floor":23,"key":"REST"},{"floor":32,"key":"REST"},{"data":"Madness","floor":40,"key":"SMITH"},{"floor":45,"key":"REST"},{"floor":49,"key":"REST"}],"neow_cost":"NONE","seed_source_timestamp":3822596852076939,"circlet_count":0,"master_deck":["AscendersBane","Strike_R","Strike_R","Strike_R+1","Strike_R","Strike_R+1","Defend_R","Defend_R","Defend_R+1","Defend_R","Bash+1","Uppercut+1","Spot Weakness","Metallicize+1","Shrug It Off","Immolate","Sword Boomerang+1","Battle Trance","Iron Wave","Armaments","Trip","Madness+1","Madness","Shrug It Off","Sadistic Nature","Thunderclap"],"relics":["Burning Blood","NeowsBlessing","Paper Frog","MawBank","Whetstone","Bag of Preparation","Velvet Choker","Pen Nib","Mercury Hourglass","Orichalcum","Eternal Feather","Calipers","Potion Belt","Mummified Hand","Red Mask"],"potions_floor_usage":[10,11,16,18,19,22,33,33,38,44],"damage_taken":[{"damage":0,"enemies":"2 Louse","floor":1,"turns":1},{"damage":0,"enemies":"Jaw Worm","floor":5,"turns":1},{"damage":0,"enemies":"Lagavulin","floor":6,"turns":1},{"damage":8,"enemies":"Gremlin Nob","floor":10,"turns":3},{"damage":0,"enemies":"Small Slimes","floor":11,"turns":2},{"damage":14,"enemies":"Exordium Wildlife","floor":12,"turns":5},{"damage":8,"enemies":"3 Louse","floor":13,"turns":4},{"damage":15,"enemies":"The Guardian","floor":16,"turns":9},{"damage":10,"enemies":"3 Byrds","floor":18,"turns":5},{"damage":10,"enemies":"2 Thieves","floor":19,"turns":4},{"damage":17,"enemies":"Centurion and Healer","floor":22,"turns":5},{"damage":19,"enemies":"Snake Plant","floor":24,"turns":2},{"damage":3,"enemies":"Snecko","floor":25,"turns":4},{"damage":6,"enemies":"Chosen and Byrds","floor":27,"turns":4},{"damage":5,"enemies":"Snake Plant","floor":29,"turns":3},{"damage":0,"enemies":"Snecko","floor":31,"turns":3},{"damage":68,"enemies":"Collector","floor":33,"turns":10},{"damage":3,"enemies":"Orb Walker","floor":35,"turns":2},{"damage":14,"enemies":"Mind Bloom Boss Battle","floor":38,"turns":6},{"damage":4,"enemies":"3 Shapes","floor":39,"turns":4},{"damage":52,"enemies":"Giant Head","floor":44,"turns":7},{"damage":17,"enemies":"3 Darklings","floor":46,"turns":3},{"damage":90,"enemies":"Donu and Deca","floor":50,"turns":6}],"seed_played":"6912716140461427608","potions_obtained":[{"floor":1,"key":"Ancient Potion"},{"floor":6,"key":"PowerPotion"},{"floor":10,"key":"Fire Potion"},{"floor":12,"key":"Explosive Potion"},{"floor":16,"key":"Energy Potion"},{"floor":18,"key":"Block Potion"},{"floor":22,"key":"Explosive Potion"},{"floor":24,"key":"SpeedPotion"},{"floor":27,"key":"Swift Potion"},{"floor":33,"key":"GamblersBrew"},{"floor":38,"key":"AttackPotion"}],"is_trial":false,"path_per_floor":["M","?","?","?","M","E","R","$","T","E","M","M","M","?","R","B",null,"M","M","$","?","M","R","M","M","T","M","?","M","$","M","R","B",null,"M","$","?","?","M","R","?","?","T","E","R","M","?","$","R","B"],"character_chosen":"IRONCLAD","items_purchased":["Spot Weakness","Pen Nib","Block Potion","Trip"],"campfire_rested":4,"item_purchase_floors":[8,20,30,36],"current_hp_per_floor":[74,74,74,51,57,63,63,63,63,61,67,59,57,57,57,48,68,64,60,60,60,49,71,58,61,61,61,40,41,41,47,71,9,62,65,65,51,43,45,60,60,60,60,14,53,42,42,42,80,0],"gold":0,"neow_bonus":"THREE_ENEMY_KILL","is_prod":false,"is_daily":false,"chose_seed":false,"campfire_upgraded":3,"win_rate":0,"timestamp":1556733292,"path_taken":["M","?","?","?","M","E","R","$","T","E","M","M","?","?","R","BOSS","M","M","$","?","M","R","M","M","T","M","?","M","$","M","R","BOSS","M","$","?","?","M","R","?","?","T","E","R","?","?","?","R","BOSS"],"build_version":"2019-01-23","purchased_purges":1,"victory":false,"max_hp_per_floor":[75,75,75,75,75,75,75,75,75,75,75,75,75,75,75,75,75,75,75,75,75,75,75,75,75,75,75,80,80,80,80,80,80,80,80,80,80,80,80,80,80,80,80,80,80,80,80,80,80,80],"card_choices":[{"not_picked":["Feel No Pain","Wild Strike"],"picked":"Uppercut","floor":1},{"not_picked":["Twin Strike","Whirlwind","Evolve"],"picked":"SKIP","floor":5},{"not_picked":["Brutality","Pommel Strike","Evolve"],"picked":"SKIP","floor":6},{"not_picked":["Second Wind","Feel No Pain"],"picked":"Metallicize","floor":10},{"not_picked":["Ghostly Armor","Flex"],"picked":"Shrug It Off","floor":11},{"not_picked":["Burning Pact","Havoc","Cleave"],"picked":"SKIP","floor":12},{"not_picked":["Anger","Flex","Cleave"],"picked":"SKIP","floor":13},{"not_picked":["Berserk","Impervious"],"picked":"Immolate","floor":16},{"not_picked":["Havoc+1","Body Slam"],"picked":"Sword Boomerang+1","floor":18},{"not_picked":["Flex","Headbutt"],"picked":"Battle Trance","floor":19},{"not_picked":["Clash","Armaments"],"picked":"Iron Wave","floor":22},{"not_picked":["Searing Blow","True Grit"],"picked":"Armaments","floor":24},{"not_picked":["Sword Boomerang","Headbutt","Armaments"],"picked":"SKIP","floor":25},{"not_picked":["Anger","Juggernaut"],"picked":"Iron Wave","floor":27},{"not_picked":["Evolve","Heavy Blade","Feel No Pain"],"picked":"SKIP","floor":29},{"not_picked":["Dual Wield","Armaments","Disarm+1"],"picked":"SKIP","floor":31},{"not_picked":["Clothesline+1","Anger","Havoc"],"picked":"SKIP","floor":35},{"not_picked":["Second Wind","Berserk"],"picked":"Shrug It Off","floor":39},{"not_picked":["Dramatic Entrance","Enlightenment"],"picked":"Sadistic Nature","floor":42},{"not_picked":["Anger","Clothesline","Pommel Strike"],"picked":"SKIP","floor":44},{"not_picked":["Flex+1","Seeing Red"],"picked":"Thunderclap","floor":46}],"player_experience":784428,"relics_obtained":[{"floor":6,"key":"MawBank"},{"floor":9,"key":"Whetstone"},{"floor":10,"key":"Bag of Preparation"},{"floor":26,"key":"Orichalcum"},{"floor":38,"key":"Calipers"},{"floor":43,"key":"Potion Belt"},{"floor":44,"key":"Mummified Hand"}],"event_choices":[{"damage_healed":0,"gold_gain":0,"player_choice":"Box","damage_taken":0,"relics_obtained":["Paper Frog"],"max_hp_gain":0,"max_hp_loss":0,"event_name":"Big Fish","floor":2,"gold_loss":0,"cards_obtained":["Regret"]},{"cards_removed":["Regret"],"damage_healed":0,"gold_gain":0,"player_choice":"Card Removal","damage_taken":0,"max_hp_gain":0,"max_hp_loss":0,"event_name":"The Cleric","floor":3,"gold_loss":75},{"damage_healed":0,"gold_gain":0,"player_choice":"Entered Light","damage_taken":23,"max_hp_gain":0,"max_hp_loss":0,"event_name":"Shining Light","floor":4,"gold_loss":0,"cards_upgraded":["Strike_R","Defend_R"]},{"damage_healed":0,"gold_gain":0,"player_choice":"Left Gold","damage_taken":0,"max_hp_gain":0,"max_hp_loss":0,"event_name":"World of Goop","floor":14,"gold_loss":74},{"damage_healed":0,"gold_gain":0,"player_choice":"Stole Relic","damage_taken":0,"relics_obtained":["Mercury Hourglass"],"max_hp_gain":0,"max_hp_loss":0,"event_name":"Addict","floor":21,"gold_loss":0,"cards_obtained":["Shame"]},{"damage_healed":0,"gold_gain":0,"player_choice":"Shed Blood","damage_taken":26,"max_hp_gain":5,"max_hp_loss":0,"event_name":"Forgotten Altar","floor":28,"gold_loss":0},{"damage_healed":0,"gold_gain":0,"player_choice":"Embrace Madness","damage_taken":14,"max_hp_gain":0,"max_hp_loss":0,"event_name":"Winding Halls","floor":37,"gold_loss":0,"cards_obtained":["Madness","Madness"]},{"damage_healed":0,"gold_gain":0,"player_choice":"Fight","damage_taken":0,"max_hp_gain":0,"max_hp_loss":0,"event_name":"MindBloom","floor":38,"gold_loss":0},{"cards_removed":["Iron Wave"],"damage_healed":0,"gold_gain":0,"player_choice":"Removed Attack","damage_taken":0,"max_hp_gain":0,"max_hp_loss":0,"event_name":"Falling","floor":41,"gold_loss":0},{"damage_healed":0,"gold_gain":0,"player_choice":"Memory 1","damage_taken":0,"max_hp_gain":0,"max_hp_loss":0,"event_name":"SensoryStone","floor":42,"gold_loss":0},{"damage_healed":0,"gold_gain":0,"player_choice":"Paid","damage_taken":0,"relics_obtained":["Red Mask"],"max_hp_gain":0,"max_hp_loss":0,"event_name":"Tomb of Lord Red Mask","floor":47,"gold_loss":221}],"is_beta":false,"boss_relics":[{"not_picked":["Runic Dome","Cursed Key"],"picked":"Velvet Choker"},{"not_picked":["Calling Bell","Runic Cube"],"picked":"Eternal Feather"}],"items_purged_floors":[30],"is_endless":false,"potions_floor_spawned":[1,6,10,12,16,18,22,24,27,33,38],"killed_by":"Donu and Deca","ascension_level":20}