{"gold_per_floor":[118,38,38,56,74,74,87,113,113,113,113,190,190,209,209,334,334,353,263,11,11,11,11,34,58,112,125,125,149,173,191,191,310,310,330,330,348,27,42,42,60,60,60,8,31,52,0,16,16,16],"floor_reached":51,"playtime":868,"items_purged":[],"score":653,"play_id":"3881b23a-d1b8-44e2-8f38-9ed94a3e9d14","local_time":"20190503192526","is_ascension_mode":false,"campfire_choices":[{"data":"Uppercut","floor":6,"key":"SMITH"},{"data":"Iron Wave","floor":10,"key":"SMITH"},{"data":"Defend_R","floor":15,"key":"SMITH"},{"data":"Immolate","floor":23,"key":"SMITH"},{"data":"Heavy Blade","floor":28,"key":"SMITH"},{"data":"Uppercut","floor":32,"key":"SMITH"},{"floor":40,"key":"REST"},{"data":"Thunderclap","floor":42,"key":"SMITH"},{"floor":49,"key":"REST"}],"neow_cost":"NONE","seed_source_timestamp":3997810658029255,"circlet_count":0,"master_deck":["Strike_R+1","Strike_R+1","Strike_R+1","Strike_R+1","Strike_R+1","Defend_R+1","Defend_R+1","Defend_R+1","Defend_R+1","Bash+1","Flex","Uppercut+1","Clash","Iron Wave+1","Thunderclap+1","Perfected Strike","Uppercut+1","Immolate+1","Pummel+1","Iron Wave","Sword Boomerang+1","Second Wind+1","Heavy Blade+1","Thunderclap","Clash","Feed","Impervious","Pummel","Headbutt+1","Heavy Blade+1","Clash+1"],"relics":["Burning Blood","Question Card","Letter Opener","Mercury Hourglass","Golden Idol","Mark of Pain","Brimstone","Darkstone Periapt","Tiny Chest","Runic Dome","Meat on the Bone","Mango","Red Mask"],"potions_floor_usage":[29,31,37,50,50],"damage_taken":[{"damage":11,"enemies":"Jaw Worm","floor":1,"turns":2},{"damage":9,"enemies":"Small Slimes","floor":4,"turns":3},{"damage":0,"enemies":"2 Louse","floor":5,"turns":2},{"damage":0,"enemies":"Large Slime","floor":7,"turns":4},{"damage":23,"enemies":"Gremlin Nob","floor":8,"turns":4},{"damage":3,"enemies":"Looter","floor":14,"turns":2},{"damage":46,"enemies":"The Guardian","floor":16,"turns":8},{"damage":0,"enemies":"Chosen","floor":18,"turns":3},{"damage":12,"enemies":"Shell Parasite","floor":24,"turns":3},{"damage":0,"enemies":"Snecko","floor":25,"turns":2},{"damage":10,"enemies":"Centurion and Healer","floor":27,"turns":4},{"damage":18,"enemies":"Shelled Parasite and Fungi","floor":29,"turns":2},{"damage":0,"enemies":"3 Cultists","floor":30,"turns":2},{"damage":6,"enemies":"Snake Plant","floor":31,"turns":3},{"damage":24,"enemies":"Collector","floor":33,"turns":5},{"damage":26,"enemies":"3 Darklings","floor":35,"turns":3},{"damage":22,"enemies":"3 Shapes","floor":37,"turns":3},{"damage":0,"enemies":"3 Darklings","floor":39,"turns":3},{"damage":11,"enemies":"4 Shapes","floor":41,"turns":2},{"damage":5,"enemies":"Maw","floor":45,"turns":4},{"damage":12,"enemies":"Transient","floor":46,"turns":5},{"damage":16,"enemies":"Jaw Worm Horde","floor":48,"turns":3},{"damage":58,"enemies":"Time Eater","floor":50,"turns":5}],"seed_played":"-5564742166786899744","potions_obtained":[{"floor":5,"key":"Ancient Potion"},{"floor":14,"key":"BloodPotion"},{"floor":18,"key":"Dexterity Potion"},{"floor":29,"key":"Block Potion"},{"floor":31,"key":"Weak Potion"},{"floor":35,"key":"FearPotion"},{"floor":39,"key":"Dexterity Potion"},{"floor":45,"key":"PowerPotion"}],"is_trial":false,"path_per_floor":["M","$","?","M","M","R","M","E","T","R","?","?","?","M","R","B",null,"M","?","$","?","T","R","M","M","T","M","R","M","M","M","R","B",null,"M","?","M","$","M","R","M","R","T","$","M","M","?","M","R","B",null],"character_chosen":"IRONCLAD","items_purchased":["Uppercut","Brimstone","Iron Wave","Meat on the Bone","Pummel","Energy Potion"],"campfire_rested":2,"item_purchase_floors":[2,20,20,38,38,44],"current_hp_per_floor":[75,75,72,69,75,75,80,63,63,63,43,43,63,66,66,26,80,80,77,77,77,77,77,71,77,77,73,73,68,74,74,74,56,77,57,57,41,41,47,70,65,65,79,79,80,74,74,64,91,51],"gold":16,"neow_bonus":"UPGRADE_CARD","is_prod":false,"is_daily":false,"chose_seed":false,"campfire_upgraded":7,"win_rate":0,"timestamp":1556907926,"path_taken":["M","$","?","M","M","R","M","E","T","R","?","?","?","M","R","BOSS","M","?","$","?","?","R","M","M","T","M","R","M","M","M","R","BOSS","M","?","M","$","M","R","M","R","T","$","M","M","?","M","R","BOSS"],"build_version":"2019-01-23","purchased_purges":0,"victory":true,"max_hp_per_floor":[80,80,80,80,80,80,80,80,80,80,80,80,80,80,80,80,80,80,77,77,77,77,77,77,77,77,77,77,77,77,77,77,77,77,77,77,77,77,77,77,77,77,91,91,91,91,91,91,91,91],"card_choices":[{"not_picked":["Warcry","Power Through"],"picked":"Flex","floor":1},{"not_picked":["Wild Strike","Perfected Strike","Shrug It Off"],"picked":"Clash","floor":4},{"not_picked":["Burning Pact","Searing Blow","Armaments"],"picked":"Iron Wave","floor":5},{"not_picked":["Clash","Rupture","Body Slam"],"picked":"Thunderclap","floor":7},{"not_picked":["Infernal Blade","Burning Pact","Shrug It Off"],"picked":"Perfected Strike","floor":8},{"not_picked":["Rage","Anger","Clash"],"picked":"Uppercut","floor":14},{"not_picked":["Bludgeon","Juggernaut","Exhume"],"picked":"Immolate","floor":16},{"not_picked":["Heavy Blade","Sword Boomerang","Cleave"],"picked":"Pummel+1","floor":18},{"not_picked":["Twin Strike","Pommel Strike+1","Thunderclap"],"picked":"Sword Boomerang+1","floor":24},{"not_picked":["Flex","Rupture","Fire Breathing"],"picked":"Second Wind+1","floor":25},{"not_picked":["Entrench","Warcry","Pommel Strike"],"picked":"Heavy Blade","floor":27},{"not_picked":["Heavy Blade","Second Wind","Burning Pact"],"picked":"Dropkick+1","floor":29},{"not_picked":["Rampage","True Grit+1","Brutality"],"picked":"Thunderclap","floor":30},{"not_picked":["Shrug It Off","Power Through","Pommel Strike"],"picked":"Clash","floor":31},{"not_picked":["Impervious","Juggernaut","Barricade"],"picked":"Feed","floor":33},{"not_picked":["Twin Strike+1","Cleave+1","Pommel Strike","Headbutt"],"picked":"SKIP","floor":35},{"not_picked":["Infernal Blade","Anger","Perfected Strike"],"picked":"Impervious","floor":37},{"not_picked":["Twin Strike+1","Shrug It Off","Pommel Strike+1"],"picked":"Headbutt+1","floor":39},{"not_picked":["True Grit+1","Headbutt","Flex+1","Perfected Strike"],"picked":"SKIP","floor":41},{"not_picked":["Sword Boomerang","Twin Strike+1","Body Slam+1"],"picked":"Heavy Blade+1","floor":45},{"not_picked":["Headbutt","Warcry","True Grit","Body Slam"],"picked":"SKIP","floor":46},{"not_picked":["Armaments+1","Berserk","Sword Boomerang+1"],"picked":"Clash+1","floor":48}],"player_experience":799794,"relics_obtained":[{"floor":8,"key":"Letter Opener"},{"floor":9,"key":"Mercury Hourglass"},{"floor":22,"key":"Darkstone Periapt"},{"floor":26,"key":"Tiny Chest"},{"floor":43,"key":"Mango"}],"event_choices":[{"damage_healed":0,"gold_gain":0,"player_choice":"Success","damage_taken":3,"relics_obtained":["Question Card"],"max_hp_gain":0,"max_hp_loss":0,"event_name":"Scrap Ooze","floor":3,"gold_loss":0},{"damage_healed":0,"gold_gain":0,"player_choice":"Take Damage","damage_taken":20,"relics_obtained":["Golden Idol"],"max_hp_gain":0,"max_hp_loss":0,"event_name":"Golden Idol","floor":11,"gold_loss":0},{"damage_healed":0,"gold_gain":77,"player_choice":"Gained Gold","damage_taken":0,"max_hp_gain":0,"max_hp_loss":0,"event_name":"Golden Wing","floor":12,"gold_loss":0},{"damage_healed":20,"gold_gain":0,"player_choice":"Healed and dodged fight","damage_taken":0,"max_hp_gain":0,"max_hp_loss":0,"event_name":"Mushrooms","floor":13,"gold_loss":0,"cards_obtained":["Parasite"]},{"cards_removed":["Parasite"],"damage_healed":0,"gold_gain":0,"player_choice":"Upgrade and Remove","damage_taken":0,"max_hp_gain":0,"max_hp_loss":0,"event_name":"Designer","floor":19,"gold_loss":90,"cards_upgraded":["Strike_R"]},{"damage_healed":0,"gold_gain":0,"player_choice":"Simplicity","damage_taken":0,"max_hp_gain":0,"max_hp_loss":0,"event_name":"Back to Basics","floor":21,"gold_loss":0,"cards_upgraded":["Strike_R","Strike_R","Strike_R","Strike_R","Defend_R","Defend_R","Defend_R"]},{"cards_removed":["Dropkick"],"damage_healed":0,"gold_gain":0,"player_choice":"Removed Attack","damage_taken":0,"max_hp_gain":0,"max_hp_loss":0,"event_name":"Falling","floor":36,"gold_loss":0},{"damage_healed":0,"gold_gain":0,"player_choice":"Paid","damage_taken":0,"relics_obtained":["Red Mask"],"max_hp_gain":0,"max_hp_loss":0,"event_name":"Tomb of Lord Red Mask","floor":47,"gold_loss":52}],"is_beta":false,"boss_relics":[{"not_picked":["Pandora\u0027s Box","Runic Cube"],"picked":"Mark of Pain"},{"not_picked":["Cursed Key","Calling Bell"],"picked":"Runic Dome"}],"items_purged_floors":[],"is_endless":false,"potions_floor_spawned":[5,14,18,25,29,31,35,39,45,48],"ascension_level":0}