{"gold_per_floor":[217,234,251,53,68,68,99,99,174,249,249,18,50,65,65,162,162,172,55,55,55,55,55,116,134,134,146,24,34,0,99,99,199,199,212,172,272,288,2,29,29,29,53,153,153,179,199,199,199,199],"floor_reached":51,"playtime":3237,"items_purged":[],"score":1176,"play_id":"4751b4f8-6418-421c-81b3-b9d383bfa659","local_time":"20190415160828","is_ascension_mode":true,"campfire_choices":[{"data":"Flame Barrier","floor":6.0,"key":"SMITH"},{"data":"Demon Form","floor":8.0,"key":"SMITH"},{"data":"Uppercut","floor":11.0,"key":"SMITH"},{"data":"Limit Break","floor":15.0,"key":"SMITH"},{"floor":23.0,"key":"REST"},{"floor":32,"key":"REST"},{"floor":41,"key":"REST"},{"floor":49,"key":"REST"}],"neow_cost":"NONE","seed_source_timestamp":424027411006900,"circlet_count":0,"master_deck":["AscendersBane","Strike_R","Strike_R","Strike_R","Strike_R","Strike_R","Defend_R","Defend_R+1","Defend_R+1","Defend_R","Bash","Uppercut+1","Intimidate","Demon Form+1","Flame Barrier+1","Cleave","Limit Break+1","Heavy Blade","Bludgeon","Flame Barrier+1","Writhe","Rampage","Body Slam","Armaments","Metallicize+1","Reaper","Body Slam","Battle Trance","Warcry","Heavy Blade+1","Exhume+1"],"special_seed":0,"relics":["Black Blood","PreservedInsect","Charon\u0027s Ashes","The Courier","War Paint","Strawberry","Anchor","Red Skull","Sundial","Tiny Chest","Question Card","Happy Flower","Lizard Tail","Torii","Centennial Puzzle","Vajra","Dead Branch","Toxic Egg 2","Mercury Hourglass"],"potions_floor_usage":[27,27,29,35,40,50,50],"damage_taken":[{"damage":1.0,"enemies":"Cultist","floor":1.0,"turns":3.0},{"damage":0.0,"enemies":"Small Slimes","floor":2.0,"turns":3.0},{"damage":11.0,"enemies":"2 Louse","floor":3.0,"turns":4.0},{"damage":1.0,"enemies":"Exordium Wildlife","floor":5.0,"turns":4.0},{"damage":5.0,"enemies":"3 Sentries","floor":7.0,"turns":6.0},{"damage":18.0,"enemies":"Gremlin Nob","floor":13.0,"turns":5.0},{"damage":4.0,"enemies":"Blue Slaver","floor":14.0,"turns":3.0},{"damage":23.0,"enemies":"The Guardian","floor":16.0,"turns":11.0},{"damage":34.0,"enemies":"Spheric Guardian","floor":18.0,"turns":6.0},{"damage":32.0,"enemies":"Slavers","floor":24.0,"turns":5.0},{"damage":4.0,"enemies":"3 Byrds","floor":25.0,"turns":4.0},{"damage":33,"enemies":"Sentry and Sphere","floor":27,"turns":7},{"damage":0,"enemies":"Centurion and Healer","floor":29,"turns":5},{"damage":47,"enemies":"Champ","floor":33,"turns":12},{"damage":19,"enemies":"3 Shapes","floor":35,"turns":9},{"damage":17,"enemies":"Orb Walker","floor":38,"turns":5},{"damage":76,"enemies":"Reptomancer","floor":40,"turns":7},{"damage":9,"enemies":"Mind Bloom Boss Battle","floor":44,"turns":12},{"damage":86,"enemies":"Giant Head","floor":46,"turns":9},{"damage":26,"enemies":"3 Darklings","floor":47,"turns":4},{"damage":149,"enemies":"Awakened One","floor":50,"turns":10}],"seed_played":"2617185364224205257","potions_obtained":[{"floor":2.0,"key":"GamblersBrew"},{"floor":3.0,"key":"Ancient Potion"},{"floor":14.0,"key":"BloodPotion"},{"floor":25.0,"key":"Fire Potion"},{"floor":27,"key":"FearPotion"},{"floor":33,"key":"SkillPotion"},{"floor":44,"key":"Dexterity Potion"}],"is_trial":false,"path_per_floor":["M","M","M","$","M","R","E","R","T","?","R","$","E","M","R","B",null,"M","$","?","?","$","R","E","M","T","M","$","M","?","?","R","B",null,"M","$","?","M","$","E","R","$","T","?","?","E","M","T","R","B",null],"character_chosen":"IRONCLAD","items_purchased":["PreservedInsect","Fire Potion","War Paint","Strawberry","Red Skull","Happy Flower","Energy Potion","Torii","Dexterity Potion"],"campfire_rested":4,"item_purchase_floors":[4,4,12,12,19,28,36,39,39],"current_hp_per_floor":[77,80,75,75,80,80,80,80,80,69,69,76,64,66,66,49,78,54,54,54,54,54,80,58,64,64,41,41,51,51,51,77,40,75,87,87,87,85,85,33,59,59,59,66,66,29,55,55,79,29],"gold":199,"neow_bonus":"HUNDRED_GOLD","is_prod":false,"is_daily":false,"chose_seed":false,"campfire_upgraded":4,"win_rate":0,"timestamp":1555337308,"path_taken":["M","M","M","?","M","R","E","R","T","?","R","$","E","M","R","BOSS","M","$","?","?","$","R","E","M","T","M","?","?","?","?","R","BOSS","M","$","?","M","$","E","R","?","T","?","?","E","M","?","R","BOSS"],"build_version":"2019-01-23","purchased_purges":0,"victory":true,"max_hp_per_floor":[80,80,80,80,80,80,80,80,80,80,80,87,87,87,87,87,87,87,87,87,87,87,87,87,87,87,87,87,87,87,87,87,87,87,87,87,87,87,87,87,87,87,87,87,83,83,83,83,83,83],"card_choices":[{"not_picked":["Thunderclap","Flex"],"picked":"Uppercut","floor":1.0},{"not_picked":["Searing Blow","Sword Boomerang"],"picked":"Intimidate","floor":2.0},{"not_picked":["Headbutt","Havoc"],"picked":"Demon Form","floor":3.0},{"not_picked":["Anger","Shrug It Off"],"picked":"Flame Barrier","floor":5.0},{"not_picked":["Evolve","Heavy Blade"],"picked":"Cleave","floor":7.0},{"not_picked":["Wild Strike","Thunderclap"],"picked":"Limit Break","floor":13.0},{"not_picked":["Entrench","Body Slam"],"picked":"Heavy Blade","floor":14.0},{"not_picked":["Exhume","Immolate"],"picked":"Bludgeon","floor":16.0},{"not_picked":["Clash+1","Wild Strike"],"picked":"Flame Barrier+1","floor":18.0},{"not_picked":["Cleave","Perfected Strike"],"picked":"Rampage","floor":24.0},{"not_picked":["Clash","Clothesline"],"picked":"Body Slam","floor":25.0},{"not_picked":["Evolve","Limit Break","Headbutt"],"picked":"Armaments","floor":27},{"not_picked":["Feel No Pain","Power Through","Twin Strike"],"picked":"Metallicize+1","floor":29},{"not_picked":["Berserk","Feed","Limit Break"],"picked":"Reaper","floor":33},{"not_picked":["Wild Strike+1","Entrench","Flex"],"picked":"Body Slam","floor":35},{"not_picked":["Bloodletting+1","Shockwave","Wild Strike+1"],"picked":"Battle Trance","floor":38},{"not_picked":["Flex+1","Sentinel+1","Corruption+1"],"picked":"Warcry","floor":40},{"not_picked":["Cleave","Clothesline","Corruption+1"],"picked":"Heavy Blade+1","floor":44},{"not_picked":["Dark Embrace","Second Wind","Body Slam"],"picked":"Exhume","floor":46},{"not_picked":["Cleave","Perfected Strike","Headbutt","Wild Strike"],"picked":"SKIP","floor":47}],"player_experience":664556,"relics_obtained":[{"floor":7.0,"key":"Charon\u0027s Ashes"},{"floor":9.0,"key":"The Courier"},{"floor":13.0,"key":"Anchor"},{"floor":24.0,"key":"Tiny Chest"},{"floor":26.0,"key":"Question Card"},{"floor":40,"key":"Centennial Puzzle"},{"floor":43,"key":"Vajra"},{"floor":44,"key":"Dead Branch"},{"floor":46,"key":"Toxic Egg 2"},{"floor":48,"key":"Mercury Hourglass"}],"event_choices":[{"damage_healed":0.0,"max_hp_gain":0.0,"max_hp_loss":0.0,"gold_gain":75.0,"event_name":"World of Goop","player_choice":"Gather Gold","floor":10.0,"gold_loss":0.0,"damage_taken":11.0},{"damage_healed":0.0,"max_hp_gain":0.0,"max_hp_loss":0.0,"gold_gain":0.0,"event_name":"Ghosts","player_choice":"Ignored","floor":20.0,"gold_loss":0.0,"damage_taken":0.0},{"damage_healed":0.0,"max_hp_gain":0.0,"max_hp_loss":0.0,"gold_gain":0.0,"event_name":"The Mausoleum","player_choice":"Opened","floor":21.0,"gold_loss":0.0,"damage_taken":0.0,"relics_obtained":["Sundial"],"cards_obtained":["Writhe"]},{"damage_healed":0,"gold_gain":0,"player_choice":"Paid Fearfully","damage_taken":0,"max_hp_gain":0,"max_hp_loss":0,"event_name":"Masked Bandits","floor":30,"gold_loss":34},{"damage_healed":0,"gold_gain":99,"player_choice":"Stole From Cult","damage_taken":0,"max_hp_gain":0,"max_hp_loss":0,"event_name":"Nest","floor":31,"gold_loss":0},{"damage_healed":0,"gold_gain":100,"player_choice":"Pray","damage_taken":0,"max_hp_gain":0,"max_hp_loss":0,"event_name":"Golden Shrine","floor":37,"gold_loss":0},{"damage_healed":0,"gold_gain":0,"player_choice":"Fight","damage_taken":0,"max_hp_gain":0,"max_hp_loss":0,"event_name":"MindBloom","floor":44,"gold_loss":0},{"damage_healed":0,"gold_gain":0,"player_choice":"Max HP","damage_taken":0,"max_hp_gain":0,"max_hp_loss":4,"event_name":"Winding Halls","floor":45,"gold_loss":0}],"is_beta":false,"boss_relics":[{"not_picked":["Snecko Eye","Fusion Hammer"],"picked":"Black Blood"},{"not_picked":["White Beast Statue","Tiny House"],"picked":"Lizard Tail"}],"items_purged_floors":[],"is_endless":false,"potions_floor_spawned":[2,3,5,14,25,27,33,44],"ascension_level":12}