{"gold_per_floor":[118,118,118,133,151,151,166,166,166,186,186,202,226,18,18,149,149,165,165,115,115,115,115,131,131],"floor_reached":25,"playtime":3717,"items_purged":[],"score":193,"play_id":"0ed992e1-5857-4367-81f9-9eab10a618ca","local_time":"20190408151108","is_ascension_mode":false,"campfire_choices":[{"data":"Body Slam","floor":6,"key":"SMITH"},{"data":"Rage","floor":11,"key":"SMITH"},{"data":"Iron Wave","floor":15,"key":"SMITH"},{"floor":23,"key":"REST"}],"neow_cost":"","seed_source_timestamp":9884519677008,"circlet_count":0,"master_deck":["Strike_R","Strike_R","Strike_R","Strike_R","Strike_R","Defend_R","Defend_R","Defend_R","Defend_R","Bash","Cleave","Clothesline","Body Slam+1","Shrug It Off","Rage+1","Pommel Strike","Iron Wave+1","Twin Strike","Shrug It Off","Feel No Pain","Barricade","Anger","Pommel Strike","Flex"],"relics":["Burning Blood","Golden Idol","Sundial","Gambling Chip","Black Star","Enchiridion"],"potions_floor_usage":[],"damage_taken":[{"damage":5,"enemies":"2 Louse","floor":1,"turns":4},{"damage":5,"enemies":"Jaw Worm","floor":4,"turns":4},{"damage":3,"enemies":"Small Slimes","floor":5,"turns":3},{"damage":1,"enemies":"2 Fungi Beasts","floor":7,"turns":3},{"damage":11,"enemies":"Exordium Thugs","floor":10,"turns":4},{"damage":0,"enemies":"3 Louse","floor":12,"turns":2},{"damage":0,"enemies":"Looter","floor":13,"turns":3},{"damage":65,"enemies":"The Guardian","floor":16,"turns":14},{"damage":47,"enemies":"Spheric Guardian","floor":18,"turns":8},{"damage":12,"enemies":"Shell Parasite","floor":24,"turns":4},{"damage":35,"enemies":"Gremlin Leader","floor":25,"turns":2}],"seed_played":"-6334905594449059656","potions_obtained":[{"floor":4,"key":"GamblersBrew"},{"floor":13,"key":"Dexterity Potion"},{"floor":16,"key":"Ancient Potion"}],"is_trial":false,"path_per_floor":["M","?","?","M","M","R","M","T","T","M","R","M","M","$","R","B",null,"M","?","$","?","?","R","M","E"],"character_chosen":"IRONCLAD","items_purchased":["Twin Strike","Shrug It Off","AttackPotion","Feel No Pain","Anger"],"campfire_rested":1,"item_purchase_floors":[14,14,14,14,20],"current_hp_per_floor":[80,80,80,80,80,80,80,80,80,75,75,80,80,80,80,21,80,39,24,24,8,8,33,27,0],"gold":131,"neow_bonus":"","is_prod":false,"is_daily":false,"chose_seed":false,"campfire_upgraded":3,"win_rate":0.0,"timestamp":1554729068,"path_taken":["M","?","?","M","M","R","M","?","T","M","R","M","M","$","R","BOSS","M","?","$","?","?","R","M","E"],"build_version":"2019-01-23","purchased_purges":0,"victory":false,"max_hp_per_floor":[80,80,80,80,80,80,80,80,80,80,80,80,80,80,80,80,80,80,85,85,85,85,85,85,85],"card_choices":[{"not_picked":["Pommel Strike","Anger"],"picked":"Cleave","floor":1},{"not_picked":["Pummel","Body Slam"],"picked":"Clothesline","floor":4},{"not_picked":["Pommel Strike","Hemokinesis"],"picked":"Body Slam","floor":5},{"not_picked":["True Grit","Headbutt"],"picked":"Shrug It Off","floor":7},{"not_picked":["Anger","Clothesline"],"picked":"Rage","floor":10},{"not_picked":["Hemokinesis","Dark Embrace"],"picked":"Pommel Strike","floor":12},{"not_picked":["Pommel Strike","Battle Trance"],"picked":"Iron Wave","floor":13},{"not_picked":["Brutality","Feed"],"picked":"Barricade","floor":16},{"not_picked":["Battle Trance","Clothesline"],"picked":"Second Wind","floor":18},{"not_picked":["Clothesline+1","Inflame"],"picked":"Flex","floor":24}],"player_experience":0,"relics_obtained":[{"floor":8,"key":"Sundial"},{"floor":9,"key":"Gambling Chip"},{"floor":21,"key":"Enchiridion"}],"event_choices":[{"damage_healed":0,"gold_gain":0,"player_choice":"Take Wound","damage_taken":0,"relics_obtained":["Golden Idol"],"max_hp_gain":0,"max_hp_loss":0,"event_name":"Golden Idol","floor":2,"gold_loss":0,"cards_obtained":["Injury"]},{"cards_removed":["Injury"],"damage_healed":0,"gold_gain":0,"player_choice":"Forget","damage_taken":0,"max_hp_gain":0,"max_hp_loss":0,"event_name":"Living Wall","floor":3,"gold_loss":0},{"damage_healed":0,"gold_gain":0,"player_choice":"Shed Blood","damage_taken":20,"max_hp_gain":5,"max_hp_loss":0,"event_name":"Forgotten Altar","floor":19,"gold_loss":0},{"damage_healed":0,"gold_gain":0,"player_choice":"Obtained Book","damage_taken":16,"max_hp_gain":0,"max_hp_loss":0,"event_name":"Cursed Tome","floor":21,"gold_loss":0},{"damage_healed":0,"gold_gain":0,"cards_transformed":["Second Wind"],"player_choice":"Transformed","damage_taken":0,"max_hp_gain":0,"max_hp_loss":0,"event_name":"Transmorgrifier","floor":22,"gold_loss":0,"cards_obtained":["Pommel Strike"]}],"is_beta":false,"boss_relics":[{"not_picked":["Calling Bell","Fusion Hammer"],"picked":"Black Star"}],"items_purged_floors":[],"is_endless":false,"potions_floor_spawned":[4,13,16],"killed_by":"Gremlin Leader","ascension_level":0}