{"gold_per_floor":[113,36,51,226,226,253,263,298,345,358,20,51,51,64,64,162,162,181,23,122,137,10,44,56,102,114,126,154,180,0,12,24,132,144,174,186,209,27,27,27,57,57],"floor_reached":42,"playtime":1521,"items_purged":["Strike_B","Defend_B"],"score":608,"play_id":"70aac6f9-0df9-419f-8880-30ea00f11981","local_time":"20190415120658","is_ascension_mode":true,"campfire_choices":[{"floor":13,"key":"REST"},{"floor":15,"key":"REST"},{"floor":24,"key":"REST"},{"floor":27,"key":"REST"},{"floor":32,"key":"REST"},{"floor":40,"key":"REST"}],"neow_cost":"NONE","seed_source_timestamp":494956991223802,"circlet_count":0,"master_deck":["Strike_B","Strike_B","Defend_B","Zap","Dualcast","Darkness","Melter","Darkness","Conserve Battery","Consume","Static Discharge","Enlightenment","Consume","Cold Snap","Electrodynamics","Auto Shields","Capacitor","Glacier","Undo","Double Energy","Writhe","Fission","BootSequence+1","Mind Blast","Static Discharge","Consume"],"relics":["Cracked Core","NeowsBlessing","Darkstone Periapt","Lantern","Strawberry","Orichalcum","Centennial Puzzle","Nuclear Battery","MawBank","PreservedInsect","Bag of Preparation","Empty Cage","Bottled Flame"],"potions_floor_usage":[8,8,10,23,29,33,41],"damage_taken":[{"damage":0,"enemies":"2 Louse","floor":1,"turns":1},{"damage":0,"enemies":"Jaw Worm","floor":3,"turns":1},{"damage":0,"enemies":"Lagavulin","floor":6,"turns":1},{"damage":0,"enemies":"Small Slimes","floor":7,"turns":3},{"damage":20,"enemies":"Gremlin Nob","floor":8,"turns":4},{"damage":15,"enemies":"2 Fungi Beasts","floor":10,"turns":3},{"damage":38,"enemies":"Lagavulin","floor":12,"turns":6},{"damage":9,"enemies":"Blue Slaver","floor":14,"turns":3},{"damage":29,"enemies":"The Guardian","floor":16,"turns":9},{"damage":21,"enemies":"Shell Parasite","floor":18,"turns":5},{"damage":1,"enemies":"Chosen","floor":21,"turns":4},{"damage":16,"enemies":"Slavers","floor":23,"turns":4},{"damage":28,"enemies":"Book of Stabbing","floor":25,"turns":6},{"damage":12,"enemies":"Shelled Parasite and Fungi","floor":28,"turns":6},{"damage":7,"enemies":"Chosen and Byrds","floor":29,"turns":7},{"damage":77,"enemies":"Collector","floor":33,"turns":11},{"damage":24,"enemies":"Orb Walker","floor":35,"turns":5},{"damage":14,"enemies":"3 Shapes","floor":37,"turns":5},{"damage":67,"enemies":"Reptomancer","floor":41,"turns":5},{"damage":19,"enemies":"Jaw Worm Horde","floor":42,"turns":2}],"seed_played":"-4650280451454642752","potions_obtained":[{"floor":3,"key":"SteroidPotion"},{"floor":7,"key":"Weak Potion"},{"floor":8,"key":"Energy Potion"},{"floor":23,"key":"FairyPotion"},{"floor":25,"key":"SpeedPotion"},{"floor":29,"key":"Dexterity Potion"},{"floor":37,"key":"Swift Potion"}],"is_trial":false,"path_per_floor":["M","$","M","?","?","E","M","E","T","M","$","E","R","M","R","B",null,"M","$","?","M","$","E","R","E","T","R","M","M","?","?","R","B",null,"M","?","M","$","?","R","E","M"],"character_chosen":"DEFECT","items_purchased":["Melter","Static Discharge","Enlightenment","Orichalcum","Consume","Capacitor","Glacier","Poison Potion","Mind Blast"],"campfire_rested":6,"item_purchase_floors":[2,11,11,11,11,19,19,22,38],"current_hp_per_floor":[75,75,75,75,68,68,68,48,55,40,40,2,26,17,41,12,82,61,61,61,60,60,44,68,40,40,64,52,45,45,51,77,8,88,64,64,50,50,50,76,9,0],"gold":57,"neow_bonus":"THREE_ENEMY_KILL","is_prod":false,"is_daily":false,"chose_seed":false,"campfire_upgraded":0,"win_rate":0,"timestamp":1555355218,"path_taken":["M","$","M","?","?","E","M","E","T","M","$","E","R","M","R","BOSS","M","$","?","M","$","E","R","E","T","R","M","M","?","?","R","BOSS","M","?","M","$","?","R","E","M"],"build_version":"2019-01-23","purchased_purges":2,"victory":false,"max_hp_per_floor":[75,75,75,75,75,75,75,75,82,82,82,82,82,82,82,82,82,82,82,82,82,82,82,82,82,82,82,82,82,82,88,88,88,88,88,88,88,88,88,88,88,88],"card_choices":[{"not_picked":["Compile Driver","Streamline"],"picked":"Darkness","floor":1},{"not_picked":["Compile Driver","Turbo"],"picked":"Darkness","floor":3},{"not_picked":["Gash","Barrage","Turbo"],"picked":"SKIP","floor":6},{"not_picked":["Hologram","Rebound"],"picked":"Conserve Battery","floor":7},{"not_picked":["Cold Snap","Redo"],"picked":"Consume","floor":8},{"not_picked":["Compile Driver","Core Surge","Turbo"],"picked":"SKIP","floor":10},{"not_picked":["Steam","Streamline"],"picked":"Cold Snap","floor":12},{"not_picked":["Reinforced Body","Undo"],"picked":"Cold Snap","floor":14},{"not_picked":["Meteor Strike","Thunder Strike"],"picked":"Electrodynamics","floor":16},{"not_picked":["Streamline+1","Fusion"],"picked":"Auto Shields","floor":18},{"not_picked":["Leap","Streamline+1"],"picked":"Undo","floor":21},{"not_picked":["Melter","Force Field+1"],"picked":"Double Energy","floor":23},{"not_picked":["Beam Cell+1","Gash","Go for the Eyes"],"picked":"SKIP","floor":25},{"not_picked":["Cold Snap+1","Melter+1","Steam+1"],"picked":"SKIP","floor":28},{"not_picked":["Conserve Battery+1","Scrape","Turbo"],"picked":"SKIP","floor":29},{"not_picked":["Reboot","Creative AI"],"picked":"Fission","floor":33},{"not_picked":["Coolheaded","Heatsinks+1","Lockon+1"],"picked":"SKIP","floor":35},{"not_picked":["Beam Cell+1","Cold Snap"],"picked":"BootSequence+1","floor":37},{"not_picked":["Conserve Battery+1","Streamline"],"picked":"Consume","floor":41}],"player_experience":425978,"relics_obtained":[{"floor":6,"key":"Darkstone Periapt"},{"floor":8,"key":"Lantern"},{"floor":9,"key":"Strawberry"},{"floor":12,"key":"Centennial Puzzle"},{"floor":23,"key":"MawBank"},{"floor":25,"key":"PreservedInsect"},{"floor":41,"key":"Bottled Flame"}],"event_choices":[{"damage_healed":0,"gold_gain":175,"player_choice":"AGREE","damage_taken":0,"max_hp_gain":0,"max_hp_loss":0,"event_name":"Liars Game","floor":4,"gold_loss":0,"cards_obtained":["Doubt"]},{"cards_removed":["Doubt"],"damage_healed":0,"gold_gain":0,"player_choice":"Card Removal","damage_taken":7,"max_hp_gain":0,"max_hp_loss":0,"event_name":"Golden Wing","floor":5,"gold_loss":0},{"damage_healed":0,"gold_gain":99,"player_choice":"Stole From Cult","damage_taken":0,"max_hp_gain":0,"max_hp_loss":0,"event_name":"Nest","floor":20,"gold_loss":0},{"damage_healed":0,"gold_gain":0,"player_choice":"Paid Fearfully","damage_taken":0,"max_hp_gain":0,"max_hp_loss":0,"event_name":"Masked Bandits","floor":30,"gold_loss":192},{"damage_healed":0,"gold_gain":0,"player_choice":"Opened","damage_taken":0,"relics_obtained":["Bag of Preparation"],"max_hp_gain":0,"max_hp_loss":0,"event_name":"The Mausoleum","floor":31,"gold_loss":0,"cards_obtained":["Writhe"]},{"cards_removed":["Cold Snap"],"damage_healed":0,"gold_gain":0,"player_choice":"Removed Attack","damage_taken":0,"max_hp_gain":0,"max_hp_loss":0,"event_name":"Falling","floor":36,"gold_loss":0},{"damage_healed":0,"gold_gain":0,"cards_transformed":["Defend_B"],"player_choice":"Transformed","damage_taken":0,"max_hp_gain":0,"max_hp_loss":0,"event_name":"Transmorgrifier","floor":39,"gold_loss":0,"cards_obtained":["Static Discharge"]}],"is_beta":false,"boss_relics":[{"not_picked":["Pandora\u0027s Box","Black Star"],"picked":"Nuclear Battery"},{"not_picked":["FrozenCore","Sozu"],"picked":"Empty Cage"}],"items_purged_floors":[22,38],"is_endless":false,"potions_floor_spawned":[3,7,8,23,25,29,37],"killed_by":"Jaw Worm Horde","ascension_level":3}