{"gold_per_floor":[114,134,134,0,0,0,44,58,58,71,71],"floor_reached":11,"playtime":505,"items_purged":["Strike_G"],"score":196,"play_id":"40557151-2570-4fdd-8e33-a24f3d1c6d53","local_time":"20190504123746","is_ascension_mode":true,"campfire_choices":[{"data":"Neutralize","floor":6,"key":"SMITH"}],"neow_cost":"NONE","seed_source_timestamp":229626870429731,"circlet_count":0,"master_deck":["AscendersBane","Defend_G+1","Defend_G","Defend_G","Defend_G","Defend_G","Strike_G","Strike_G","Strike_G","Strike_G","Survivor","Neutralize+1","Dagger Throw","Flechettes+1","PiercingWail","Leg Sweep","Blur","Deadly Poison"],"relics":["Ring of the Snake","NeowsBlessing","Golden Idol","Blue Candle","Bottled Flame"],"potions_floor_usage":[],"damage_taken":[{"damage":0,"enemies":"Jaw Worm","floor":1,"turns":1},{"damage":0,"enemies":"2 Louse","floor":2,"turns":1},{"damage":0,"enemies":"Lagavulin","floor":7,"turns":1},{"damage":0,"enemies":"Small Slimes","floor":8,"turns":4},{"damage":0,"enemies":"Looter","floor":10,"turns":4},{"damage":56,"enemies":"Gremlin Nob","floor":11,"turns":4}],"seed_played":"5774675229782791354","potions_obtained":[],"is_trial":false,"path_per_floor":["M","M","?","$","?","R","E","M","T","M","E"],"character_chosen":"THE_SILENT","items_purchased":["PiercingWail"],"campfire_rested":0,"item_purchase_floors":[4],"current_hp_per_floor":[59,59,39,39,39,39,39,39,39,39,0],"gold":71,"neow_bonus":"THREE_ENEMY_KILL","is_prod":false,"is_daily":false,"chose_seed":false,"campfire_upgraded":1,"win_rate":0,"timestamp":1556966266,"path_taken":["M","M","?","$","?","R","E","M","T","M","E"],"build_version":"2019-01-23","purchased_purges":1,"victory":false,"max_hp_per_floor":[66,66,66,66,60,60,60,60,60,60,60],"card_choices":[{"not_picked":["Calculated Gamble","Sucker Punch"],"picked":"Dagger Throw","floor":1},{"not_picked":["Sucker Punch","Dagger Spray"],"picked":"Flechettes","floor":2},{"not_picked":["Accuracy","Endless Agony"],"picked":"Leg Sweep","floor":7},{"not_picked":["Backflip","Setup"],"picked":"Blur","floor":8},{"not_picked":["Blade Dance","Expertise"],"picked":"Deadly Poison","floor":10}],"player_experience":1987742,"relics_obtained":[{"floor":7,"key":"Blue Candle"},{"floor":9,"key":"Bottled Flame"}],"event_choices":[{"damage_healed":0,"gold_gain":0,"player_choice":"Entered Light","damage_taken":20,"max_hp_gain":0,"max_hp_loss":0,"event_name":"Shining Light","floor":3,"gold_loss":0,"cards_upgraded":["Flechettes","Defend_G"]},{"damage_healed":0,"gold_gain":0,"player_choice":"Lose Max HP","damage_taken":0,"relics_obtained":["Golden Idol"],"max_hp_gain":0,"max_hp_loss":6,"event_name":"Golden Idol","floor":5,"gold_loss":0}],"is_beta":false,"boss_relics":[],"items_purged_floors":[4],"is_endless":false,"potions_floor_spawned":[],"killed_by":"Gremlin Nob","ascension_level":20}