{"gold_per_floor":[116,116,140,165,180,180,194,238,238,238,271,236,236,249,249,342,342,362,47,67,88,138,138,138,151,151,151,164,177,190,47,47,140,140,156,29,29,43,67,67,98,19,19,62,83,106,106,144,144,144,144,144,8,41,41],"floor_reached":56,"playtime":6539,"items_purged":["Strike_G+1"],"score":1939,"play_id":"6a5d2252-4847-4677-8961-b2f332c07b7a","local_time":"20190424011013","is_ascension_mode":true,"campfire_choices":[{"data":"Neutralize","floor":6,"key":"SMITH"},{"data":"Endless Agony","floor":10,"key":"SMITH"},{"floor":13,"key":"REST"},{"data":"Leg Sweep","floor":15,"key":"SMITH"},{"data":"Wraith Form v2","floor":23,"key":"SMITH"},{"data":"Caltrops","floor":27,"key":"SMITH"},{"data":"Night Terror","floor":32,"key":"SMITH"},{"floor":40,"key":"RECALL"},{"floor":49,"key":"REST"},{"floor":52,"key":"REST"}],"neow_cost":"NONE","seed_source_timestamp":1194845497136601,"circlet_count":0,"master_deck":["AscendersBane","Defend_G+1","Defend_G+1","Defend_G+1","Defend_G+1","Defend_G+1","Strike_G+1","Survivor","Neutralize+1","Quick Slash","Flying Knee","Flying Knee","Endless Agony+1","Leg Sweep+1","Glass Knife+1","PiercingWail","Wraith Form v2+1","Deflect+1","Escape Plan+1","Venomology+1","Blur+1","Deadly Poison","Caltrops+1","PiercingWail+1","Well Laid Plans+1","Dash+1","Poisoned Stab+1","Night Terror+1","Wraith Form v2+1","Prepared+1","Backflip","Bane+1","Backflip+1","Footwork+1","Poisoned Stab+1","Deadly Poison","Poisoned Stab+1"],"relics":["Ring of the Snake","Golden Idol","Molten Egg 2","Matryoshka","Happy Flower","Astrolabe","ClockworkSouvenir","Ancient Tea Set","Frozen Egg 2","Snake Skull","Fusion Hammer","Mummified Hand","Bag of Marbles","The Courier","Pen Nib","Blue Candle","Oddly Smooth Stone"],"potions_floor_usage":[8,8,16,21,21,25,29,30,33,33,33,33,35,39,41,44,45,45,50,55,55,55],"damage_taken":[{"damage":4,"enemies":"Small Slimes","floor":1,"turns":3},{"damage":0,"enemies":"2 Louse","floor":3,"turns":3},{"damage":0,"enemies":"Jaw Worm","floor":4,"turns":4},{"damage":0,"enemies":"3 Louse","floor":5,"turns":3},{"damage":15,"enemies":"Gremlin Gang","floor":7,"turns":6},{"damage":2,"enemies":"Lagavulin","floor":8,"turns":3},{"damage":24,"enemies":"Gremlin Nob","floor":11,"turns":4},{"damage":2,"enemies":"Red Slaver","floor":14,"turns":2},{"damage":34,"enemies":"Slime Boss","floor":16,"turns":16},{"damage":1,"enemies":"Chosen","floor":18,"turns":7},{"damage":0,"enemies":"3 Byrds","floor":20,"turns":3},{"damage":1,"enemies":"Cultist and Chosen","floor":21,"turns":8},{"damage":3,"enemies":"Snake Plant","floor":25,"turns":5},{"damage":5,"enemies":"3 Cultists","floor":28,"turns":8},{"damage":0,"enemies":"Chosen and Byrds","floor":29,"turns":6},{"damage":1,"enemies":"Centurion and Healer","floor":30,"turns":8},{"damage":13,"enemies":"Champ","floor":33,"turns":11},{"damage":5,"enemies":"3 Shapes","floor":35,"turns":6},{"damage":0,"enemies":"3 Darklings","floor":38,"turns":9},{"damage":11,"enemies":"Maw","floor":39,"turns":9},{"damage":3,"enemies":"Giant Head","floor":41,"turns":12},{"damage":0,"enemies":"Reptomancer","floor":44,"turns":10},{"damage":0,"enemies":"Transient","floor":45,"turns":5},{"damage":0,"enemies":"4 Shapes","floor":46,"turns":6},{"damage":3,"enemies":"Giant Head","floor":48,"turns":12},{"damage":32,"enemies":"Donu and Deca","floor":50,"turns":15},{"damage":24,"enemies":"Shield and Spear","floor":54,"turns":11},{"damage":32,"enemies":"The Heart","floor":55,"turns":13}],"seed_played":"1315219621654559172","potions_obtained":[{"floor":0,"key":"FearPotion"},{"floor":0,"key":"AttackPotion"},{"floor":8,"key":"LiquidBronze"},{"floor":20,"key":"PowerPotion"},{"floor":25,"key":"SneckoOil"},{"floor":28,"key":"Strength Potion"},{"floor":33,"key":"FearPotion"},{"floor":41,"key":"EssenceOfSteel"},{"floor":45,"key":"SpeedPotion"}],"is_trial":false,"path_per_floor":["M","?","M","M","M","R","M","E","T","R","E","?","R","M","R","B",null,"M","$","M","M","?","R","?","M","T","R","M","M","M","$","R","B",null,"M","$","?","M","M","R","E","$","T","E","M","M","?","E","R","B",null,"R","$","E","B",null],"character_chosen":"THE_SILENT","items_purchased":["ClockworkSouvenir","Deadly Poison","Caltrops","Snake Skull","Backflip","Footwork+1","Deadly Poison","Block Potion","Dexterity Potion","PowerPotion"],"campfire_rested":3,"item_purchase_floors":[19,19,19,31,36,42,53,53,53,53],"current_hp_per_floor":[55,55,55,55,55,55,40,38,38,38,14,29,47,45,45,11,48,47,47,47,46,46,46,46,58,58,58,53,53,52,52,52,39,55,50,50,50,50,54,54,51,51,51,51,51,51,51,48,57,25,49,57,57,33,1],"gold":41,"neow_bonus":"THREE_SMALL_POTIONS","is_prod":false,"is_daily":false,"chose_seed":false,"campfire_upgraded":6,"win_rate":0,"timestamp":1556082613,"path_taken":["M","?","M","M","M","R","M","E","T","R","E","?","R","M","R","BOSS","M","$","M","M","?","R","?","M","T","R","M","M","M","?","R","BOSS","M","$","?","M","?","R","E","?","T","E","M","M","?","E","R","BOSS","R","$","E","BOSS"],"build_version":"2019-01-23","purchased_purges":1,"victory":true,"max_hp_per_floor":[66,60,60,60,60,60,60,60,60,60,60,60,60,60,60,60,60,60,60,60,60,60,60,60,60,60,60,60,60,60,60,60,60,60,60,60,60,60,60,60,60,60,60,60,60,60,57,57,57,57,57,57,57,57,57],"card_choices":[{"not_picked":["Blade Dance","Noxious Fumes"],"picked":"Quick Slash","floor":1},{"not_picked":["Quick Slash","All Out Attack"],"picked":"Flying Knee","floor":3},{"not_picked":["Prepared","Bane"],"picked":"Flying Knee","floor":4},{"not_picked":["Quick Slash","A Thousand Cuts"],"picked":"Endless Agony","floor":5},{"not_picked":["Deadly Poison","Bane","Reflex"],"picked":"SKIP","floor":7},{"not_picked":["Bane","Choke"],"picked":"Leg Sweep","floor":8},{"not_picked":["Underhanded Strike+1","Endless Agony+1"],"picked":"Glass Knife+1","floor":11},{"not_picked":["Dagger Throw+1","Slice+1"],"picked":"PiercingWail","floor":14},{"not_picked":["Malaise","Doppelganger"],"picked":"Wraith Form v2","floor":16},{"not_picked":["Choke+1","Accuracy"],"picked":"Blur+1","floor":18},{"not_picked":["Dodge and Roll","Heel Hook+1"],"picked":"PiercingWail+1","floor":20},{"not_picked":["Distraction","Prepared+1"],"picked":"Well Laid Plans+1","floor":21},{"not_picked":["Quick Slash+1","Sucker Punch+1"],"picked":"Dash+1","floor":25},{"not_picked":["Heel Hook+1","Deflect"],"picked":"Poisoned Stab+1","floor":28},{"not_picked":["Deadly Poison","Slice+1"],"picked":"Night Terror","floor":29},{"not_picked":["Dagger Spray+1","Deflect","Outmaneuver"],"picked":"SKIP","floor":30},{"not_picked":["Phantasmal Killer","Envenom+1"],"picked":"Wraith Form v2+1","floor":33},{"not_picked":["Blade Dance","Endless Agony+1"],"picked":"Prepared+1","floor":35},{"not_picked":["Underhanded Strike+1","Backflip"],"picked":"Bane+1","floor":38},{"not_picked":["Accuracy+1","Cloak And Dagger"],"picked":"Backflip+1","floor":39},{"not_picked":["Cloak And Dagger","Dagger Spray+1","Dagger Throw+1"],"picked":"SKIP","floor":41},{"not_picked":["Outmaneuver","All Out Attack+1","Deflect"],"picked":"SKIP","floor":44},{"not_picked":["Bane+1","Quick Slash+1","Well Laid Plans+1"],"picked":"SKIP","floor":45},{"not_picked":["All Out Attack+1","Blade Dance","Masterful Stab+1"],"picked":"SKIP","floor":46},{"not_picked":["Bouncing Flask","Venomology"],"picked":"Poisoned Stab+1","floor":48},{"not_picked":["Calculated Gamble","Terror"],"picked":"Poisoned Stab+1","floor":54}],"player_experience":851171,"relics_obtained":[{"floor":8,"key":"Molten Egg 2"},{"floor":9,"key":"Matryoshka"},{"floor":11,"key":"Happy Flower"},{"floor":26,"key":"Ancient Tea Set"},{"floor":26,"key":"Frozen Egg 2"},{"floor":41,"key":"Bag of Marbles"},{"floor":43,"key":"The Courier"},{"floor":44,"key":"Pen Nib"},{"floor":48,"key":"Blue Candle"},{"floor":54,"key":"Oddly Smooth Stone"}],"event_choices":[{"damage_healed":0,"gold_gain":0,"player_choice":"Lose Max HP","damage_taken":0,"relics_obtained":["Golden Idol"],"max_hp_gain":0,"max_hp_loss":6,"event_name":"Golden Idol","floor":2,"gold_loss":0},{"damage_healed":15,"gold_gain":0,"player_choice":"Healed","damage_taken":0,"max_hp_gain":0,"max_hp_loss":0,"event_name":"The Cleric","floor":12,"gold_loss":35},{"damage_healed":0,"gold_gain":50,"player_choice":"Stole From Cult","damage_taken":0,"max_hp_gain":0,"max_hp_loss":0,"event_name":"Nest","floor":22,"gold_loss":0},{"damage_healed":0,"gold_gain":0,"player_choice":"Simplicity","damage_taken":0,"max_hp_gain":0,"max_hp_loss":0,"event_name":"Back to Basics","floor":24,"gold_loss":0,"cards_upgraded":["Defend_G","Defend_G","Defend_G","Defend_G","Defend_G","Strike_G","Strike_G"]},{"damage_healed":0,"gold_gain":0,"player_choice":"Gave Potion","damage_taken":0,"relics_obtained":["Mummified Hand"],"max_hp_gain":0,"max_hp_loss":0,"event_name":"WeMeetAgain","floor":37,"gold_loss":0},{"damage_healed":0,"gold_gain":0,"player_choice":"Max HP","damage_taken":0,"max_hp_gain":0,"max_hp_loss":3,"event_name":"Winding Halls","floor":47,"gold_loss":0}],"is_beta":false,"boss_relics":[{"not_picked":["Tiny House","Runic Pyramid"],"picked":"Astrolabe"},{"not_picked":["Orrery","Empty Cage"],"picked":"Fusion Hammer"}],"items_purged_floors":[36],"is_endless":false,"potions_floor_spawned":[1,4,8,20,25,28,30,33,41,44,45,48,54],"ascension_level":15}