{"gold_per_floor":[115,9,21,21,21,21,21,34,61,94,94,94,105,116,116,218,218,237,336,351,351],"floor_reached":21,"playtime":968,"items_purged":[],"score":179,"play_id":"b6ac32c3-dbbd-440c-b125-6ad1675c1ede","local_time":"20180817153150","is_ascension_mode":false,"campfire_choices":[{"floor":6,"key":"REST"},{"floor":11,"key":"REST"},{"floor":15,"key":"REST"}],"neow_cost":"","seed_source_timestamp":270375388150466,"circlet_count":0,"master_deck":["Strike_B","Strike_B","Strike_B","Strike_B","Defend_B","Defend_B","Defend_B","Defend_B","Zap","Dualcast","Genetic Algorithm","Trip","Aggregate","Sweeping Beam","Ball Lightning","Cold Snap","Heatsinks","Fission","Compile Driver","Stack"],"relics":["Cracked Core","Anchor","Orichalcum","Strawberry","Runic Pyramid"],"potions_floor_usage":[],"damage_taken":[{"damage":5,"enemies":"Cultist","floor":1,"turns":4},{"damage":0,"enemies":"2 Louse","floor":3,"turns":3},{"damage":0,"enemies":"Small Slimes","floor":8,"turns":3},{"damage":58,"enemies":"Lagavulin","floor":10,"turns":9},{"damage":5,"enemies":"Looter","floor":13,"turns":3},{"damage":0,"enemies":"2 Fungi Beasts","floor":14,"turns":3},{"damage":64,"enemies":"Hexaghost","floor":16,"turns":12},{"damage":35,"enemies":"Shell Parasite","floor":18,"turns":10},{"damage":28,"enemies":"Spheric Guardian","floor":20,"turns":6},{"damage":26,"enemies":"Snecko","floor":21,"turns":4}],"seed_played":"-4045157470887926112","potions_obtained":[{"floor":12,"key":"Block Potion"},{"floor":12,"key":"FocusPotion"},{"floor":12,"key":"Strength Potion"},{"floor":13,"key":"Explosive Potion"},{"floor":18,"key":"Ancient Potion"}],"is_trial":false,"path_per_floor":["M","$","M","$","?","R","?","M","T","E","R","?","M","M","R","B",null,"M","?","M"],"character_chosen":"DEFECT","items_purchased":["Trip"],"campfire_rested":3,"item_purchase_floors":[2],"current_hp_per_floor":[70,70,70,70,58,75,75,75,75,24,48,48,43,43,67,3,82,47,47,19,0],"gold":351,"neow_bonus":"","is_prod":false,"is_daily":false,"chose_seed":false,"campfire_upgraded":0,"win_rate":0.0,"timestamp":1534545110,"path_taken":["M","$","M","$","?","R","?","M","T","E","R","?","M","M","R","BOSS","M","?","M","M"],"build_version":"2018-08-16","purchased_purges":0,"victory":false,"max_hp_per_floor":[75,75,75,75,75,75,75,75,75,82,82,82,82,82,82,82,82,82,82,82,82],"card_choices":[{"not_picked":["Beam Cell","Steam"],"picked":"Genetic Algorithm","floor":1},{"not_picked":["Ball Lightning","Go for the Eyes"],"picked":"Aggregate","floor":3},{"not_picked":["Auto Shields","BootSequence"],"picked":"Sweeping Beam","floor":8},{"not_picked":["Hologram","Darkness"],"picked":"Ball Lightning","floor":10},{"not_picked":["Leap","Chill"],"picked":"Cold Snap","floor":13},{"not_picked":["Hologram","Steam"],"picked":"Heatsinks","floor":14},{"not_picked":["Electrodynamics","All For One"],"picked":"Fission","floor":16},{"not_picked":["Cold Snap","Defragment"],"picked":"Compile Driver","floor":18},{"not_picked":["Sweeping Beam","Multi-Cast"],"picked":"Stack","floor":20}],"player_experience":17141,"relics_obtained":[{"floor":9,"key":"Orichalcum"},{"floor":10,"key":"Strawberry"}],"event_choices":[{"event_name":"Scrap Ooze","player_choice":"success","floor":5,"damage_taken":12},{"event_name":"The Cleric","player_choice":"Leave","floor":7,"damage_taken":0},{"event_name":"The Lab","player_choice":"Got Potions","floor":12,"damage_taken":0},{"event_name":"Nest","player_choice":"Stole From Cult","floor":19,"damage_taken":0}],"is_beta":false,"boss_relics":[{"not_picked":["Snecko Eye","Eternal Feather"],"picked":"Runic Pyramid"}],"items_purged_floors":[],"is_endless":false,"potions_floor_spawned":[13,14,16,18],"killed_by":"Snecko","ascension_level":0}