{"gold_per_floor":[111,36,52,52,52,72,97,108,108,120,120,139,139,157,157,228,228,247,257,257,307,320,320,320,18,41,54,11,27,47,47,47,47],"floor_reached":33,"playtime":1300,"items_purged":["Normality","Strike_G"],"score":577,"play_id":"f8d0ff61-a762-4dba-adde-44c580e9c7a2","local_time":"20190501200531","is_ascension_mode":true,"campfire_choices":[{"floor":11,"key":"REST"},{"data":"Blur","floor":13,"key":"SMITH"},{"data":"Terror","floor":15,"key":"SMITH"},{"data":"Leg Sweep","floor":23,"key":"SMITH"},{"floor":32,"key":"REST"}],"neow_cost":"CURSE","seed_source_timestamp":3826985343421866,"circlet_count":0,"master_deck":["AscendersBane","Defend_G","Defend_G","Defend_G","Defend_G","Strike_G","Strike_G","Strike_G","Strike_G","Survivor","Neutralize","Corpse Explosion+1","Blur+1","Leg Sweep+1","Backflip","Terror+1","Bullet Time","Masterful Stab","Deflect","After Image"],"relics":["Ring of the Snake","Singing Bowl","The Courier","Snecko Eye","Lee\u0027s Waffle","Smiling Mask","Enchiridion"],"potions_floor_usage":[7,16,16,20,27,33,33],"damage_taken":[{"damage":6,"enemies":"2 Louse","floor":1,"turns":2},{"damage":0,"enemies":"Cultist","floor":3,"turns":4},{"damage":9,"enemies":"Small Slimes","floor":6,"turns":4},{"damage":29,"enemies":"Gremlin Nob","floor":7,"turns":6},{"damage":0,"enemies":"Blue Slaver","floor":8,"turns":8},{"damage":0,"enemies":"3 Louse","floor":10,"turns":1},{"damage":1,"enemies":"Red Slaver","floor":12,"turns":6},{"damage":0,"enemies":"Blue Slaver","floor":14,"turns":6},{"damage":31,"enemies":"The Guardian","floor":16,"turns":17},{"damage":9,"enemies":"Chosen","floor":18,"turns":5},{"damage":1,"enemies":"3 Byrds","floor":19,"turns":2},{"damage":13,"enemies":"Colosseum Slavers","floor":20,"turns":3},{"damage":7,"enemies":"Shelled Parasite and Fungi","floor":22,"turns":7},{"damage":32,"enemies":"Centurion and Healer","floor":27,"turns":8},{"damage":18,"enemies":"Snake Plant","floor":29,"turns":5},{"damage":0,"enemies":"3 Cultists","floor":30,"turns":4},{"damage":53,"enemies":"Champ","floor":33,"turns":19}],"seed_played":"3936957761504027535","potions_obtained":[{"floor":6,"key":"EssenceOfSteel"},{"floor":8,"key":"Explosive Potion"},{"floor":10,"key":"Fire Potion"},{"floor":16,"key":"Weak Potion"},{"floor":27,"key":"Ancient Potion"},{"floor":29,"key":"GhostInAJar"}],"is_trial":false,"path_per_floor":["M","$","M","$","?","M","E","M","T","M","R","M","R","M","R","B",null,"M","M","?","?","M","R","?","$","T","M","$","M","M","?","R","B"],"character_chosen":"THE_SILENT","items_purchased":["Lee\u0027s Waffle","Swift Potion","PowerPotion"],"campfire_rested":2,"item_purchase_floors":[25,25,28],"current_hp_per_floor":[53,53,53,53,53,44,15,17,17,19,40,39,39,39,39,8,55,48,49,36,36,31,31,31,83,83,53,53,35,37,16,42,0],"gold":47,"neow_bonus":"THREE_RARE_CARDS","is_prod":false,"is_daily":false,"chose_seed":false,"campfire_upgraded":3,"win_rate":0,"timestamp":1556737531,"path_taken":["M","$","M","$","?","M","E","M","T","?","R","M","R","M","R","BOSS","M","M","?","?","M","R","?","$","T","M","$","M","M","?","R","BOSS"],"build_version":"2019-01-23","purchased_purges":2,"victory":false,"max_hp_per_floor":[66,66,66,66,66,66,66,68,68,70,70,70,70,70,70,70,70,72,74,74,74,76,76,76,83,83,85,85,85,87,87,87,87],"card_choices":[{"not_picked":["Die Die Die","Burst"],"picked":"Corpse Explosion","floor":0},{"not_picked":["Eviscerate","Calculated Gamble","Prepared"],"picked":"SKIP","floor":1},{"not_picked":["Calculated Gamble","Well Laid Plans"],"picked":"Blur","floor":3},{"not_picked":["Underhanded Strike","Tactician"],"picked":"Leg Sweep","floor":6},{"not_picked":["Flying Knee","Dagger Throw"],"picked":"Backflip","floor":7},{"not_picked":["Finisher","Dagger Spray","Cloak And Dagger"],"picked":"Singing Bowl","floor":8},{"not_picked":["Sucker Punch","Crippling Poison","Slice"],"picked":"Singing Bowl","floor":10},{"not_picked":["Phantasmal Killer","Riddle With Holes"],"picked":"Deflect","floor":12},{"not_picked":["PiercingWail","Slice"],"picked":"Terror","floor":14},{"not_picked":["Burst","Phantasmal Killer"],"picked":"Bullet Time","floor":16},{"not_picked":["Acrobatics","Dagger Spray","Accuracy"],"picked":"Singing Bowl","floor":18},{"not_picked":["Cloak And Dagger","Concentrate","Calculated Gamble"],"picked":"Singing Bowl","floor":19},{"not_picked":["Skewer","Flying Knee","Deadly Poison"],"picked":"Singing Bowl","floor":22},{"not_picked":["Cloak And Dagger","Acrobatics","Concentrate+1"],"picked":"Singing Bowl","floor":27},{"not_picked":["Backflip","Deadly Poison"],"picked":"After Image","floor":29},{"not_picked":["Flying Knee","Slice","Dagger Throw"],"picked":"Singing Bowl","floor":30}],"player_experience":788764,"relics_obtained":[{"floor":7,"key":"Singing Bowl"},{"floor":9,"key":"The Courier"},{"floor":26,"key":"Smiling Mask"},{"floor":31,"key":"Enchiridion"}],"event_choices":[{"damage_healed":0,"gold_gain":0,"player_choice":"Forge","damage_taken":0,"max_hp_gain":0,"max_hp_loss":0,"event_name":"Accursed Blacksmith","floor":5,"gold_loss":0,"cards_upgraded":["Corpse Explosion"]},{"damage_healed":0,"gold_gain":0,"player_choice":"Fight","damage_taken":0,"max_hp_gain":0,"max_hp_loss":0,"event_name":"Colosseum","floor":20,"gold_loss":0},{"damage_healed":0,"gold_gain":0,"player_choice":"Fled From Nobs","damage_taken":0,"max_hp_gain":0,"max_hp_loss":0,"event_name":"Colosseum","floor":20,"gold_loss":0},{"damage_healed":0,"gold_gain":50,"player_choice":"Stole From Cult","damage_taken":0,"max_hp_gain":0,"max_hp_loss":0,"event_name":"Nest","floor":21,"gold_loss":0},{"damage_healed":0,"gold_gain":0,"cards_transformed":["Deflect","Defend_G"],"player_choice":"Became Test Subject","damage_taken":0,"max_hp_gain":0,"max_hp_loss":0,"event_name":"Drug Dealer","floor":24,"gold_loss":0,"cards_obtained":["Masterful Stab","Deflect"]},{"damage_healed":0,"gold_gain":0,"player_choice":"Obtained Book","damage_taken":21,"max_hp_gain":0,"max_hp_loss":0,"event_name":"Cursed Tome","floor":31,"gold_loss":0}],"is_beta":false,"boss_relics":[{"not_picked":["WristBlade","Empty Cage"],"picked":"Snecko Eye"}],"items_purged_floors":[2,25],"is_endless":false,"potions_floor_spawned":[6,8,10,12,16,27,29,30],"killed_by":"Champ","ascension_level":20}