{"gold_per_floor":[113,124,199,199,216,216,243,243,269,269,279,279,2,13,13,108,108,126,48,58,71,71,71,85,85,85,100,100,114,134,154,154,254,304,324,337,66,81,1080,1080,1080,1080,1080,304,314,334,158,158,158,158],"floor_reached":50,"playtime":1389,"items_purged":["Strike_R","Normality","Normality"],"score":518,"play_id":"2d487ec0-3b74-41d3-91c9-d88b7ffffbae","local_time":"20190415154448","is_ascension_mode":true,"campfire_choices":[{"data":"Inflame","floor":6,"key":"SMITH"},{"floor":10,"key":"REST"},{"floor":12,"key":"REST"},{"floor":15,"key":"REST"},{"floor":23,"key":"REST"},{"floor":25,"key":"REST"},{"floor":28,"key":"REST"},{"floor":32,"key":"REST"},{"floor":40,"key":"REST"},{"floor":49,"key":"REST"}],"neow_cost":"NONE","seed_source_timestamp":508160669510500,"circlet_count":0,"master_deck":["Strike_R","Strike_R","Strike_R+1","Defend_R","Defend_R","Defend_R+1","Bash+1","Pommel Strike","Thunderclap","Inflame+1","Headbutt","Limit Break","Sword Boomerang","Limit Break","Anger","Flex","Thunderclap","Shockwave+1","Shrug It Off+1","Anger","Iron Wave","Seeing Red+1","Flex","Armaments+1","Anger","Heavy Blade","Exhume","Sadistic Nature","Flex","Bandage Up","Perfected Strike+1","Flex"],"relics":["Burning Blood","CultistMask","Dodecahedron","PreservedInsect","Brimstone","Sozu","Letter Opener","Tiny House","War Paint","Strange Spoon","Strawberry"],"potions_floor_usage":[16,31],"damage_taken":[{"damage":10,"enemies":"Jaw Worm","floor":1,"turns":4},{"damage":11,"enemies":"Small Slimes","floor":2,"turns":3},{"damage":6,"enemies":"Cultist","floor":5,"turns":3},{"damage":34,"enemies":"Gremlin Nob","floor":7,"turns":5},{"damage":28,"enemies":"Exordium Wildlife","floor":11,"turns":4},{"damage":25,"enemies":"Gremlin Gang","floor":14,"turns":3},{"damage":45,"enemies":"The Guardian","floor":16,"turns":5},{"damage":11,"enemies":"2 Thieves","floor":18,"turns":2},{"damage":18,"enemies":"Shell Parasite","floor":20,"turns":3},{"damage":41,"enemies":"Snake Plant","floor":21,"turns":3},{"damage":8,"enemies":"Centurion and Healer","floor":24,"turns":3},{"damage":23,"enemies":"Sentry and Sphere","floor":27,"turns":4},{"damage":7,"enemies":"Cultist and Chosen","floor":29,"turns":4},{"damage":8,"enemies":"Centurion and Healer","floor":30,"turns":2},{"damage":18,"enemies":"Snecko","floor":31,"turns":4},{"damage":42,"enemies":"Champ","floor":33,"turns":6},{"damage":8,"enemies":"3 Darklings","floor":35,"turns":4},{"damage":2,"enemies":"3 Shapes","floor":36,"turns":3},{"damage":50,"enemies":"Jaw Worm Horde","floor":38,"turns":3},{"damage":25,"enemies":"Sphere and 2 Shapes","floor":45,"turns":4},{"damage":57,"enemies":"Spire Growth","floor":46,"turns":4},{"damage":41,"enemies":"Awakened One","floor":50,"turns":2}],"seed_played":"6037010566433806416","potions_obtained":[{"floor":14,"key":"SpeedPotion"},{"floor":16,"key":"Ancient Potion"}],"is_trial":false,"path_per_floor":["M","M","?","?","M","R","E","T","T","R","M","R","$","M","R","B",null,"M","$","M","M","?","R","M","R","T","M","R","M","M","M","R","B",null,"M","M","$","M","?","R","?","?","T","$","M","M","$","?","R","B"],"character_chosen":"IRONCLAD","items_purchased":["Brimstone","Limit Break","Flex","Thunderclap","Heavy Blade","Exhume","Sadistic Nature","Flex","Bandage Up","Strange Spoon","Strawberry","Flex"],"campfire_rested":9,"item_purchase_floors":[13,13,19,19,37,37,44,44,44,44,44,47],"current_hp_per_floor":[76,71,71,71,71,71,43,43,43,67,45,69,69,50,74,35,80,75,75,63,28,28,52,50,74,74,57,80,79,77,65,80,44,85,83,85,85,41,41,66,66,66,66,73,58,11,11,11,38,0],"gold":158,"neow_bonus":"UPGRADE_CARD","is_prod":false,"is_daily":false,"chose_seed":false,"campfire_upgraded":1,"win_rate":0,"timestamp":1555368288,"path_taken":["M","M","?","?","?","R","E","?","T","R","M","R","$","M","R","BOSS","M","$","?","M","?","R","M","R","T","M","R","?","M","M","R","BOSS","M","M","$","M","?","R","?","?","T","$","M","M","$","?","R","BOSS"],"build_version":"2019-01-23","purchased_purges":3,"victory":false,"max_hp_per_floor":[80,80,80,80,80,80,80,80,80,80,80,80,80,80,80,80,80,80,80,80,80,80,80,80,80,80,80,80,80,80,80,80,80,85,85,85,85,85,85,85,85,85,85,92,92,92,92,92,92,92],"card_choices":[{"not_picked":["Clash","Wild Strike"],"picked":"Pommel Strike","floor":1},{"not_picked":["Clothesline","True Grit"],"picked":"Thunderclap","floor":2},{"not_picked":["Thunderclap","Body Slam"],"picked":"Inflame","floor":5},{"not_picked":["Ghostly Armor","Burning Pact"],"picked":"Headbutt","floor":7},{"not_picked":["Dark Embrace","Havoc","Warcry"],"picked":"SKIP","floor":11},{"not_picked":["Whirlwind","Iron Wave"],"picked":"Sword Boomerang","floor":14},{"not_picked":["Double Tap","Dark Embrace"],"picked":"Limit Break","floor":16},{"not_picked":["Rupture+1","Clash"],"picked":"Anger","floor":18},{"not_picked":["Clothesline+1","Sword Boomerang"],"picked":"Shockwave+1","floor":20},{"not_picked":["Thunderclap","Pommel Strike"],"picked":"Shrug It Off+1","floor":21},{"not_picked":["Disarm","Hemokinesis"],"picked":"Anger","floor":24},{"not_picked":["Clothesline","True Grit"],"picked":"Iron Wave","floor":27},{"not_picked":["Hemokinesis+1","Body Slam"],"picked":"Seeing Red","floor":29},{"not_picked":["Iron Wave","Cleave+1"],"picked":"Flex","floor":30},{"not_picked":["Perfected Strike","Rage","True Grit"],"picked":"SKIP","floor":31},{"not_picked":["Twin Strike","Ghostly Armor"],"picked":"Armaments+1","floor":35},{"not_picked":["Evolve+1","Twin Strike+1"],"picked":"Anger","floor":36},{"not_picked":["Headbutt","Body Slam+1","Cleave"],"picked":"SKIP","floor":38},{"not_picked":["Second Wind","Shrug It Off+1"],"picked":"Perfected Strike+1","floor":45},{"not_picked":["Shockwave","Clothesline+1","Pommel Strike"],"picked":"SKIP","floor":46}],"player_experience":428927,"relics_obtained":[{"floor":7,"key":"Dodecahedron"},{"floor":9,"key":"PreservedInsect"},{"floor":26,"key":"Letter Opener"},{"floor":43,"key":"War Paint"}],"event_choices":[{"damage_healed":0,"gold_gain":75,"player_choice":"Gained Gold","damage_taken":0,"max_hp_gain":0,"max_hp_loss":0,"event_name":"Golden Wing","floor":3,"gold_loss":0},{"damage_healed":0,"gold_gain":0,"player_choice":"Trade","damage_taken":0,"relics_obtained":["CultistMask"],"max_hp_gain":0,"max_hp_loss":0,"event_name":"FaceTrader","floor":4,"gold_loss":0},{"cards_removed":["Strike_R"],"damage_healed":0,"gold_gain":0,"player_choice":"Purged","damage_taken":0,"max_hp_gain":0,"max_hp_loss":0,"event_name":"Purifier","floor":22,"gold_loss":0},{"damage_healed":0,"gold_gain":999,"player_choice":"Gold","damage_taken":0,"max_hp_gain":0,"max_hp_loss":0,"event_name":"MindBloom","floor":39,"gold_loss":0,"cards_obtained":["Normality","Normality"]},{"damage_healed":0,"gold_gain":0,"player_choice":"Memory 1","damage_taken":0,"max_hp_gain":0,"max_hp_loss":0,"event_name":"SensoryStone","floor":41,"gold_loss":0},{"cards_removed":["Defend_R"],"damage_healed":0,"gold_gain":0,"player_choice":"Removed Skill","damage_taken":0,"max_hp_gain":0,"max_hp_loss":0,"event_name":"Falling","floor":42,"gold_loss":0},{"damage_healed":0,"gold_gain":0,"player_choice":"Ignored","damage_taken":0,"max_hp_gain":0,"max_hp_loss":0,"event_name":"Mysterious Sphere","floor":48,"gold_loss":0}],"is_beta":false,"boss_relics":[{"not_picked":["Black Star","Empty Cage"],"picked":"Sozu"},{"not_picked":["Runic Dome","Fusion Hammer"],"picked":"Tiny House"}],"items_purged_floors":[37,44,47],"is_endless":false,"potions_floor_spawned":[14,16,18,20,30,31,35,46],"killed_by":"Awakened One","ascension_level":1}