{"gold_per_floor":[111,111,129,146,166,166,198,217,217,217,243,243,261,12,12,84,84,102,102,112,27,27,27,52,52,82,94,123,147,12,28,28,106,106,122,138,149,162,180,196,196],"floor_reached":41,"playtime":3530,"items_purged":[],"score":894,"play_id":"20c31726-faee-4d03-9978-e518270bcbad","local_time":"20190503143855","is_ascension_mode":true,"campfire_choices":[{"data":"Crippling Poison","floor":6,"key":"SMITH"},{"floor":10,"key":"REST"},{"data":"Survivor","floor":15,"key":"SMITH"},{"data":"Caltrops","floor":23,"key":"SMITH"},{"data":"Dodge and Roll","floor":25,"key":"SMITH"},{"floor":32,"key":"REST"}],"neow_cost":"NONE","seed_source_timestamp":174073468629799,"circlet_count":0,"master_deck":["AscendersBane","Defend_G+1","Defend_G+1","Defend_G+1","Defend_G+1","Defend_G+1","Strike_G+1","Strike_G+1","Strike_G+1","Strike_G+1","Survivor+1","Neutralize+1","Well Laid Plans","Infinite Blades","Crippling Poison+1","Poisoned Stab","Dagger Spray+1","Cloak And Dagger+1","All Out Attack+1","Caltrops+1","Glass Knife+1","Dodge and Roll+1","PiercingWail+1","Blur","Poisoned Stab+1","PiercingWail+1","Poisoned Stab+1","Tools of the Trade","Terror","Bane+1","Crippling Poison","Leg Sweep","Backflip","PiercingWail"],"relics":["Ring of the Snake","Molten Egg 2","Mercury Hourglass","Mango","Bronze Scales","Velvet Choker","Mummified Hand","Bag of Marbles","Tiny Chest","Smiling Mask","War Paint","Sozu"],"potions_floor_usage":[7,7,24,28,31,31,33,41],"damage_taken":[{"damage":8,"enemies":"Jaw Worm","floor":1,"turns":8},{"damage":1,"enemies":"Small Slimes","floor":3,"turns":4},{"damage":0,"enemies":"2 Louse","floor":4,"turns":3},{"damage":8,"enemies":"Looter","floor":5,"turns":4},{"damage":29,"enemies":"Gremlin Nob","floor":7,"turns":4},{"damage":12,"enemies":"Large Slime","floor":8,"turns":5},{"damage":14,"enemies":"3 Sentries","floor":11,"turns":6},{"damage":1,"enemies":"Blue Slaver","floor":13,"turns":2},{"damage":44,"enemies":"Slime Boss","floor":16,"turns":10},{"damage":0,"enemies":"3 Byrds","floor":18,"turns":3},{"damage":14,"enemies":"2 Thieves","floor":20,"turns":2},{"damage":2,"enemies":"Book of Stabbing","floor":24,"turns":4},{"damage":0,"enemies":"Centurion and Healer","floor":27,"turns":5},{"damage":7,"enemies":"Slavers","floor":28,"turns":4},{"damage":13,"enemies":"Sentry and Sphere","floor":31,"turns":4},{"damage":33,"enemies":"Collector","floor":33,"turns":8},{"damage":1,"enemies":"Orb Walker","floor":35,"turns":4},{"damage":0,"enemies":"3 Shapes","floor":36,"turns":4},{"damage":4,"enemies":"Jaw Worm Horde","floor":37,"turns":3},{"damage":0,"enemies":"Sphere and 2 Shapes","floor":38,"turns":4},{"damage":9,"enemies":"Maw","floor":39,"turns":7},{"damage":22,"enemies":"Spire Growth","floor":40,"turns":5},{"damage":37,"enemies":"Giant Head","floor":41,"turns":6}],"seed_played":"-4521971397235762174","potions_obtained":[{"floor":1,"key":"Swift Potion"},{"floor":4,"key":"SkillPotion"},{"floor":8,"key":"Ancient Potion"},{"floor":20,"key":"PowerPotion"},{"floor":31,"key":"Poison Potion"},{"floor":33,"key":"Poison Potion"}],"is_trial":false,"path_per_floor":["M","?","M","M","M","R","E","M","T","R","E","?","M","$","R","B",null,"M","?","M","?","?","R","E","R","T","M","E","T","$","M","R","B",null,"M","M","M","M","M","M","E"],"character_chosen":"THE_SILENT","items_purchased":["Bronze Scales","Caltrops","Ancient Potion","Explosive Potion"],"campfire_rested":2,"item_purchase_floors":[14,14,30,30],"current_hp_per_floor":[51,51,50,50,42,42,13,1,1,20,20,46,45,45,45,1,60,60,60,46,46,46,46,44,44,44,44,37,37,37,24,48,15,64,63,63,59,59,50,28,0],"gold":196,"neow_bonus":"TRANSFORM_CARD","is_prod":false,"is_daily":false,"chose_seed":false,"campfire_upgraded":4,"win_rate":0,"timestamp":1556887135,"path_taken":["M","?","M","M","M","R","E","M","T","R","E","?","M","$","R","BOSS","M","?","M","?","?","R","E","R","T","M","E","?","?","M","R","BOSS","M","M","M","M","M","M","E"],"build_version":"2019-01-23","purchased_purges":0,"victory":false,"max_hp_per_floor":[66,66,66,66,66,66,66,66,66,66,80,80,80,80,80,80,80,80,80,80,80,80,80,80,80,80,80,80,80,80,80,80,80,80,80,80,80,80,80,80,80],"card_choices":[{"not_picked":["Riddle With Holes","Endless Agony"],"picked":"Infinite Blades","floor":1},{"not_picked":["Outmaneuver","Dodge and Roll"],"picked":"Crippling Poison","floor":3},{"not_picked":["Concentrate","Acrobatics"],"picked":"Poisoned Stab","floor":4},{"not_picked":["Predator","Acrobatics","Outmaneuver"],"picked":"SKIP","floor":5},{"not_picked":["Blade Dance","Tactician"],"picked":"Dagger Spray","floor":7},{"not_picked":["Eviscerate+1","Setup"],"picked":"Cloak And Dagger","floor":8},{"not_picked":["Dagger Throw+1","Backstab+1"],"picked":"All Out Attack+1","floor":11},{"not_picked":["Concentrate","Dagger Spray+1","Quick Slash+1"],"picked":"SKIP","floor":13},{"not_picked":["Storm of Steel","A Thousand Cuts"],"picked":"Glass Knife+1","floor":16},{"not_picked":["Setup","Accuracy"],"picked":"Dodge and Roll","floor":18},{"not_picked":["Distraction","Infinite Blades","Finisher+1"],"picked":"SKIP","floor":20},{"not_picked":["Distraction","Infinite Blades","Finisher+1"],"picked":"SKIP","floor":20},{"not_picked":["Blade Dance","Dagger Spray+1"],"picked":"Blur","floor":24},{"not_picked":["Sucker Punch+1","Bouncing Flask"],"picked":"Poisoned Stab+1","floor":27},{"not_picked":["Deflect","Expertise"],"picked":"PiercingWail+1","floor":28},{"not_picked":["Prepared","Quick Slash+1"],"picked":"Poisoned Stab+1","floor":31},{"not_picked":["Venomology","Glass Knife+1"],"picked":"Tools of the Trade","floor":33},{"not_picked":["Heel Hook+1","Quick Slash+1"],"picked":"Terror","floor":35},{"not_picked":["Endless Agony+1","Cloak And Dagger+1"],"picked":"Bane+1","floor":36},{"not_picked":["Accuracy+1","Adrenaline"],"picked":"Crippling Poison","floor":37},{"not_picked":["Outmaneuver+1","Blade Dance+1"],"picked":"Leg Sweep","floor":38},{"not_picked":["All Out Attack+1","Dagger Throw+1"],"picked":"Backflip","floor":39},{"not_picked":["Backstab+1","Dagger Spray+1"],"picked":"PiercingWail","floor":40}],"player_experience":1939329,"relics_obtained":[{"floor":7,"key":"Molten Egg 2"},{"floor":9,"key":"Mercury Hourglass"},{"floor":11,"key":"Mango"},{"floor":24,"key":"Bag of Marbles"},{"floor":26,"key":"Tiny Chest"},{"floor":28,"key":"Smiling Mask"},{"floor":29,"key":"War Paint"}],"event_choices":[{"damage_healed":0,"gold_gain":0,"player_choice":"Grow","damage_taken":0,"max_hp_gain":0,"max_hp_loss":0,"event_name":"Living Wall","floor":2,"gold_loss":0,"cards_upgraded":["Neutralize"]},{"damage_healed":26,"gold_gain":0,"player_choice":"Banana","damage_taken":0,"max_hp_gain":0,"max_hp_loss":0,"event_name":"Big Fish","floor":12,"gold_loss":0},{"damage_healed":0,"gold_gain":0,"player_choice":"Read","damage_taken":0,"max_hp_gain":0,"max_hp_loss":0,"event_name":"The Library","floor":19,"gold_loss":0,"cards_obtained":["PiercingWail"]},{"damage_healed":0,"gold_gain":0,"player_choice":"Obtained Relic","damage_taken":0,"relics_obtained":["Mummified Hand"],"max_hp_gain":0,"max_hp_loss":0,"event_name":"Addict","floor":21,"gold_loss":85},{"damage_healed":0,"gold_gain":0,"player_choice":"Simplicity","damage_taken":0,"max_hp_gain":0,"max_hp_loss":0,"event_name":"Back to Basics","floor":22,"gold_loss":0,"cards_upgraded":["Defend_G","Defend_G","Defend_G","Defend_G","Defend_G","Strike_G","Strike_G","Strike_G","Strike_G"]}],"is_beta":false,"boss_relics":[{"not_picked":["Coffee Dripper","Empty Cage"],"picked":"Velvet Choker"},{"not_picked":["Pandora\u0027s Box","Tiny House"],"picked":"Sozu"}],"items_purged_floors":[],"is_endless":false,"potions_floor_spawned":[1,4,8,20,31,33,35,38,39,40],"killed_by":"Giant Head","ascension_level":20}