{"gold_per_floor":[109,109,39,50,5,39,39,57,57,57,57,57,57,91,91,190,190,205,71,3,23,23,23,23,37,111,124,124,124,24,37,37,37],"floor_reached":33,"playtime":1045,"items_purged":[],"score":266,"play_id":"a18a875e-8ee2-4453-8e30-24aabdb30ef1","local_time":"20190501200220","is_ascension_mode":true,"campfire_choices":[{"data":"Glass Knife","floor":7,"key":"SMITH"},{"floor":10,"key":"REST"},{"floor":15,"key":"REST"},{"floor":23,"key":"REST"},{"floor":28,"key":"REST"},{"data":"Deadly Poison","floor":32,"key":"SMITH"}],"neow_cost":"NONE","seed_source_timestamp":377132436825583,"circlet_count":0,"master_deck":["Defend_G","Defend_G","Strike_G","Strike_G","Survivor","Neutralize","Dash+1","Riddle With Holes+1","Prepared+1","Slice","Glass Knife+1","Finisher","Deadly Poison+1","Poisoned Stab","Dagger Spray","Bouncing Flask","A Thousand Cuts","Bullet Time","Blur+1","Noxious Fumes","Poisoned Stab+1","Tactician","Underhanded Strike+1","Dodge and Roll+1","Riddle With Holes+1","Bane+1","Slice+1"],"relics":["Astrolabe","Ninja Scroll","Molten Egg 2","Busted Crown","Incense Burner","Sundial"],"potions_floor_usage":[4,13,16,27,31],"damage_taken":[{"damage":4,"enemies":"Cultist","floor":1,"turns":3},{"damage":0,"enemies":"Jaw Worm","floor":4,"turns":1},{"damage":24,"enemies":"3 Sentries","floor":6,"turns":7},{"damage":0,"enemies":"2 Louse","floor":8,"turns":1},{"damage":0,"enemies":"Red Slaver","floor":13,"turns":1},{"damage":18,"enemies":"Lagavulin","floor":14,"turns":4},{"damage":62,"enemies":"The Guardian","floor":16,"turns":8},{"damage":0,"enemies":"Chosen","floor":18,"turns":3},{"damage":20,"enemies":"2 Thieves","floor":21,"turns":4},{"damage":16,"enemies":"Snake Plant","floor":25,"turns":3},{"damage":10,"enemies":"Snecko","floor":27,"turns":3},{"damage":2,"enemies":"Centurion and Healer","floor":31,"turns":5},{"damage":74,"enemies":"Automaton","floor":33,"turns":6}],"seed_played":"1049718432814791520","potions_obtained":[{"floor":1,"key":"AttackPotion"},{"floor":8,"key":"SmokeBomb"},{"floor":14,"key":"FearPotion"},{"floor":21,"key":"Energy Potion"},{"floor":27,"key":"GhostInAJar"}],"is_trial":false,"path_per_floor":["M","?","$","M","$","E","R","M","T","R","?","?","M","E","R","B",null,"M","$","?","M","$","R","$","M","T","M","R","?","$","M","R","B"],"character_chosen":"THE_SILENT","items_purchased":["Finisher","Poisoned Stab","Noxious Fumes","Poisoned Stab+1","Riddle With Holes+1","Bane+1"],"campfire_rested":4,"item_purchase_floors":[3,5,19,19,30,30],"current_hp_per_floor":[66,66,66,66,66,42,42,42,42,63,68,68,68,50,72,10,75,75,75,75,55,55,75,75,59,59,49,71,71,71,69,69,0],"gold":37,"neow_bonus":"BOSS_RELIC","is_prod":false,"is_daily":false,"chose_seed":false,"campfire_upgraded":2,"win_rate":0,"timestamp":1556766140,"path_taken":["M","?","$","M","?","E","R","M","T","R","?","?","?","E","R","BOSS","M","$","?","M","?","R","?","?","T","M","R","?","$","M","R","BOSS"],"build_version":"2019-01-23","purchased_purges":0,"victory":false,"max_hp_per_floor":[70,70,70,70,70,70,70,70,70,70,75,75,75,75,75,75,75,75,75,75,75,75,75,75,75,75,75,75,75,75,75,75,75],"card_choices":[{"not_picked":["Blade Dance","Prepared"],"picked":"Slice","floor":1},{"not_picked":["Dodge and Roll","Sucker Punch"],"picked":"Deadly Poison","floor":4},{"not_picked":["Quick Slash","All Out Attack"],"picked":"Dagger Spray","floor":6},{"not_picked":["Concentrate","Eviscerate"],"picked":"Bouncing Flask","floor":8},{"not_picked":["Underhanded Strike","Blade Dance"],"picked":"A Thousand Cuts","floor":14},{"not_picked":["Storm of Steel","Wraith Form v2"],"picked":"Bullet Time","floor":16},{"not_picked":[],"picked":"Blur+1","floor":18},{"not_picked":[],"picked":"Tactician","floor":21},{"not_picked":[],"picked":"Underhanded Strike+1","floor":25},{"not_picked":[],"picked":"Dodge and Roll+1","floor":27},{"not_picked":[],"picked":"Slice+1","floor":31}],"player_experience":524204,"relics_obtained":[{"floor":6,"key":"Ninja Scroll"},{"floor":14,"key":"Molten Egg 2"},{"floor":26,"key":"Sundial"}],"event_choices":[{"damage_healed":0,"gold_gain":0,"cards_transformed":["Defend_G"],"player_choice":"Transformed","damage_taken":0,"max_hp_gain":0,"max_hp_loss":0,"event_name":"Transmorgrifier","floor":2,"gold_loss":0,"cards_obtained":["Glass Knife"]},{"damage_healed":0,"gold_gain":0,"player_choice":"Donut","damage_taken":0,"max_hp_gain":5,"max_hp_loss":0,"event_name":"Big Fish","floor":11,"gold_loss":0},{"cards_removed":["Strike_G"],"damage_healed":0,"gold_gain":0,"player_choice":"Purged","damage_taken":0,"max_hp_gain":0,"max_hp_loss":0,"event_name":"Purifier","floor":12,"gold_loss":0},{"damage_healed":0,"gold_gain":0,"player_choice":"Paid Gold","damage_taken":0,"relics_obtained":["Incense Burner"],"max_hp_gain":0,"max_hp_loss":0,"event_name":"WeMeetAgain","floor":20,"gold_loss":68},{"cards_removed":["Defend_G"],"damage_healed":0,"gold_gain":0,"player_choice":"Elegance","damage_taken":0,"max_hp_gain":0,"max_hp_loss":0,"event_name":"Back to Basics","floor":29,"gold_loss":0}],"is_beta":false,"boss_relics":[{"not_picked":["HoveringKite","Runic Dome"],"picked":"Busted Crown"}],"items_purged_floors":[],"is_endless":false,"potions_floor_spawned":[1,8,13,14,21,27],"killed_by":"Automaton","ascension_level":1}