{"gold_per_floor":[114,18,18,18,37,37,37,37,87,125,144,144,163,38,38,163,163,182,182,201,6,6,6],"floor_reached":23,"playtime":619,"items_purged":["Concentrate","Writhe"],"score":187,"play_id":"44edc4bd-7b63-4a00-878a-f32d8f5c1a26","local_time":"20181119000133","daily_mods":["Chimera","Diverse","Binary"],"is_ascension_mode":false,"campfire_choices":[{"floor":6,"key":"REST"},{"floor":8,"key":"REST"},{"floor":12,"key":"REST"},{"floor":15,"key":"REST"}],"neow_cost":"","seed_source_timestamp":0,"circlet_count":0,"master_deck":["Bash+1","Survivor","Zap","Strike_R+1","Strike_G+1","Strike_B+1","Defend_R+1","Defend_G+1","Defend_B+1","Ball Lightning","Redo","Blade Dance","Rage","Phantasmal Killer","Cloak And Dagger","Thunderclap","PiercingWail"],"special_seed":17854,"relics":["Cracked Core","Golden Idol","Bag of Marbles","Centennial Puzzle","Inserter","Art of War"],"potions_floor_usage":[10,16,16,18],"damage_taken":[{"damage":16,"enemies":"Jaw Worm","floor":1,"turns":4},{"damage":4,"enemies":"Small Slimes","floor":5,"turns":3},{"damage":41,"enemies":"3 Sentries","floor":10,"turns":6},{"damage":2,"enemies":"2 Louse","floor":11,"turns":2},{"damage":6,"enemies":"2 Fungi Beasts","floor":13,"turns":2},{"damage":31,"enemies":"Slime Boss","floor":16,"turns":6},{"damage":36,"enemies":"2 Thieves","floor":18,"turns":5},{"damage":33,"enemies":"Shell Parasite","floor":20,"turns":4},{"damage":10,"enemies":"Shelled Parasite and Fungi","floor":23,"turns":2}],"seed_played":"-8230449717086533208","potions_obtained":[{"floor":5,"key":"Regen Potion"},{"floor":13,"key":"PowerPotion"},{"floor":16,"key":"Block Potion"}],"is_trial":false,"path_per_floor":["M","$","?","?","M","R","$","R","T","E","M","R","M","$","R","B",null,"M","?","M","$","?","M"],"character_chosen":"DEFECT","items_purchased":["Ball Lightning","Redo","AttackPotion","SteroidPotion","PiercingWail"],"campfire_rested":4,"item_purchase_floors":[2,2,14,21,21],"current_hp_per_floor":[59,59,44,26,22,44,44,66,66,40,38,60,54,54,75,44,75,39,39,6,6,6,0],"gold":6,"neow_bonus":"","is_prod":false,"is_daily":true,"chose_seed":false,"campfire_upgraded":0,"win_rate":0,"timestamp":1542614493,"path_taken":["M","$","?","?","M","R","?","R","T","E","M","R","M","?","R","BOSS","M","?","M","$","?","M"],"build_version":"2018-11-15","purchased_purges":2,"victory":false,"max_hp_per_floor":[75,75,75,75,75,75,75,75,75,75,75,75,75,75,75,75,75,75,75,75,75,75,75],"card_choices":[{"not_picked":["True Grit","Body Slam"],"picked":"SKIP","floor":1},{"not_picked":["Clash","Skim"],"picked":"SKIP","floor":5},{"not_picked":["Shrug It Off"],"picked":"Concentrate","floor":10},{"not_picked":["Concentrate"],"picked":"Blade Dance","floor":11},{"not_picked":["Heavy Blade"],"picked":"Rage","floor":13},{"not_picked":["Adrenaline"],"picked":"Phantasmal Killer","floor":16},{"not_picked":["Accuracy+1"],"picked":"Cloak And Dagger","floor":18},{"not_picked":["Reflex+1"],"picked":"Thunderclap","floor":20}],"player_experience":94590,"relics_obtained":[{"floor":9,"key":"Bag of Marbles"},{"floor":10,"key":"Centennial Puzzle"}],"event_choices":[{"damage_healed":0,"gold_gain":0,"player_choice":"Entered Light","damage_taken":15,"max_hp_gain":0,"max_hp_loss":0,"event_name":"Shining Light","floor":3,"gold_loss":0,"cards_upgraded":["Bash","Strike_B"]},{"damage_healed":0,"gold_gain":0,"player_choice":"Take Damage","damage_taken":18,"relics_obtained":["Golden Idol"],"max_hp_gain":0,"max_hp_loss":0,"event_name":"Golden Idol","floor":4,"gold_loss":0},{"damage_healed":0,"gold_gain":0,"player_choice":"Opened","damage_taken":0,"relics_obtained":["Art of War"],"max_hp_gain":0,"max_hp_loss":0,"event_name":"The Mausoleum","floor":19,"gold_loss":0,"cards_obtained":["Writhe"]},{"damage_healed":0,"gold_gain":0,"player_choice":"Simplicity","damage_taken":0,"max_hp_gain":0,"max_hp_loss":0,"event_name":"Back to Basics","floor":22,"gold_loss":0,"cards_upgraded":["Strike_R","Strike_G","Defend_R","Defend_G","Defend_B"]}],"is_beta":false,"boss_relics":[{"not_picked":["Empty Cage","Calling Bell"],"picked":"Inserter"}],"items_purged_floors":[14,21],"is_endless":false,"potions_floor_spawned":[5,13,16],"killed_by":"Shelled Parasite and Fungi","ascension_level":0}