{"gold_per_floor":[119,119,119,137,16,16,16,40,40,64,64,77,77,95,95,215,215,239,31,31,31,31,31],"floor_reached":23,"playtime":653,"items_purged":["Defend_B","White Noise"],"score":179,"play_id":"4bc9c4b2-4b26-44a1-91b2-fe59c469bc84","local_time":"20181110185008","is_ascension_mode":false,"campfire_choices":[{"floor":6,"key":"REST"},{"data":"Redo","floor":11,"key":"SMITH"},{"floor":15,"key":"REST"}],"neow_cost":"NONE","seed_source_timestamp":598186473756876,"circlet_count":0,"master_deck":["Strike_B","Strike_B","Strike_B","Defend_B+1","Defend_B","Defend_B","Zap+1","Dualcast","Conserve Battery","Gash","Streamline","Sweeping Beam","Redo+1","Ball Lightning","Beam Cell","Sunder","Lockon"],"relics":["Cracked Core","War Paint","Golden Idol","Matryoshka","Blood Vial","Bottled Flame","Calipers","Philosopher\u0027s Stone"],"potions_floor_usage":[10,10,16,21],"damage_taken":[{"damage":1,"enemies":"Cultist","floor":1,"turns":4},{"damage":0,"enemies":"Jaw Worm","floor":4,"turns":2},{"damage":0,"enemies":"2 Louse","floor":8,"turns":2},{"damage":0,"enemies":"Large Slime","floor":10,"turns":4},{"damage":5,"enemies":"2 Fungi Beasts","floor":12,"turns":3},{"damage":24,"enemies":"Exordium Thugs","floor":14,"turns":3},{"damage":40,"enemies":"Slime Boss","floor":16,"turns":9},{"damage":20,"enemies":"3 Byrds","floor":18,"turns":3},{"damage":35,"enemies":"Colosseum Slavers","floor":21,"turns":4},{"damage":26,"enemies":"Gremlin Leader","floor":23,"turns":4}],"seed_played":"7969313475770025042","potions_obtained":[{"floor":4,"key":"FocusPotion"},{"floor":8,"key":"Explosive Potion"},{"floor":14,"key":"Energy Potion"},{"floor":16,"key":"Energy Potion"}],"is_trial":false,"path_per_floor":["M","?","?","M","$","R","T","M","T","M","R","M","?","M","R","B",null,"M","$","?","?","$","E"],"character_chosen":"DEFECT","items_purchased":["Streamline","Sunder","Lockon"],"campfire_rested":2,"item_purchase_floors":[5,19,19],"current_hp_per_floor":[74,74,56,56,56,75,75,75,75,75,75,70,63,41,63,25,75,55,55,55,22,22,0],"gold":31,"neow_bonus":"RANDOM_COMMON_RELIC","is_prod":false,"is_daily":false,"chose_seed":false,"campfire_upgraded":1,"win_rate":0,"timestamp":1541904608,"path_taken":["M","?","?","?","$","R","?","M","T","M","R","?","?","M","R","BOSS","M","$","?","?","$","E"],"build_version":"2018-11-08","purchased_purges":2,"victory":false,"max_hp_per_floor":[75,75,75,75,75,75,75,75,75,75,75,75,75,75,75,75,75,75,75,75,75,75,75],"card_choices":[{"not_picked":["Turbo","Genetic Algorithm"],"picked":"Conserve Battery","floor":1},{"not_picked":["Leap","Heatsinks"],"picked":"Gash","floor":4},{"not_picked":["Self Repair","Leap"],"picked":"Sweeping Beam","floor":8},{"not_picked":["Chill","Compile Driver"],"picked":"Redo","floor":10},{"not_picked":["Coolheaded","Glacier"],"picked":"Ball Lightning","floor":12},{"not_picked":["Reprogram","Leap"],"picked":"Beam Cell","floor":14},{"not_picked":["Leap","Steam"],"picked":"White Noise","floor":18}],"player_experience":89975,"relics_obtained":[{"floor":7,"key":"Matryoshka"},{"floor":9,"key":"Blood Vial"},{"floor":9,"key":"Bottled Flame"}],"event_choices":[{"cards_removed":["Strike_B"],"damage_healed":0,"gold_gain":0,"player_choice":"Forget","damage_taken":0,"max_hp_gain":0,"max_hp_loss":0,"event_name":"Living Wall","floor":2,"gold_loss":0},{"damage_healed":0,"gold_gain":0,"player_choice":"Take Damage","damage_taken":18,"relics_obtained":["Golden Idol"],"max_hp_gain":0,"max_hp_loss":0,"event_name":"Golden Idol","floor":3,"gold_loss":0},{"damage_healed":0,"gold_gain":0,"player_choice":"Success","damage_taken":7,"relics_obtained":["Calipers"],"max_hp_gain":0,"max_hp_loss":0,"event_name":"Scrap Ooze","floor":13,"gold_loss":0},{"damage_healed":0,"gold_gain":0,"player_choice":"Fight","damage_taken":0,"max_hp_gain":0,"max_hp_loss":0,"event_name":"Colosseum","floor":21,"gold_loss":0},{"damage_healed":0,"gold_gain":0,"player_choice":"Fled From Nobs","damage_taken":0,"max_hp_gain":0,"max_hp_loss":0,"event_name":"Colosseum","floor":21,"gold_loss":0}],"is_beta":false,"boss_relics":[{"not_picked":["Black Star","Runic Dome"],"picked":"Philosopher\u0027s Stone"}],"items_purged_floors":[5,19],"is_endless":false,"potions_floor_spawned":[4,8,14,16,21],"killed_by":"Gremlin Leader","ascension_level":0}