{"gold_per_floor":[112,127,140,140,158,158,185,202,254,281,281,193,208,129,129,233,233,251,262,275,302,302],"floor_reached":22,"playtime":2035,"items_purged":[],"score":248,"play_id":"6eae7165-3d03-4eee-9547-9cbef9b13097","local_time":"20190504230452","is_ascension_mode":false,"campfire_choices":[{"floor":6,"key":"RECALL"},{"floor":15,"key":"REST"}],"neow_cost":"NONE","seed_source_timestamp":108610811181639,"circlet_count":0,"master_deck":["Strike_B","Strike_B+1","Strike_B+1","Strike_B","Defend_B","Defend_B","Defend_B","Defend_B","Zap+1","Dualcast","Loop","Conserve Battery","Hologram","Reboot","Self Repair","Capacitor","Seek","Hologram+1","Tempest","Streamline+1"],"relics":["Cracked Core","FossilizedHelix","Singing Bowl","Ancient Tea Set","Inserter","Lantern"],"potions_floor_usage":[10,10,10,16,22],"damage_taken":[{"damage":1,"enemies":"Jaw Worm","floor":1,"turns":4},{"damage":2,"enemies":"Small Slimes","floor":2,"turns":3},{"damage":2,"enemies":"2 Louse","floor":3,"turns":3},{"damage":1,"enemies":"Red Slaver","floor":5,"turns":4},{"damage":30,"enemies":"3 Sentries","floor":7,"turns":8},{"damage":0,"enemies":"3 Louse","floor":8,"turns":3},{"damage":6,"enemies":"Lagavulin","floor":10,"turns":7},{"damage":0,"enemies":"Exordium Thugs","floor":13,"turns":3},{"damage":0,"enemies":"Slime Boss","floor":16,"turns":7},{"damage":36,"enemies":"Shell Parasite","floor":18,"turns":12},{"damage":12,"enemies":"Spheric Guardian","floor":19,"turns":4},{"damage":31,"enemies":"Chosen and Byrds","floor":20,"turns":7},{"damage":31,"enemies":"Shelled Parasite and Fungi","floor":22,"turns":4}],"seed_played":"6837340860785453923","potions_obtained":[{"floor":2,"key":"FocusPotion"},{"floor":5,"key":"FocusPotion"},{"floor":8,"key":"LiquidBronze"},{"floor":13,"key":"AttackPotion"},{"floor":16,"key":"SteroidPotion"}],"is_trial":false,"path_per_floor":["M","M","M","?","M","R","E","M","T","E","?","?","M","$","R","B",null,"M","M","M","T","M"],"character_chosen":"DEFECT","items_purchased":["Capacitor"],"campfire_rested":1,"item_purchase_floors":[14],"current_hp_per_floor":[74,72,70,70,69,69,39,39,39,35,20,20,20,20,43,50,77,48,43,19,19,0],"gold":302,"neow_bonus":"UPGRADE_CARD","is_prod":false,"is_daily":false,"chose_seed":false,"campfire_upgraded":0,"win_rate":0,"timestamp":1557003892,"path_taken":["M","M","M","?","M","R","E","M","T","E","?","?","M","$","R","BOSS","M","M","M","?","M"],"build_version":"2019-01-23","purchased_purges":0,"victory":false,"max_hp_per_floor":[75,75,75,75,75,75,75,75,75,77,77,77,77,77,77,77,77,77,77,77,77,77],"card_choices":[{"not_picked":["Gash","Ball Lightning","Steam Power"],"picked":"SKIP","floor":1},{"not_picked":["Redo","Cold Snap"],"picked":"Loop","floor":2},{"not_picked":["Compile Driver","Rip and Tear"],"picked":"Conserve Battery","floor":3},{"not_picked":["Sweeping Beam","Cold Snap","Go for the Eyes"],"picked":"SKIP","floor":5},{"not_picked":["Turbo","Compile Driver"],"picked":"Hologram","floor":7},{"not_picked":["Cold Snap","FTL"],"picked":"Reboot","floor":8},{"not_picked":["Coolheaded","Melter","Recycle"],"picked":"Singing Bowl","floor":10},{"not_picked":["Rebound","Gash"],"picked":"Self Repair","floor":13},{"not_picked":["Rainbow","Biased Cognition"],"picked":"Seek","floor":16},{"not_picked":["Ball Lightning","Cold Snap"],"picked":"Hologram+1","floor":18},{"not_picked":["Rebound","Compile Driver"],"picked":"Tempest","floor":19},{"not_picked":["Sweeping Beam","Go for the Eyes"],"picked":"Streamline+1","floor":20}],"player_experience":179242,"relics_obtained":[{"floor":7,"key":"FossilizedHelix"},{"floor":10,"key":"Singing Bowl"},{"floor":21,"key":"Lantern"}],"event_choices":[{"damage_healed":0,"gold_gain":0,"player_choice":"Ignored","damage_taken":0,"max_hp_gain":0,"max_hp_loss":0,"event_name":"Liars Game","floor":4,"gold_loss":0},{"damage_healed":0,"gold_gain":0,"player_choice":"Entered Light","damage_taken":15,"max_hp_gain":0,"max_hp_loss":0,"event_name":"Shining Light","floor":11,"gold_loss":0,"cards_upgraded":["Strike_B","Strike_B"]},{"damage_healed":0,"gold_gain":0,"player_choice":"Paid Gold","damage_taken":0,"relics_obtained":["Ancient Tea Set"],"max_hp_gain":0,"max_hp_loss":0,"event_name":"WeMeetAgain","floor":12,"gold_loss":88}],"is_beta":false,"boss_relics":[{"not_picked":["Eternal Feather","Empty Cage"],"picked":"Inserter"}],"items_purged_floors":[],"is_endless":false,"potions_floor_spawned":[2,5,8,13,16],"killed_by":"Shelled Parasite and Fungi","ascension_level":0}