{"gold_per_floor":[119,119,14,14,33,33,51,51,103,103,114,148,207,240,240,340,340,350,0,18,35,35,35,35],"floor_reached":24,"playtime":1902,"items_purged":[],"score":204,"play_id":"d9de2e59-9d9e-4f93-be01-bf93f3b660fc","local_time":"20180813232424","is_ascension_mode":false,"campfire_choices":[{"floor":6,"key":"REST"},{"data":"Bash","floor":8,"key":"SMITH"},{"data":"Power Through","floor":10,"key":"SMITH"},{"floor":15,"key":"REST"}],"neow_cost":"","seed_source_timestamp":607082592254798,"circlet_count":0,"master_deck":["Strike_R","Strike_R","Strike_R","Strike_R","Strike_R","Defend_R","Defend_R+1","Defend_R+1","Defend_R","Bash+1","Uppercut","Warcry","Power Through+1","Battle Trance","Pummel","Sword Boomerang","Feed","Metallicize","Cleave","Cleave","Fiend Fire","Twin Strike+1","Dramatic Entrance","Combust","Clothesline","Shrug It Off","Armaments","Anger","Sword Boomerang","Clothesline","Decay"],"relics":["Burning Blood","Bag of Marbles","Strawberry","Dream Catcher","War Paint","Gambling Chip","Runic Pyramid"],"potions_floor_usage":[14,14],"damage_taken":[{"damage":22,"enemies":"Small Slimes","floor":1,"turns":4},{"damage":13,"enemies":"2 Louse","floor":5,"turns":2},{"damage":4,"enemies":"Cultist","floor":7,"turns":4},{"damage":5,"enemies":"Looter","floor":11,"turns":3},{"damage":24,"enemies":"Gremlin Nob","floor":12,"turns":5},{"damage":29,"enemies":"Gremlin Nob","floor":13,"turns":4},{"damage":18,"enemies":"Lagavulin","floor":14,"turns":7},{"damage":44,"enemies":"The Guardian","floor":16,"turns":11},{"damage":10,"enemies":"Spheric Guardian","floor":18,"turns":3},{"damage":30,"enemies":"3 Byrds","floor":20,"turns":4},{"damage":56,"enemies":"Snake Plant","floor":21,"turns":6},{"damage":16,"enemies":"Slavers","floor":24,"turns":1}],"seed_played":"8742788430950730554","potions_obtained":[{"floor":5,"key":"Energy Potion"},{"floor":12,"key":"AttackPotion"},{"floor":13,"key":"SpeedPotion"},{"floor":13,"key":"LiquidBronze"},{"floor":21,"key":"Explosive Potion"}],"is_trial":false,"path_per_floor":["M","?","$","?","M","R","M","R","T","R","M","E","?","E","R","B",null,"M","$","M","M","?","?"],"character_chosen":"IRONCLAD","items_purchased":["Warcry","Power Through","Dramatic Entrance","Combust","Clothesline","Shrug It Off","Armaments","Anger"],"campfire_rested":2,"item_purchase_floors":[3,3,19,19,19,19,19,19],"current_hp_per_floor":[64,80,80,68,61,80,80,80,87,87,87,69,46,34,60,22,87,83,83,62,12,12,12,0],"gold":35,"neow_bonus":"","is_prod":false,"is_daily":false,"chose_seed":false,"campfire_upgraded":2,"win_rate":0.0,"timestamp":1534227864,"path_taken":["M","?","$","?","?","R","M","R","T","R","M","E","?","E","R","BOSS","M","$","M","M","?","?","E"],"build_version":"2018-08-09","purchased_purges":0,"victory":false,"max_hp_per_floor":[80,80,80,80,80,80,80,80,87,87,87,87,87,87,87,87,87,87,87,90,90,90,90,90],"card_choices":[{"not_picked":["Clash","Perfected Strike"],"picked":"Uppercut","floor":1},{"not_picked":["Second Wind","Pummel"],"picked":"Battle Trance","floor":5},{"not_picked":["Disarm","Armaments"],"picked":"Pummel","floor":7},{"not_picked":["Flex","Rampage"],"picked":"Sword Boomerang","floor":11},{"not_picked":["True Grit","Second Wind"],"picked":"Feed","floor":12},{"not_picked":["Pommel Strike","Headbutt"],"picked":"Metallicize","floor":13},{"not_picked":["Shrug It Off","Second Wind"],"picked":"Cleave","floor":14},{"not_picked":["Flex","Entrench"],"picked":"Cleave","floor":15},{"not_picked":["Demon Form","Impervious"],"picked":"Fiend Fire","floor":16},{"not_picked":["Cleave","Shrug It Off"],"picked":"Twin Strike+1","floor":18},{"not_picked":["Rupture","Blood for Blood"],"picked":"Sword Boomerang","floor":20},{"not_picked":["Sword Boomerang","Feel No Pain"],"picked":"Clothesline","floor":21}],"player_experience":0,"relics_obtained":[{"floor":9,"key":"Strawberry"},{"floor":12,"key":"Dream Catcher"},{"floor":13,"key":"War Paint"},{"floor":14,"key":"Gambling Chip"}],"event_choices":[{"event_name":"Big Fish","player_choice":"Banana","floor":2,"damage_taken":0},{"event_name":"Scrap Ooze","player_choice":"success","floor":4,"damage_taken":12},{"event_name":"Dead Adventurer","player_choice":"Searched \u00272\u0027 times","floor":13,"damage_taken":0},{"event_name":"Drug Dealer","player_choice":"Ignored","floor":22,"damage_taken":0},{"event_name":"Forgotten Altar","player_choice":"Smashed Altar","floor":23,"damage_taken":0}],"is_beta":false,"boss_relics":[{"not_picked":["Calling Bell","Empty Cage"],"picked":"Runic Pyramid"}],"items_purged_floors":[],"is_endless":false,"potions_floor_spawned":[5,12,13,13,21],"killed_by":"Slavers","ascension_level":0}