{"gold_per_floor":[115,95,114,134,134,160,160,2,2,28,28,45,60,78,78,153,153,125,142,67,86,104,114,114,59,59,74,90,90,105,125,125,202,202,222,58,73,20,20,20,20],"floor_reached":41,"playtime":1682,"items_purged":["Regret"],"score":1348,"play_id":"ccd8f692-a11e-43be-97c4-37cc40ac8a8f","local_time":"20190501004724","is_ascension_mode":true,"campfire_choices":[{"data":"Defragment","floor":7,"key":"SMITH"},{"floor":15,"key":"REST"},{"floor":24,"key":"REST"},{"floor":32,"key":"REST"}],"neow_cost":"NONE","seed_source_timestamp":3757112277732262,"circlet_count":0,"master_deck":["AscendersBane","Strike_B","Strike_B","Strike_B","Defend_B","Defend_B","Defend_B","Defend_B","Zap","Dualcast","Cold Snap","Streamline","Defragment+1","Echo Form","Cold Snap","Reinforced Body","Chill","Gash","Stack+1","Coolheaded","Leap","Compile Driver","Defragment","Undo+1","Conserve Battery","Buffer","Cold Snap","Gash"],"relics":["FrozenCore","PreservedInsect","Omamori","Pen Nib","Symbiotic Virus","Odd Mushroom","Mercury Hourglass","Velvet Choker","Shuriken"],"potions_floor_usage":[10,16,21,23,28,33,33,35,37,37,40,41],"damage_taken":[{"damage":0,"enemies":"2 Louse","floor":1,"turns":3},{"damage":1,"enemies":"Cultist","floor":3,"turns":3},{"damage":5,"enemies":"Small Slimes","floor":4,"turns":4},{"damage":27,"enemies":"3 Sentries","floor":6,"turns":6},{"damage":7,"enemies":"The Mushroom Lair","floor":10,"turns":3},{"damage":6,"enemies":"3 Louse","floor":12,"turns":2},{"damage":6,"enemies":"Looter","floor":13,"turns":3},{"damage":0,"enemies":"Exordium Wildlife","floor":14,"turns":2},{"damage":0,"enemies":"Slime Boss","floor":16,"turns":6},{"damage":13,"enemies":"2 Thieves","floor":18,"turns":4},{"damage":0,"enemies":"3 Byrds","floor":19,"turns":5},{"damage":12,"enemies":"Snake Plant","floor":21,"turns":5},{"damage":9,"enemies":"Chosen and Byrds","floor":22,"turns":8},{"damage":22,"enemies":"Centurion and Healer","floor":23,"turns":5},{"damage":0,"enemies":"Snecko","floor":27,"turns":7},{"damage":9,"enemies":"Snake Plant","floor":28,"turns":3},{"damage":4,"enemies":"3 Cultists","floor":30,"turns":6},{"damage":7,"enemies":"Centurion and Healer","floor":31,"turns":8},{"damage":0,"enemies":"Champ","floor":33,"turns":13},{"damage":3,"enemies":"Orb Walker","floor":35,"turns":4},{"damage":0,"enemies":"3 Shapes","floor":37,"turns":6},{"damage":55,"enemies":"Time Eater","floor":40,"turns":15},{"damage":14,"enemies":"Donu and Deca","floor":41,"turns":2}],"seed_played":"6170470628734381136","potions_obtained":[{"floor":1,"key":"FocusPotion"},{"floor":2,"key":"AttackPotion"},{"floor":10,"key":"FocusPotion"},{"floor":19,"key":"Weak Potion"},{"floor":22,"key":"PowerPotion"},{"floor":31,"key":"PowerPotion"},{"floor":33,"key":"Regen Potion"},{"floor":37,"key":"SpeedPotion"}],"is_trial":false,"path_per_floor":["M","?","M","M","?","E","R","$","T","?","T","M","M","M","R","B",null,"M","M","?","M","M","M","R","$","T","M","M","?","M","M","R","B",null,"M","$","M","$","?","B","B"],"character_chosen":"DEFECT","items_purchased":["Echo Form","SkillPotion","Gash","EntropicBrew","Explosive Potion"],"campfire_rested":3,"item_purchase_floors":[8,25,36,36,38],"current_hp_per_floor":[64,64,63,58,58,31,31,31,31,24,24,18,12,12,33,33,62,49,49,49,37,28,6,27,27,27,27,18,18,14,7,28,28,60,69,69,69,69,69,14,0],"gold":20,"neow_bonus":"RANDOM_COMMON_RELIC","is_prod":false,"is_daily":false,"chose_seed":false,"campfire_upgraded":1,"win_rate":0,"timestamp":1556668044,"path_taken":["M","?","?","M","?","E","R","$","T","?","?","M","M","?","R","BOSS","M","M","?","M","M","M","R","$","T","M","M","?","?","M","R","BOSS","M","?","M","$","?","BOSS","BOSS"],"build_version":"2019-01-23","purchased_purges":1,"victory":false,"max_hp_per_floor":[71,71,71,71,71,71,71,71,71,71,71,71,71,71,71,71,71,71,71,71,71,71,71,71,71,71,71,71,71,71,71,71,71,71,71,71,71,71,71,71,71],"card_choices":[{"not_picked":["Darkness","Steam"],"picked":"Cold Snap","floor":1},{"not_picked":["Auto Shields","Stack"],"picked":"Streamline","floor":3},{"not_picked":["Sunder","Storm","Sweeping Beam"],"picked":"SKIP","floor":4},{"not_picked":["Blizzard","Consume"],"picked":"Defragment","floor":6},{"not_picked":["Leap","Ball Lightning"],"picked":"Cold Snap","floor":10},{"not_picked":["Ball Lightning","Sweeping Beam"],"picked":"Reinforced Body","floor":12},{"not_picked":["Conserve Battery","Genetic Algorithm"],"picked":"Chill","floor":13},{"not_picked":["Rebound","Stack"],"picked":"Gash","floor":14},{"not_picked":["Hologram","Rebound+1"],"picked":"Stack+1","floor":18},{"not_picked":["Consume+1","Heatsinks"],"picked":"Coolheaded","floor":19},{"not_picked":["Hologram","Redo"],"picked":"Leap","floor":21},{"not_picked":["Streamline","Sunder"],"picked":"Compile Driver","floor":22},{"not_picked":["Steam","Heatsinks"],"picked":"Defragment","floor":23},{"not_picked":["Doom and Gloom","Blizzard","Streamline"],"picked":"SKIP","floor":27},{"not_picked":["Doom and Gloom","Storm"],"picked":"Undo+1","floor":28},{"not_picked":["Go for the Eyes","Chaos"],"picked":"Conserve Battery","floor":30},{"not_picked":["Recycle","Skim","Fission"],"picked":"SKIP","floor":31},{"not_picked":["Biased Cognition","Core Surge"],"picked":"Buffer","floor":33},{"not_picked":["Heatsinks","Turbo+1"],"picked":"Cold Snap","floor":35},{"not_picked":["Turbo","Streamline","Barrage+1"],"picked":"SKIP","floor":37}],"player_experience":759300,"relics_obtained":[{"floor":6,"key":"Pen Nib"},{"floor":9,"key":"Symbiotic Virus"},{"floor":10,"key":"Odd Mushroom"},{"floor":11,"key":"Mercury Hourglass"},{"floor":26,"key":"Shuriken"}],"event_choices":[{"damage_healed":0,"gold_gain":0,"player_choice":"Bought 1 Potion","damage_taken":0,"max_hp_gain":0,"max_hp_loss":0,"event_name":"The Woman in Blue","floor":2,"gold_loss":0},{"damage_healed":0,"gold_gain":0,"player_choice":"Box","damage_taken":0,"relics_obtained":["Omamori"],"max_hp_gain":0,"max_hp_loss":0,"event_name":"Big Fish","floor":5,"gold_loss":0,"cards_obtained":["Regret"]},{"damage_healed":0,"gold_gain":0,"player_choice":"Fought Mushrooms","damage_taken":0,"max_hp_gain":0,"max_hp_loss":0,"event_name":"Mushrooms","floor":10,"gold_loss":0},{"cards_removed":["Strike_B"],"damage_healed":0,"gold_gain":0,"player_choice":"Gave Gold","damage_taken":0,"max_hp_gain":0,"max_hp_loss":0,"event_name":"Beggar","floor":20,"gold_loss":75},{"damage_healed":0,"gold_gain":0,"player_choice":"Ignored","damage_taken":0,"max_hp_gain":0,"max_hp_loss":0,"event_name":"Cursed Tome","floor":29,"gold_loss":0},{"damage_healed":0,"gold_gain":0,"player_choice":"Took Portal","damage_taken":0,"max_hp_gain":0,"max_hp_loss":0,"event_name":"SecretPortal","floor":39,"gold_loss":0}],"is_beta":false,"boss_relics":[{"not_picked":["Lizard Tail","Eternal Feather"],"picked":"Velvet Choker"},{"not_picked":["Philosopher\u0027s Stone","Tiny House"],"picked":"FrozenCore"}],"items_purged_floors":[8],"is_endless":false,"potions_floor_spawned":[1,3,6,10,14,19,22,27,31,33,37],"killed_by":"Donu and Deca","ascension_level":20}