{"gold_per_floor":[114,129,129,144,144,144,174,189,189,39,39,39,39,54,54,154,154,79,79,94,109,2,2,17,32,32,32,32,32,32],"floor_reached":30,"playtime":1479,"items_purged":[],"score":252,"play_id":"86df7c2d-b245-43b6-a3fe-827ddeec1442","local_time":"20190408214137","daily_mods":["Specialized","ControlledChaos","Terminal"],"is_ascension_mode":false,"campfire_choices":[{"data":"Dualcast","floor":6,"key":"SMITH"},{"floor":11,"key":"REST"},{"data":"Glacier","floor":15,"key":"SMITH"},{"floor":23,"key":"REST"},{"floor":27,"key":"REST"},{"floor":29,"key":"REST"}],"neow_cost":"","seed_source_timestamp":0,"circlet_count":0,"master_deck":["Strike_B+1","Strike_B","Strike_B","Strike_B","Defend_B","Defend_B","Defend_B","Defend_B","Zap+1","Dualcast+1","Glacier+1","Glacier","Glacier","Glacier","Glacier","Lockon","Amplify+1","Defragment","Blizzard"],"special_seed":17995,"relics":["Cracked Core","Frozen Eye","Smiling Mask","Ornamental Fan","DataDisk","Runic Pyramid","Incense Burner","Spirit Poop"],"potions_floor_usage":[7,14,18,21,24,25],"damage_taken":[{"damage":0,"enemies":"2 Louse","floor":1,"turns":4},{"damage":0,"enemies":"Small Slimes","floor":2,"turns":4},{"damage":1,"enemies":"Jaw Worm","floor":4,"turns":5},{"damage":3,"enemies":"Lagavulin","floor":7,"turns":7},{"damage":0,"enemies":"Blue Slaver","floor":8,"turns":4},{"damage":0,"enemies":"Red Slaver","floor":14,"turns":5},{"damage":17,"enemies":"Slime Boss","floor":16,"turns":13},{"damage":0,"enemies":"2 Thieves","floor":18,"turns":5},{"damage":10,"enemies":"Chosen","floor":20,"turns":9},{"damage":8,"enemies":"Shelled Parasite and Fungi","floor":21,"turns":10},{"damage":33,"enemies":"3 Cultists","floor":24,"turns":11},{"damage":16,"enemies":"Snecko","floor":25,"turns":8},{"damage":0,"enemies":"Centurion and Healer","floor":30,"turns":7}],"seed_played":"2658435093552272744","potions_obtained":[{"floor":4,"key":"Ancient Potion"},{"floor":7,"key":"Ancient Potion"},{"floor":8,"key":"PowerPotion"},{"floor":16,"key":"Energy Potion"},{"floor":20,"key":"Energy Potion"},{"floor":21,"key":"EssenceOfSteel"}],"is_trial":false,"path_per_floor":["M","M","?","M","?","R","E","M","T","$","R","?","?","M","R","B",null,"M","?","M","M","$","R","M","M","T","R","?","R","M"],"character_chosen":"DEFECT","items_purchased":["DataDisk","Defragment","Blizzard"],"campfire_rested":4,"item_purchase_floors":[10,22,22],"current_hp_per_floor":[73,72,58,57,57,57,54,54,54,54,63,62,61,60,59,42,57,56,55,45,37,37,51,18,2,2,16,16,28,28],"gold":32,"neow_bonus":"","is_prod":false,"is_daily":true,"chose_seed":false,"campfire_upgraded":2,"win_rate":0,"timestamp":1554784897,"path_taken":["M","M","?","M","?","R","E","M","T","$","R","?","?","?","R","BOSS","M","?","M","?","$","R","M","M","T","R","?","R","?"],"build_version":"2019-01-23","purchased_purges":0,"victory":false,"max_hp_per_floor":[73,72,71,70,69,68,67,66,65,64,63,62,61,60,59,58,57,56,55,54,53,52,51,50,49,48,47,43,42,42],"card_choices":[{"not_picked":["Compile Driver","Conserve Battery","Barrage"],"picked":"SKIP","floor":1},{"not_picked":["Turbo","Ball Lightning"],"picked":"Lockon","floor":2},{"not_picked":["Chaos","Cold Snap","Gash"],"picked":"SKIP","floor":4},{"not_picked":["FTL","BootSequence","Undo"],"picked":"SKIP","floor":7},{"not_picked":["Heatsinks","Hologram","Conserve Battery"],"picked":"SKIP","floor":8},{"not_picked":["Steam","Beam Cell","Streamline"],"picked":"SKIP","floor":14},{"not_picked":["Seek","Thunder Strike"],"picked":"Amplify","floor":16},{"not_picked":["Cold Snap+1","Double Energy","Glacier"],"picked":"SKIP","floor":18},{"not_picked":["Stack+1","BootSequence","Turbo+1"],"picked":"SKIP","floor":20},{"not_picked":["Ball Lightning","Streamline+1","Conserve Battery"],"picked":"SKIP","floor":21},{"not_picked":["Leap+1","FTL","Buffer"],"picked":"SKIP","floor":24},{"not_picked":["Blizzard","Leap","Turbo"],"picked":"SKIP","floor":25}],"player_experience":410550,"relics_obtained":[{"floor":7,"key":"Smiling Mask"},{"floor":9,"key":"Ornamental Fan"},{"floor":26,"key":"Incense Burner"}],"event_choices":[{"damage_healed":0,"gold_gain":0,"player_choice":"Entered Light","damage_taken":14,"max_hp_gain":0,"max_hp_loss":0,"event_name":"Shining Light","floor":3,"gold_loss":0,"cards_upgraded":["Zap","Strike_B"]},{"damage_healed":0,"gold_gain":0,"player_choice":"Ignored","damage_taken":0,"max_hp_gain":0,"max_hp_loss":0,"event_name":"Golden Idol","floor":5,"gold_loss":0},{"damage_healed":15,"gold_gain":0,"player_choice":"Healed and dodged fight","damage_taken":0,"max_hp_gain":0,"max_hp_loss":0,"event_name":"Mushrooms","floor":12,"gold_loss":0,"cards_obtained":["Parasite"]},{"damage_healed":0,"gold_gain":0,"player_choice":"Leave","damage_taken":0,"max_hp_gain":0,"max_hp_loss":0,"event_name":"The Cleric","floor":13,"gold_loss":0},{"damage_healed":0,"gold_gain":0,"player_choice":"Upgraded","damage_taken":0,"max_hp_gain":0,"max_hp_loss":0,"event_name":"Upgrade Shrine","floor":19,"gold_loss":0,"cards_upgraded":["Amplify"]},{"cards_removed":["Parasite"],"damage_healed":0,"gold_gain":0,"player_choice":"Offered Curse","damage_taken":0,"relics_obtained":["Spirit Poop"],"max_hp_gain":0,"max_hp_loss":0,"event_name":"Bonfire Elementals","floor":28,"gold_loss":0}],"is_beta":false,"boss_relics":[{"not_picked":["Pandora\u0027s Box","Coffee Dripper"],"picked":"Runic Pyramid"}],"items_purged_floors":[],"is_endless":false,"potions_floor_spawned":[4,7,8,16,20,21],"killed_by":"Centurion and Healer","ascension_level":0}