{"gold_per_floor":[209,209,222,222,237,237,252,252,302,312,312,323,349,349,349,423,423,442,54,54,70,88,88,122,133,133,133,10,27,27,39,39,116,116,130,41,58,72,72,72,105,105,105,117,130,140,140,20,20,20],"floor_reached":51,"playtime":6975,"items_purged":["Bullet Time","Storm of Steel"],"score":1139,"play_id":"ad215f30-4c07-4ab4-b309-2a99efbf4226","local_time":"20190425194945","is_ascension_mode":true,"campfire_choices":[{"data":"Neutralize","floor":6.0,"key":"SMITH"},{"data":"Quick Slash","floor":8.0,"key":"SMITH"},{"data":"Well Laid Plans","floor":11.0,"key":"SMITH"},{"floor":15.0,"key":"REST"},{"floor":23.0,"key":"REST"},{"floor":27.0,"key":"REST"},{"floor":30.0,"key":"REST"},{"floor":32.0,"key":"REST"},{"floor":40.0,"key":"REST"},{"floor":42.0,"key":"REST"},{"floor":49.0,"key":"REST"}],"neow_cost":"NONE","seed_source_timestamp":1344414785845040,"circlet_count":0,"master_deck":["AscendersBane","Survivor","Neutralize+1","Quick Slash+1","Well Laid Plans+1","Poisoned Stab+1","Bullet Time","Skewer","Expertise","Malaise","Die Die Die","Crippling Poison","Dagger Spray","Crippling Poison","Cloak And Dagger","PiercingWail+1","Cloak And Dagger","Noxious Fumes","Dodge and Roll","Adrenaline","Deadly Poison","Leg Sweep","Bandage Up","Burst","Bane+1","Blur","PiercingWail","Blur","Cloak And Dagger+1","After Image","PiercingWail+1"],"special_seed":0,"relics":["Ring of the Snake","Smiling Mask","Whetstone","Letter Opener","Nloth\u0027s Gift","Centennial Puzzle","Lantern","Runic Pyramid","Toxic Egg 2","Darkstone Periapt"],"potions_floor_usage":[50],"damage_taken":[{"damage":0.0,"enemies":"2 Louse","floor":1.0,"turns":5.0},{"damage":3.0,"enemies":"Jaw Worm","floor":3.0,"turns":7.0},{"damage":1.0,"enemies":"Small Slimes","floor":5.0,"turns":4.0},{"damage":3.0,"enemies":"Blue Slaver","floor":7.0,"turns":4.0},{"damage":0.0,"enemies":"Red Slaver","floor":10.0,"turns":5.0},{"damage":4.0,"enemies":"3 Louse","floor":12.0,"turns":5.0},{"damage":17.0,"enemies":"Gremlin Nob","floor":13.0,"turns":4.0},{"damage":21.0,"enemies":"The Guardian","floor":16.0,"turns":13.0},{"damage":0.0,"enemies":"3 Byrds","floor":18.0,"turns":3.0},{"damage":18.0,"enemies":"Spheric Guardian","floor":21.0,"turns":4.0},{"damage":3.0,"enemies":"Chosen and Byrds","floor":22.0,"turns":5.0},{"damage":46.0,"enemies":"Slavers","floor":24.0,"turns":5.0},{"damage":8.0,"enemies":"Shelled Parasite and Fungi","floor":25.0,"turns":7.0},{"damage":9.0,"enemies":"Centurion and Healer","floor":29.0,"turns":6.0},{"damage":12.0,"enemies":"Snake Plant","floor":31.0,"turns":5.0},{"damage":40.0,"enemies":"Collector","floor":33.0,"turns":11.0},{"damage":16.0,"enemies":"Orb Walker","floor":35.0,"turns":5.0},{"damage":16.0,"enemies":"3 Shapes","floor":37.0,"turns":2.0},{"damage":30.0,"enemies":"Transient","floor":38.0,"turns":5.0},{"damage":21.0,"enemies":"Nemesis","floor":41.0,"turns":9.0},{"damage":16.0,"enemies":"4 Shapes","floor":44.0,"turns":5.0},{"damage":17.0,"enemies":"Maw","floor":45.0,"turns":11.0},{"damage":16.0,"enemies":"Transient","floor":46.0,"turns":5.0},{"damage":44,"enemies":"Donu and Deca","floor":50,"turns":10}],"seed_played":"-4679900089604816602","potions_obtained":[{"floor":10.0,"key":"Energy Potion"},{"floor":12.0,"key":"SpeedPotion"},{"floor":16.0,"key":"SkillPotion"},{"floor":18.0,"key":"SteroidPotion"},{"floor":21.0,"key":"SkillPotion"},{"floor":24.0,"key":"PowerPotion"},{"floor":25.0,"key":"Ancient Potion"},{"floor":35.0,"key":"SkillPotion"},{"floor":41.0,"key":"Regen Potion"},{"floor":44.0,"key":"Swift Potion"},{"floor":45.0,"key":"SpeedPotion"}],"is_trial":false,"path_per_floor":["M","?","M","?","M","R","M","R","T","M","R","M","E","?","R","B",null,"M","$","?","M","M","R","E","M","T","R","$","M","R","M","R","B",null,"M","$","M","M","?","R","E","R","T","M","M","M","?","$","R","B",null],"character_chosen":"THE_SILENT","items_purchased":["Cloak And Dagger","Noxious Fumes","Letter Opener","Leg Sweep","Bandage Up","Blur","After Image","PiercingWail+1"],"campfire_rested":8,"item_purchase_floors":[19,19,19,28,28,36,48,48],"current_hp_per_floor":[59,64,61,40,39,39,36,36,36,36,36,32,15,15,36,15,57,57,57,57,39,36,57,11,3,3,24,24,19,40,36,57,21,59,51,51,39,13,13,33,16,36,36,42,33,21,21,21,41,1],"gold":20,"neow_bonus":"HUNDRED_GOLD","is_prod":false,"is_daily":false,"chose_seed":false,"campfire_upgraded":3,"win_rate":0,"timestamp":1556236185,"path_taken":["M","?","M","?","M","R","M","R","T","M","R","M","E","?","R","BOSS","M","$","?","M","M","R","E","M","T","R","$","?","R","M","R","BOSS","M","$","M","M","?","R","E","R","T","M","M","M","?","$","R","BOSS"],"build_version":"2019-01-23","purchased_purges":2,"victory":true,"max_hp_per_floor":[66,71,71,71,71,71,71,71,71,71,71,71,71,71,71,71,71,71,71,71,71,71,71,71,71,71,71,71,71,71,71,71,71,71,71,71,71,71,67,67,67,67,67,67,67,67,67,67,67,67],"card_choices":[{"not_picked":["Underhanded Strike","Prepared","Backflip"],"picked":"SKIP","floor":1.0},{"not_picked":["Reflex","Prepared","Calculated Gamble"],"picked":"SKIP","floor":3.0},{"not_picked":["Tools of the Trade","Sucker Punch"],"picked":"Quick Slash","floor":5.0},{"not_picked":["Bane","Riddle With Holes"],"picked":"Well Laid Plans","floor":7.0},{"not_picked":["Tactician","Bane","Catalyst"],"picked":"SKIP","floor":10.0},{"not_picked":["Underhanded Strike","Bane"],"picked":"Poisoned Stab","floor":12.0},{"not_picked":["Acrobatics","Prepared","Expertise"],"picked":"SKIP","floor":13.0},{"not_picked":["Phantasmal Killer","Tools of the Trade"],"picked":"Bullet Time","floor":16.0},{"not_picked":["Acrobatics","Endless Agony"],"picked":"PiercingWail+1","floor":18.0},{"not_picked":["Outmaneuver","Choke","Sucker Punch"],"picked":"SKIP","floor":21.0},{"not_picked":["Deflect","Sucker Punch"],"picked":"Dodge and Roll","floor":22.0},{"not_picked":["Dagger Throw","Die Die Die"],"picked":"Adrenaline","floor":24.0},{"not_picked":["Poisoned Stab","Bane"],"picked":"Deadly Poison","floor":25.0},{"not_picked":["Backstab","Calculated Gamble"],"picked":"Burst","floor":29.0},{"not_picked":["Skewer","Masterful Stab+1"],"picked":"Bane+1","floor":31.0},{"not_picked":["Outmaneuver+1","Acrobatics","Accuracy"],"picked":"SKIP","floor":35.0},{"not_picked":["Dagger Spray","Reflex+1"],"picked":"PiercingWail","floor":37.0},{"not_picked":["Blade Dance+1","Expertise"],"picked":"Blur","floor":38.0},{"not_picked":["Venomology","Flying Knee","Backstab"],"picked":"SKIP","floor":41.0},{"not_picked":["Bouncing Flask+1","Caltrops","Masterful Stab"],"picked":"SKIP","floor":44.0},{"not_picked":["Bouncing Flask+1","Caltrops","Masterful Stab"],"picked":"SKIP","floor":44.0},{"not_picked":["Outmaneuver+1","Venomology+1"],"picked":"Cloak And Dagger+1","floor":45.0},{"not_picked":["Dagger Spray","Calculated Gamble+1","Predator"],"picked":"SKIP","floor":46.0}],"player_experience":857710,"relics_obtained":[{"floor":9.0,"key":"Smiling Mask"},{"floor":13.0,"key":"Whetstone"},{"floor":24.0,"key":"Centennial Puzzle"},{"floor":26.0,"key":"Lantern"},{"floor":41.0,"key":"Toxic Egg 2"},{"floor":43.0,"key":"Darkstone Periapt"}],"event_choices":[{"damage_healed":0.0,"max_hp_gain":5.0,"max_hp_loss":0.0,"gold_gain":0.0,"event_name":"Big Fish","player_choice":"Donut","floor":2.0,"gold_loss":0.0,"damage_taken":0.0},{"damage_healed":0.0,"max_hp_gain":0.0,"max_hp_loss":0.0,"gold_gain":0.0,"event_name":"Shining Light","player_choice":"Entered Light","floor":4.0,"gold_loss":0.0,"damage_taken":21.0,"cards_upgraded":["Defend_G","Strike_G"]},{"damage_healed":0.0,"max_hp_gain":0.0,"max_hp_loss":0.0,"gold_gain":0.0,"event_name":"Dead Adventurer","player_choice":"Searched \u00271\u0027 times","floor":14.0,"gold_loss":0.0,"damage_taken":0.0},{"damage_healed":0.0,"max_hp_gain":0.0,"max_hp_loss":0.0,"gold_gain":0.0,"event_name":"N\u0027loth","player_choice":"Traded Relic","floor":20.0,"relics_lost":["Pandora\u0027s Box"],"gold_loss":0.0,"damage_taken":0.0,"relics_obtained":["Nloth\u0027s Gift"]},{"damage_healed":0.0,"max_hp_gain":0.0,"max_hp_loss":4.0,"gold_gain":0.0,"event_name":"Winding Halls","player_choice":"Max HP","floor":39.0,"gold_loss":0.0,"damage_taken":0.0},{"damage_healed":0.0,"max_hp_gain":0.0,"max_hp_loss":0.0,"gold_gain":0.0,"event_name":"Tomb of Lord Red Mask","player_choice":"Ignored","floor":47.0,"gold_loss":0.0,"damage_taken":0.0}],"is_beta":false,"boss_relics":[{"not_picked":["Calling Bell","Cursed Key"],"picked":"Pandora\u0027s Box"},{"not_picked":["Black Star","Lizard Tail"],"picked":"Runic Pyramid"}],"items_purged_floors":[19,36],"is_endless":false,"potions_floor_spawned":[10,12,16,18,21,24,25,35,41,44,45],"ascension_level":15}