{"gold_per_floor":[115,133,146,146,160,160,175,175,257,270,270,270,282,32,32,128,128,141,141,141,169,188,35,35,55,82,82,82,98,98,115,115,115],"floor_reached":33,"playtime":2151,"items_purged":[],"score":239,"play_id":"5c44b7b3-0ea3-40b7-be74-0749e5cd5769","local_time":"20181206181952","is_ascension_mode":false,"campfire_choices":[{"data":"Crippling Poison","floor":6,"key":"SMITH"},{"data":"Skewer","floor":8,"key":"SMITH"},{"data":"Bane","floor":15,"key":"SMITH"},{"data":"Backstab","floor":24,"key":"SMITH"},{"floor":27,"key":"REST"},{"floor":32,"key":"REST"}],"neow_cost":"NONE","seed_source_timestamp":157333094559389,"circlet_count":0,"master_deck":["Defend_G+1","Defend_G+1","Defend_G+1","Defend_G+1","Strike_G+1","Strike_G+1","Strike_G+1","Strike_G+1","Strike_G+1","Survivor","Neutralize","Flying Knee","Deflect","Crippling Poison+1","Skewer+1","Flying Knee","Bane+1","Burst","Poisoned Stab","Malaise","Outmaneuver+1","Backstab+1","Poisoned Stab","Escape Plan+1","Predator","Slice"],"relics":["Ring of the Snake","Pen Nib","FaceOfCleric","Meat on the Bone","Gremlin Horn","Sundial","Red Mask","Vajra","Bag of Marbles","Nilry\u0027s Codex"],"potions_floor_usage":[16,33],"damage_taken":[{"damage":0,"enemies":"Small Slimes","floor":1,"turns":4},{"damage":0,"enemies":"Cultist","floor":2,"turns":3},{"damage":1,"enemies":"Jaw Worm","floor":3,"turns":4},{"damage":2,"enemies":"Blue Slaver","floor":5,"turns":5},{"damage":8,"enemies":"Exordium Wildlife","floor":7,"turns":2},{"damage":6,"enemies":"Exordium Thugs","floor":10,"turns":4},{"damage":8,"enemies":"2 Fungi Beasts","floor":13,"turns":2},{"damage":19,"enemies":"Slime Boss","floor":16,"turns":7},{"damage":9,"enemies":"Shell Parasite","floor":18,"turns":6},{"damage":31,"enemies":"Masked Bandits","floor":21,"turns":4},{"damage":0,"enemies":"Chosen","floor":22,"turns":6},{"damage":17,"enemies":"Snecko","floor":25,"turns":5},{"damage":4,"enemies":"3 Cultists","floor":29,"turns":3},{"damage":5,"enemies":"Centurion and Healer","floor":31,"turns":4},{"damage":75,"enemies":"Collector","floor":33,"turns":6}],"seed_played":"-5561245657053876464","potions_obtained":[{"floor":1,"key":"Strength Potion"},{"floor":3,"key":"SpeedPotion"},{"floor":16,"key":"AttackPotion"},{"floor":21,"key":"Weak Potion"},{"floor":22,"key":"Strength Potion"},{"floor":31,"key":"PowerPotion"}],"is_trial":false,"path_per_floor":["M","M","M","?","M","R","M","R","T","M","?","T","M","$","R","B",null,"M","?","?","?","M","$","R","M","T","R","$","M","?","M","R","B"],"character_chosen":"THE_SILENT","items_purchased":["Sundial","Vajra"],"campfire_rested":2,"item_purchase_floors":[14,23],"current_hp_per_floor":[70,70,69,69,68,68,61,61,61,56,56,56,49,49,49,43,75,67,67,67,49,50,50,50,46,46,69,69,66,50,46,70,0],"gold":115,"neow_bonus":"RANDOM_COMMON_RELIC","is_prod":false,"is_daily":false,"chose_seed":false,"campfire_upgraded":4,"win_rate":0.0,"timestamp":1544149192,"path_taken":["M","M","M","?","M","R","?","R","T","?","?","?","M","?","R","BOSS","M","?","?","?","M","$","R","M","T","R","$","?","?","M","R","BOSS"],"build_version":"2018-11-15","purchased_purges":0,"victory":false,"max_hp_per_floor":[70,70,70,70,71,71,72,72,72,73,73,73,74,74,74,75,75,76,76,76,77,78,78,78,79,79,79,79,80,80,81,81,81],"card_choices":[{"not_picked":["Dagger Spray","Reflex"],"picked":"Flying Knee","floor":1},{"not_picked":["Quick Slash","Sucker Punch"],"picked":"Deflect","floor":2},{"not_picked":["Dodge and Roll","Sucker Punch"],"picked":"Crippling Poison","floor":3},{"not_picked":["Deflect","Accuracy"],"picked":"Skewer","floor":5},{"not_picked":["Dagger Throw","Glass Knife"],"picked":"Flying Knee","floor":7},{"not_picked":["Sucker Punch","Accuracy"],"picked":"Bane","floor":10},{"not_picked":["Dagger Spray","Flying Knee"],"picked":"Poisoned Stab","floor":13},{"not_picked":["Glass Knife","Burst"],"picked":"Malaise","floor":16},{"not_picked":["Escape Plan+1","Quick Slash"],"picked":"Outmaneuver+1","floor":18},{"not_picked":["Backflip","Catalyst+1"],"picked":"Backstab","floor":21},{"not_picked":["Reflex+1","Masterful Stab"],"picked":"Poisoned Stab","floor":22},{"not_picked":["Blade Dance","Dagger Throw"],"picked":"Escape Plan+1","floor":25},{"not_picked":["Dagger Throw","Backflip+1"],"picked":"Predator","floor":29},{"not_picked":["Bane","Backflip"],"picked":"Slice","floor":31}],"player_experience":121443,"relics_obtained":[{"floor":9,"key":"Meat on the Bone"},{"floor":12,"key":"Gremlin Horn"},{"floor":21,"key":"Red Mask"},{"floor":26,"key":"Bag of Marbles"},{"floor":30,"key":"Nilry\u0027s Codex"}],"event_choices":[{"damage_healed":0,"gold_gain":0,"player_choice":"Trade","damage_taken":0,"relics_obtained":["FaceOfCleric"],"max_hp_gain":0,"max_hp_loss":0,"event_name":"FaceTrader","floor":4,"gold_loss":0},{"damage_healed":0,"gold_gain":0,"cards_transformed":["Defend_G"],"player_choice":"Change","damage_taken":0,"max_hp_gain":0,"max_hp_loss":0,"event_name":"Living Wall","floor":11,"gold_loss":0,"cards_obtained":["Burst"]},{"damage_healed":0,"gold_gain":0,"player_choice":"Ignored","damage_taken":0,"max_hp_gain":0,"max_hp_loss":0,"event_name":"Beggar","floor":19,"gold_loss":0},{"damage_healed":0,"gold_gain":0,"player_choice":"Simplicity","damage_taken":0,"max_hp_gain":0,"max_hp_loss":0,"event_name":"Back to Basics","floor":20,"gold_loss":0,"cards_upgraded":["Defend_G","Defend_G","Defend_G","Defend_G","Strike_G","Strike_G","Strike_G","Strike_G","Strike_G"]},{"damage_healed":0,"gold_gain":0,"player_choice":"Fought Bandits","damage_taken":0,"max_hp_gain":0,"max_hp_loss":0,"event_name":"Masked Bandits","floor":21,"gold_loss":0},{"damage_healed":0,"gold_gain":0,"player_choice":"Obtained Book","damage_taken":16,"max_hp_gain":0,"max_hp_loss":0,"event_name":"Cursed Tome","floor":30,"gold_loss":0}],"is_beta":false,"boss_relics":[{"not_picked":["Ectoplasm","Ring of the Serpent","Cursed Key"]}],"items_purged_floors":[],"is_endless":false,"potions_floor_spawned":[1,3,16,21,22,31],"killed_by":"Collector","ascension_level":0}