{"gold_per_floor":[111,3,3,18,34,69,88,88,156,156],"floor_reached":10,"playtime":361,"items_purged":[],"score":78,"play_id":"f4ab66e4-d5be-4622-b9ce-9b3265b8c407","local_time":"20190410225542","is_ascension_mode":true,"campfire_choices":[{"floor":8,"key":"REST"}],"neow_cost":"NONE","seed_source_timestamp":103048885922565,"circlet_count":0,"master_deck":["Strike_B","Strike_B","Strike_B","Strike_B","Defend_B","Defend_B","Defend_B","Defend_B","Zap","Dualcast","Storm","Hello World","Sunder","Tempest","FTL","Conserve Battery","Undo"],"relics":["Cracked Core","Smiling Mask","Thread and Needle","Mercury Hourglass"],"potions_floor_usage":[6,7,7,7,10],"damage_taken":[{"damage":5,"enemies":"2 Louse","floor":1,"turns":2},{"damage":5,"enemies":"Small Slimes","floor":4,"turns":3},{"damage":7,"enemies":"Jaw Worm","floor":5,"turns":3},{"damage":28,"enemies":"Lagavulin","floor":6,"turns":5},{"damage":0,"enemies":"Blue Slaver","floor":7,"turns":3},{"damage":6,"enemies":"3 Sentries","floor":10,"turns":4}],"seed_played":"-8185857162565999122","potions_obtained":[{"floor":1,"key":"Strength Potion"},{"floor":6,"key":"EntropicBrew"},{"floor":7,"key":"FocusPotion"}],"is_trial":false,"path_per_floor":["M","$","?","M","M","E","M","R","T","E"],"character_chosen":"DEFECT","items_purchased":["Hello World","Sunder"],"campfire_rested":1,"item_purchase_floors":[2,2],"current_hp_per_floor":[70,70,70,65,58,30,30,52,52,46],"gold":156,"neow_bonus":"RANDOM_COMMON_RELIC","is_prod":false,"is_daily":false,"chose_seed":false,"campfire_upgraded":0,"win_rate":0,"timestamp":1554962142,"path_taken":["M","$","?","M","M","E","M","R","T","E"],"build_version":"2019-01-23","purchased_purges":0,"victory":false,"max_hp_per_floor":[75,75,75,75,75,75,75,75,75,75],"card_choices":[{"not_picked":["Chill","Skim"],"picked":"Storm","floor":1},{"not_picked":["Leap","Compile Driver"],"picked":"Tempest","floor":4},{"not_picked":["Cold Snap","Barrage"],"picked":"FTL","floor":5},{"not_picked":["Rebound","Leap"],"picked":"Conserve Battery","floor":6},{"not_picked":["Conserve Battery","Turbo"],"picked":"Undo","floor":7}],"player_experience":417559,"relics_obtained":[{"floor":6,"key":"Thread and Needle"},{"floor":9,"key":"Mercury Hourglass"}],"event_choices":[{"damage_healed":0,"gold_gain":0,"player_choice":"Leave","damage_taken":0,"max_hp_gain":0,"max_hp_loss":0,"event_name":"The Cleric","floor":3,"gold_loss":0}],"is_beta":false,"boss_relics":[],"items_purged_floors":[],"is_endless":false,"potions_floor_spawned":[1,6,7],"killed_by":"3 Sentries","ascension_level":3}