{"gold_per_floor":[111,129,145,163,175,175,188,188,256,288,299,299,332,332,332,431,431,445,465,465,482,502,502,567,567,592,592,592,627,627,647,647,647],"floor_reached":33,"playtime":3409,"items_purged":[],"score":478,"play_id":"5e0571e6-89ed-4c31-95bd-13bee5d8f5d0","local_time":"20190426105257","is_ascension_mode":true,"campfire_choices":[{"floor":6.0,"key":"REST"},{"data":"Hologram","floor":8.0,"key":"SMITH"},{"floor":12.0,"key":"REST"},{"data":"Stack","floor":15.0,"key":"SMITH"},{"floor":23,"key":"REST"},{"floor":25,"key":"REST"},{"data":"RitualDagger","floor":28,"key":"SMITH"},{"floor":30,"key":"REST"},{"floor":32,"key":"REST"}],"neow_cost":"NONE","seed_source_timestamp":0,"circlet_count":0,"master_deck":["AscendersBane","Strike_B","Strike_B","Strike_B","Strike_B","Defend_B","Defend_B","Defend_B","Zap","Dualcast","Capacitor","Leap","FTL","Conserve Battery","Hologram+1","Machine Learning","Sweeping Beam","Stack+1","Core Surge","Reboot","Cold Snap","Self Repair","RitualDagger+1","Steam","Coolheaded","Defragment","Conserve Battery"],"special_seed":0,"relics":["Cracked Core","Strawberry","Meat on the Bone","Sundial","Peace Pipe","Sozu","Tiny Chest","Oddly Smooth Stone","Juzu Bracelet"],"potions_floor_usage":[],"damage_taken":[{"damage":1.0,"enemies":"Jaw Worm","floor":1.0,"turns":4.0},{"damage":4.0,"enemies":"Cultist","floor":2.0,"turns":5.0},{"damage":11.0,"enemies":"Small Slimes","floor":3.0,"turns":4.0},{"damage":9.0,"enemies":"Exordium Wildlife","floor":4.0,"turns":5.0},{"damage":2.0,"enemies":"3 Louse","floor":5.0,"turns":3.0},{"damage":1.0,"enemies":"Looter","floor":7.0,"turns":5.0},{"damage":35.0,"enemies":"Gremlin Nob","floor":10.0,"turns":5.0},{"damage":35.0,"enemies":"Gremlin Gang","floor":11.0,"turns":5.0},{"damage":8.0,"enemies":"Lagavulin","floor":13.0,"turns":8.0},{"damage":20.0,"enemies":"Slime Boss","floor":16.0,"turns":11.0},{"damage":10,"enemies":"3 Byrds","floor":18,"turns":4},{"damage":3,"enemies":"Chosen","floor":19,"turns":5},{"damage":25,"enemies":"Snake Plant","floor":21,"turns":8},{"damage":16,"enemies":"Centurion and Healer","floor":22,"turns":10},{"damage":64,"enemies":"Book of Stabbing","floor":24,"turns":8},{"damage":55,"enemies":"Slavers","floor":29,"turns":12},{"damage":24,"enemies":"Snecko","floor":31,"turns":8},{"damage":97,"enemies":"Champ","floor":33,"turns":23}],"seed_played":"-510596204301799198","potions_obtained":[{"floor":2.0,"key":"LiquidBronze"},{"floor":3.0,"key":"PowerPotion"},{"floor":10.0,"key":"Strength Potion"},{"floor":11.0,"key":"Dexterity Potion"}],"is_trial":false,"path_per_floor":["M","M","M","M","M","R","M","R","T","E","M","R","E","?","R","B",null,"M","M","?","M","M","R","E","R","T","?","R","E","R","M","R","B"],"character_chosen":"DEFECT","items_purchased":[],"campfire_rested":6,"item_purchase_floors":[],"current_hp_per_floor":[74,70,59,50,48,72,71,71,71,48,25,49,53,53,53,45,73,63,60,54,48,51,75,30,54,54,81,81,45,69,52,76,0],"gold":647,"neow_bonus":"RANDOM_COMMON_RELIC","is_prod":false,"is_daily":false,"chose_seed":false,"campfire_upgraded":3,"win_rate":0,"timestamp":1556268777,"path_taken":["M","M","M","M","M","R","M","R","T","E","M","R","E","?","R","BOSS","M","?","?","M","M","R","E","R","T","?","R","E","R","M","R","BOSS"],"build_version":"2019-01-23","purchased_purges":0,"victory":false,"max_hp_per_floor":[82,82,82,82,82,82,82,82,82,82,82,82,82,82,82,82,82,82,82,82,82,82,82,82,82,82,82,82,82,82,82,82,82],"card_choices":[{"not_picked":["Go for the Eyes","Turbo"],"picked":"Capacitor","floor":1.0},{"not_picked":["Sweeping Beam","Hello World"],"picked":"Leap","floor":2.0},{"not_picked":["Chill","Leap"],"picked":"FTL","floor":3.0},{"not_picked":["Redo","Cold Snap"],"picked":"Conserve Battery","floor":4.0},{"not_picked":["Force Field","Storm"],"picked":"Hologram","floor":5.0},{"not_picked":["Chaos","Barrage"],"picked":"Machine Learning","floor":7.0},{"not_picked":["Beam Cell","Buffer"],"picked":"Sweeping Beam","floor":10.0},{"not_picked":["Go for the Eyes","Hologram"],"picked":"Stack","floor":11.0},{"not_picked":["Heatsinks","Defragment"],"picked":"Core Surge","floor":13.0},{"not_picked":["Thunder Strike","Amplify"],"picked":"Reboot","floor":16.0},{"not_picked":["Compile Driver","Rebound"],"picked":"Cold Snap","floor":18},{"not_picked":["Stack","Force Field"],"picked":"Self Repair","floor":19},{"not_picked":["Hello World","Scrape"],"picked":"Steam","floor":21},{"not_picked":["Skim","Redo","Barrage"],"picked":"SKIP","floor":22},{"not_picked":["Leap","Sweeping Beam"],"picked":"Coolheaded","floor":24},{"not_picked":["Cold Snap","Storm+1"],"picked":"Defragment","floor":29},{"not_picked":["Turbo","Ball Lightning"],"picked":"Conserve Battery","floor":31}],"player_experience":709172,"relics_obtained":[{"floor":9.0,"key":"Meat on the Bone"},{"floor":10.0,"key":"Sundial"},{"floor":13.0,"key":"Peace Pipe"},{"floor":24,"key":"Tiny Chest"},{"floor":26,"key":"Oddly Smooth Stone"},{"floor":29,"key":"Juzu Bracelet"}],"event_choices":[{"cards_removed":["Defend_B"],"damage_healed":0.0,"max_hp_gain":0.0,"max_hp_loss":0.0,"gold_gain":0.0,"event_name":"Purifier","player_choice":"Purged","floor":14.0,"gold_loss":0.0,"damage_taken":0.0},{"damage_healed":0,"gold_gain":0,"player_choice":"Joined the Cult","damage_taken":6,"max_hp_gain":0,"max_hp_loss":0,"event_name":"Nest","floor":20,"gold_loss":0,"cards_obtained":["RitualDagger"]},{"damage_healed":27,"gold_gain":0,"player_choice":"Heal","damage_taken":0,"max_hp_gain":0,"max_hp_loss":0,"event_name":"The Library","floor":27,"gold_loss":0}],"is_beta":false,"boss_relics":[{"not_picked":["Coffee Dripper","Fusion Hammer"],"picked":"Sozu"}],"items_purged_floors":[],"is_endless":false,"potions_floor_spawned":[2,3,7,10,11,21,24,29],"killed_by":"Champ","ascension_level":12}