{"gold_per_floor":[115,115,115,126,137,137,167,184,236,250,15,15,50,61,61,140,140,158,69,69,88,106,106,134,134,134,164,164],"floor_reached":28,"playtime":2172,"items_purged":["Strike_G"],"score":496,"play_id":"8bd67eb8-8c24-4d97-bb3e-17577f79e315","local_time":"20190504075138","is_ascension_mode":true,"campfire_choices":[{"data":"Finisher","floor":6.0,"key":"SMITH"},{"floor":15.0,"key":"REST"},{"data":"Envenom","floor":23.0,"key":"SMITH"},{"floor":25.0,"key":"REST"}],"neow_cost":"NONE","seed_source_timestamp":219840804517694,"circlet_count":0,"master_deck":["AscendersBane","Defend_G","Defend_G","Defend_G","Defend_G","Defend_G","Strike_G","Strike_G","Strike_G","Survivor","Neutralize","Slice","Finisher+1","Sucker Punch","Envenom+1","Crippling Poison","PiercingWail","Glass Knife","Infinite Blades+1","Infinite Blades+1","After Image+1","Slice","Footwork+1","Well Laid Plans+1","Cloak And Dagger","Backstab","Endless Agony+1"],"special_seed":0,"relics":["Ring of the Serpent","Boot","Shuriken","Vajra","Omamori","Snake Skull","Frozen Egg 2","Gremlin Horn","Sundial","Red Mask"],"potions_floor_usage":[28],"damage_taken":[{"damage":1.0,"enemies":"Small Slimes","floor":1.0,"turns":3.0},{"damage":0.0,"enemies":"Jaw Worm","floor":4.0,"turns":4.0},{"damage":0.0,"enemies":"Cultist","floor":5.0,"turns":3.0},{"damage":10.0,"enemies":"3 Sentries","floor":7.0,"turns":7.0},{"damage":4.0,"enemies":"Blue Slaver","floor":8.0,"turns":3.0},{"damage":4.0,"enemies":"Lots of Slimes","floor":10.0,"turns":5.0},{"damage":6.0,"enemies":"Gremlin Nob","floor":13.0,"turns":3.0},{"damage":19.0,"enemies":"Exordium Wildlife","floor":14.0,"turns":5.0},{"damage":12.0,"enemies":"Hexaghost","floor":16.0,"turns":7.0},{"damage":8.0,"enemies":"Spheric Guardian","floor":18.0,"turns":5.0},{"damage":6.0,"enemies":"2 Thieves","floor":21.0,"turns":4.0},{"damage":0.0,"enemies":"Snecko","floor":22.0,"turns":4.0},{"damage":27.0,"enemies":"Gremlin Leader","floor":24.0,"turns":4.0},{"damage":18.0,"enemies":"Masked Bandits","floor":27.0,"turns":3.0},{"damage":18,"enemies":"Book of Stabbing","floor":28,"turns":4}],"seed_played":"458616869116030298","potions_obtained":[{"floor":1.0,"key":"Explosive Potion"},{"floor":4.0,"key":"Fire Potion"},{"floor":10.0,"key":"EssenceOfSteel"},{"floor":14.0,"key":"GamblersBrew"},{"floor":16.0,"key":"Block Potion"},{"floor":22.0,"key":"LiquidBronze"},{"floor":24.0,"key":"Swift Potion"},{"floor":27.0,"key":"Poison Potion"}],"is_trial":false,"path_per_floor":["M","?","?","M","M","R","E","M","T","M","$","?","E","M","R","B",null,"M","$","?","M","M","R","E","R","T","?","E"],"character_chosen":"THE_SILENT","items_purchased":["Snake Skull","Footwork+1"],"campfire_rested":2,"item_purchase_floors":[11,19],"current_hp_per_floor":[58,58,58,58,58,58,48,44,44,40,40,40,34,15,34,22,55,47,47,47,41,41,41,14,33,33,15,0],"gold":164,"neow_bonus":"RANDOM_COMMON_RELIC","is_prod":false,"is_daily":false,"chose_seed":false,"campfire_upgraded":2,"win_rate":0,"timestamp":1556949098,"path_taken":["M","?","?","M","M","R","E","M","T","?","$","?","E","M","R","BOSS","M","?","?","M","?","R","E","R","T","?","E"],"build_version":"2019-01-23","purchased_purges":1,"victory":false,"max_hp_per_floor":[66,66,66,66,66,66,66,66,66,66,66,66,66,66,66,66,66,66,66,66,66,66,66,66,66,66,66,66],"card_choices":[{"not_picked":["Calculated Gamble","Heel Hook"],"picked":"Slice","floor":1.0},{"not_picked":["Outmaneuver","Poisoned Stab"],"picked":"Finisher","floor":4.0},{"not_picked":["Distraction","Deflect"],"picked":"Sucker Punch","floor":5.0},{"not_picked":["Calculated Gamble","Escape Plan"],"picked":"Envenom","floor":7.0},{"not_picked":["Skewer","Bane"],"picked":"Crippling Poison","floor":8.0},{"not_picked":["Underhanded Strike","Predator"],"picked":"PiercingWail","floor":10.0},{"not_picked":["Cloak And Dagger","Quick Slash"],"picked":"Infinite Blades","floor":13.0},{"not_picked":["Outmaneuver","Dagger Spray"],"picked":"Infinite Blades+1","floor":14.0},{"not_picked":["Night Terror","Phantasmal Killer"],"picked":"After Image+1","floor":16.0},{"not_picked":["Backflip","Predator"],"picked":"Slice","floor":18.0},{"not_picked":["Backflip","Blade Dance"],"picked":"Well Laid Plans+1","floor":21.0},{"not_picked":["Backstab","Predator"],"picked":"Cloak And Dagger","floor":22.0},{"not_picked":["Underhanded Strike","Quick Slash"],"picked":"Backstab","floor":24.0},{"not_picked":["Bouncing Flask","Underhanded Strike+1"],"picked":"Endless Agony+1","floor":27.0}],"player_experience":1978718,"relics_obtained":[{"floor":7.0,"key":"Vajra"},{"floor":9.0,"key":"Omamori"},{"floor":13.0,"key":"Frozen Egg 2"},{"floor":24.0,"key":"Gremlin Horn"},{"floor":26.0,"key":"Sundial"},{"floor":27.0,"key":"Red Mask"}],"event_choices":[{"damage_healed":0.0,"max_hp_gain":0.0,"max_hp_loss":0.0,"gold_gain":0.0,"event_name":"Big Fish","player_choice":"Box","floor":2.0,"gold_loss":0.0,"damage_taken":0.0,"relics_obtained":["Shuriken"],"cards_obtained":["Regret"]},{"cards_removed":["Regret"],"damage_healed":0.0,"max_hp_gain":0.0,"max_hp_loss":0.0,"gold_gain":0.0,"event_name":"Purifier","player_choice":"Purged","floor":3.0,"gold_loss":0.0,"damage_taken":0.0},{"damage_healed":0.0,"max_hp_gain":0.0,"max_hp_loss":0.0,"gold_gain":0.0,"event_name":"Match and Keep!","player_choice":"1 cards matched","floor":12.0,"gold_loss":0.0,"damage_taken":0.0,"cards_obtained":["Glass Knife"]},{"cards_removed":["Strike_G"],"damage_healed":0.0,"max_hp_gain":0.0,"max_hp_loss":0.0,"gold_gain":0.0,"event_name":"Purifier","player_choice":"Purged","floor":20.0,"gold_loss":0.0,"damage_taken":0.0},{"damage_healed":0.0,"max_hp_gain":0.0,"max_hp_loss":0.0,"gold_gain":0.0,"event_name":"Masked Bandits","player_choice":"Fought Bandits","floor":27.0,"gold_loss":0.0,"damage_taken":0.0}],"is_beta":false,"boss_relics":[{"not_picked":["Pandora\u0027s Box","Orrery"],"picked":"Ring of the Serpent"}],"items_purged_floors":[11],"is_endless":false,"potions_floor_spawned":[1,4,10,14,16,22,24,27],"killed_by":"Book of Stabbing","ascension_level":20}