{"gold_per_floor":[111,22,37,9,22,22,54,74,101,134,134,164,164,184,184,258,258,258,12,12,12,12,12,12,12,12,12,12,12,12,12,12,12,12,12,12,12,12,12,12,12,0,0,0,0,0,0,0,0,0,0],"floor_reached":51,"playtime":1978,"items_purged":["Strike_R"],"score":1516,"play_id":"2956786b-5b9f-4631-957c-bae6a1d67b85","local_time":"20190501233638","is_ascension_mode":true,"campfire_choices":[{"data":"Uppercut","floor":6.0,"key":"SMITH"},{"floor":13.0,"key":"REST"},{"data":"Armaments","floor":15.0,"key":"SMITH"},{"data":"Disarm","floor":23,"key":"SMITH"},{"data":"Thunderclap","floor":32,"key":"SMITH"},{"floor":47,"key":"REST"},{"floor":49,"key":"REST"}],"neow_cost":"NONE","seed_source_timestamp":3838873514898673,"circlet_count":0,"master_deck":["AscendersBane","Strike_R+1","Strike_R+1","Strike_R+1","Defend_R+1","Defend_R+1","Defend_R+1","Defend_R+1","Bash","Uppercut+1","Flash of Steel","Iron Wave","Armaments+1","Whirlwind+1","Double Tap+1","Shrug It Off","Pommel Strike","Rampage","Immolate+1","Disarm+1","Bludgeon","Havoc+1","Demon Form","Inflame+1","Thunderclap+1","Iron Wave+1","Pummel","Thunderclap"],"special_seed":0,"relics":["Burning Blood","NeowsBlessing","PreservedInsect","Centennial Puzzle","Blood Vial","Bag of Marbles","Ectoplasm","War Paint","Thread and Needle","Juzu Bracelet","Meat on the Bone","Bottled Lightning","Fusion Hammer","Magic Flower","Red Mask","Mummified Hand","Bronze Scales","Incense Burner"],"potions_floor_usage":[16,16,18,33,33,36,36,38,41,50],"damage_taken":[{"damage":0.0,"enemies":"Cultist","floor":1.0,"turns":1.0},{"damage":0.0,"enemies":"2 Louse","floor":3.0,"turns":1.0},{"damage":0.0,"enemies":"Small Slimes","floor":5.0,"turns":1.0},{"damage":49.0,"enemies":"Gremlin Nob","floor":7.0,"turns":5.0},{"damage":10.0,"enemies":"Red Slaver","floor":8.0,"turns":3.0},{"damage":22.0,"enemies":"Lagavulin","floor":10.0,"turns":4.0},{"damage":10.0,"enemies":"3 Sentries","floor":12.0,"turns":3.0},{"damage":6.0,"enemies":"Gremlin Gang","floor":14.0,"turns":5.0},{"damage":12,"enemies":"Slime Boss","floor":16,"turns":10},{"damage":0,"enemies":"2 Thieves","floor":18,"turns":1},{"damage":15,"enemies":"Spheric Guardian","floor":20,"turns":4},{"damage":3,"enemies":"Centurion and Healer","floor":21,"turns":4},{"damage":0,"enemies":"Slavers","floor":24,"turns":1},{"damage":7,"enemies":"Gremlin Leader","floor":28,"turns":3},{"damage":3,"enemies":"Slavers","floor":30,"turns":2},{"damage":0,"enemies":"3 Cultists","floor":31,"turns":2},{"damage":44,"enemies":"Collector","floor":33,"turns":9},{"damage":2,"enemies":"3 Darklings","floor":35,"turns":3},{"damage":37,"enemies":"3 Shapes","floor":37,"turns":7},{"damage":5,"enemies":"Maw","floor":38,"turns":6},{"damage":13,"enemies":"Reptomancer","floor":40,"turns":3},{"damage":0,"enemies":"Transient","floor":41,"turns":6},{"damage":27,"enemies":"Giant Head","floor":44,"turns":6},{"damage":14,"enemies":"Sphere and 2 Shapes","floor":46,"turns":10},{"damage":56,"enemies":"2 Orb Walkers","floor":48,"turns":5},{"damage":43,"enemies":"Donu and Deca","floor":50,"turns":7},{"damage":76,"enemies":"Time Eater","floor":51,"turns":9}],"seed_played":"7699899966883430114","potions_obtained":[{"floor":1.0,"key":"LiquidBronze"},{"floor":12.0,"key":"SteroidPotion"},{"floor":14.0,"key":"SpeedPotion"},{"floor":16,"key":"Explosive Potion"},{"floor":21,"key":"SpeedPotion"},{"floor":24,"key":"Ancient Potion"},{"floor":30,"key":"SkillPotion"},{"floor":33,"key":"PowerPotion"},{"floor":36,"key":"Fruit Juice"},{"floor":36,"key":"Fruit Juice"},{"floor":37,"key":"Block Potion"},{"floor":38,"key":"SteroidPotion"}],"is_trial":false,"path_per_floor":["M","$","M","$","M","R","E","M","T","E","?","E","R","M","R","B",null,"M","$","M","M","?","R","E","?","T","?","E","$","E","M","R","B",null,"M","?","M","M","?","E","M","?","T","E","?","M","R","?","R","B","B"],"character_chosen":"IRONCLAD","items_purchased":["Flash of Steel","Armaments","War Paint"],"campfire_rested":3,"item_purchase_floors":[2,4,19],"current_hp_per_floor":[74,74,75,75,75,75,32,28,28,12,12,10,32,34,34,30,64,72,72,65,70,70,70,75,75,75,75,74,74,75,75,75,49,69,75,85,54,57,57,52,64,64,64,67,67,65,85,56,81,68,0],"gold":0,"neow_bonus":"THREE_ENEMY_KILL","is_prod":false,"is_daily":false,"chose_seed":false,"campfire_upgraded":4,"win_rate":0,"timestamp":1556750198,"path_taken":["M","$","M","$","?","R","E","M","T","E","?","E","R","M","R","BOSS","M","$","M","M","?","R","E","?","T","?","E","$","E","M","R","BOSS","M","?","M","M","?","E","M","?","T","E","?","M","R","?","R","BOSS","BOSS"],"build_version":"2019-01-23","purchased_purges":1,"victory":false,"max_hp_per_floor":[75,75,75,75,75,75,75,75,75,75,75,75,75,75,75,75,75,75,75,75,75,75,75,75,75,75,75,75,75,75,75,75,75,75,75,85,85,85,85,85,85,85,85,85,85,85,85,85,85,85,85],"card_choices":[{"not_picked":["Sword Boomerang","Battle Trance"],"picked":"Uppercut","floor":1.0},{"not_picked":["Clothesline","Pommel Strike"],"picked":"Iron Wave","floor":3.0},{"not_picked":["Shrug It Off","Metallicize"],"picked":"Whirlwind","floor":5.0},{"not_picked":["Limit Break","Power Through"],"picked":"Double Tap","floor":7.0},{"not_picked":["True Grit","Sword Boomerang"],"picked":"Shrug It Off","floor":8.0},{"not_picked":["Havoc","Sentinel"],"picked":"Pommel Strike","floor":10.0},{"not_picked":["Headbutt","Sever Soul"],"picked":"Rampage","floor":12.0},{"not_picked":["Evolve","Spot Weakness","Rupture"],"picked":"SKIP","floor":14.0},{"not_picked":["Barricade","Double Tap"],"picked":"Immolate","floor":16},{"not_picked":["Headbutt+1","Flex"],"picked":"Disarm","floor":18},{"not_picked":["Pommel Strike","Second Wind","Sever Soul"],"picked":"SKIP","floor":20},{"not_picked":["Twin Strike","Power Through","Pommel Strike"],"picked":"SKIP","floor":21},{"not_picked":["Offering","Feel No Pain","Infernal Blade"],"picked":"SKIP","floor":24},{"not_picked":["Twin Strike","Flex","Wild Strike"],"picked":"SKIP","floor":28},{"not_picked":["Dark Embrace","Twin Strike"],"picked":"Thunderclap","floor":30},{"not_picked":["Rupture","Wild Strike"],"picked":"Havoc+1","floor":31},{"not_picked":["Fiend Fire","Berserk"],"picked":"Demon Form","floor":33},{"not_picked":["Shrug It Off","Headbutt"],"picked":"Inflame+1","floor":35},{"not_picked":["Reckless Charge","Wild Strike"],"picked":"Thunderclap+1","floor":37},{"not_picked":["Cleave+1","Sword Boomerang","Havoc"],"picked":"SKIP","floor":38},{"not_picked":["Carnage+1","Havoc+1","Demon Form"],"picked":"SKIP","floor":40},{"not_picked":["Corruption","Searing Blow","Body Slam"],"picked":"SKIP","floor":41},{"not_picked":["Warcry","Perfected Strike+1"],"picked":"Iron Wave+1","floor":44},{"not_picked":["Warcry","Fire Breathing"],"picked":"Pummel","floor":46},{"not_picked":["Corruption+1","Searing Blow+1"],"picked":"Thunderclap","floor":48}],"player_experience":790507,"relics_obtained":[{"floor":7.0,"key":"PreservedInsect"},{"floor":9.0,"key":"Centennial Puzzle"},{"floor":10.0,"key":"Blood Vial"},{"floor":12.0,"key":"Bag of Marbles"},{"floor":24,"key":"Thread and Needle"},{"floor":26,"key":"Juzu Bracelet"},{"floor":28,"key":"Meat on the Bone"},{"floor":30,"key":"Bottled Lightning"},{"floor":40,"key":"Magic Flower"},{"floor":43,"key":"Mummified Hand"},{"floor":44,"key":"Bronze Scales"},{"floor":48,"key":"Incense Burner"}],"event_choices":[{"damage_healed":0.0,"max_hp_gain":0.0,"max_hp_loss":0.0,"gold_gain":0.0,"event_name":"Living Wall","player_choice":"Grow","floor":11.0,"gold_loss":0.0,"damage_taken":0.0,"cards_upgraded":["Whirlwind"]},{"damage_healed":0,"gold_gain":0,"player_choice":"Simplicity","damage_taken":0,"max_hp_gain":0,"max_hp_loss":0,"event_name":"Back to Basics","floor":22,"gold_loss":0,"cards_upgraded":["Strike_R","Strike_R","Strike_R","Strike_R","Defend_R","Defend_R","Defend_R"]},{"damage_healed":0,"gold_gain":0,"cards_transformed":["Strike_R"],"player_choice":"Transformed","damage_taken":0,"max_hp_gain":0,"max_hp_loss":0,"event_name":"Transmorgrifier","floor":25,"gold_loss":0,"cards_obtained":["Bludgeon"]},{"damage_healed":0,"gold_gain":0,"player_choice":"Forge","damage_taken":0,"max_hp_gain":0,"max_hp_loss":0,"event_name":"Accursed Blacksmith","floor":27,"gold_loss":0,"cards_upgraded":["Immolate"]},{"damage_healed":0,"gold_gain":0,"player_choice":"Got Potions","damage_taken":0,"max_hp_gain":0,"max_hp_loss":0,"event_name":"Lab","floor":36,"gold_loss":0},{"damage_healed":0,"gold_gain":0,"player_choice":"Memory 1","damage_taken":0,"max_hp_gain":0,"max_hp_loss":0,"event_name":"SensoryStone","floor":39,"gold_loss":0},{"damage_healed":0,"gold_gain":0,"player_choice":"Paid","damage_taken":0,"relics_obtained":["Red Mask"],"max_hp_gain":0,"max_hp_loss":0,"event_name":"Tomb of Lord Red Mask","floor":42,"gold_loss":12},{"cards_removed":["Thunderclap"],"damage_healed":0,"gold_gain":0,"player_choice":"Removed Attack","damage_taken":0,"max_hp_gain":0,"max_hp_loss":0,"event_name":"Falling","floor":45,"gold_loss":0},{"damage_healed":0,"gold_gain":0,"player_choice":"Fight","damage_taken":0,"max_hp_gain":0,"max_hp_loss":0,"event_name":"Mysterious Sphere","floor":48,"gold_loss":0}],"is_beta":false,"boss_relics":[{"not_picked":["Sozu","Mark of Pain"],"picked":"Ectoplasm"},{"not_picked":["Black Star","Philosopher\u0027s Stone"],"picked":"Fusion Hammer"}],"items_purged_floors":[19],"is_endless":false,"potions_floor_spawned":[1,12,14,16,21,24,30,33,37,38,40],"killed_by":"Time Eater","ascension_level":20}