{"gold_per_floor":[110,110,128,46,59,59,85,85,132,167,183,183,15,29,29,133,133,149,167,167,46,65,65,84,101,127,127,16,16,26,40,40,40],"floor_reached":33,"playtime":1683,"items_purged":[],"score":259,"play_id":"07f27dd4-7cb8-4e79-8a3d-2c9bcdba6c91","local_time":"20181215145949","is_ascension_mode":false,"campfire_choices":[{"floor":6,"key":"RECALL"},{"data":"Double Tap","floor":8,"key":"SMITH"},{"floor":12,"key":"REST"},{"floor":15,"key":"REST"},{"floor":23,"key":"REST"},{"floor":27,"key":"REST"},{"floor":29,"key":"REST"},{"data":"Flame Barrier","floor":32,"key":"SMITH"}],"neow_cost":"NONE","seed_source_timestamp":70628897695413,"circlet_count":0,"master_deck":["Strike_R","Strike_R","Strike_R","Strike_R+1","Strike_R","Defend_R","Defend_R","Defend_R","Defend_R","Bash","Immolate","Iron Wave","Bash+1","Anger","Sentinel","Double Tap+1","Battle Trance","Shrug It Off","Flex","Thunderclap","Demon Form","Double Tap","Rage","Perfected Strike+1","Anger","Iron Wave","Flame Barrier","Inflame","Headbutt+1","Flame Barrier+1"],"relics":["Black Blood","Bronze Scales","Whetstone","Bag of Preparation","Singing Bowl","Blood Vial"],"potions_floor_usage":[16,25,25,33,33,33],"damage_taken":[{"damage":5,"enemies":"2 Louse","floor":1,"turns":2},{"damage":6,"enemies":"Cultist","floor":3,"turns":3},{"damage":1,"enemies":"Small Slimes","floor":5,"turns":3},{"damage":11,"enemies":"Gremlin Nob","floor":7,"turns":3},{"damage":45,"enemies":"Lagavulin","floor":10,"turns":7},{"damage":0,"enemies":"3 Louse","floor":11,"turns":3},{"damage":8,"enemies":"Red Slaver","floor":14,"turns":3},{"damage":35,"enemies":"Slime Boss","floor":16,"turns":4},{"damage":36,"enemies":"Spheric Guardian","floor":18,"turns":6},{"damage":31,"enemies":"2 Thieves","floor":19,"turns":3},{"damage":17,"enemies":"Cultist and Chosen","floor":22,"turns":4},{"damage":38,"enemies":"Snake Plant","floor":24,"turns":5},{"damage":21,"enemies":"Centurion and Healer","floor":25,"turns":4},{"damage":1,"enemies":"3 Cultists","floor":30,"turns":3},{"damage":10,"enemies":"Cultist and Chosen","floor":31,"turns":4},{"damage":82,"enemies":"Collector","floor":33,"turns":7}],"seed_played":"8311275351145418153","potions_obtained":[{"floor":1,"key":"PowerPotion"},{"floor":7,"key":"GamblersBrew"},{"floor":14,"key":"FearPotion"},{"floor":16,"key":"SpeedPotion"},{"floor":22,"key":"SteroidPotion"},{"floor":25,"key":"Dexterity Potion"},{"floor":31,"key":"GamblersBrew"}],"is_trial":false,"path_per_floor":["M","?","M","$","M","R","E","R","T","E","M","R","$","M","R","B",null,"M","M","?","?","M","R","M","M","T","R","$","R","M","M","R","B"],"character_chosen":"IRONCLAD","items_purchased":["Sentinel","Bag of Preparation","Thunderclap","Flame Barrier","Inflame"],"campfire_rested":5,"item_purchase_floors":[4,13,13,28,28],"current_hp_per_floor":[80,80,80,80,80,80,75,75,75,36,42,66,66,64,80,51,80,54,33,33,33,26,50,24,13,13,37,37,61,72,74,74,0],"gold":40,"neow_bonus":"ONE_RANDOM_RARE_CARD","is_prod":false,"is_daily":false,"chose_seed":false,"campfire_upgraded":2,"win_rate":0,"timestamp":1544914789,"path_taken":["M","?","M","?","?","R","E","R","T","E","M","R","$","M","R","BOSS","M","M","?","?","?","R","M","M","T","R","?","R","M","M","R","BOSS"],"build_version":"2018-12-13","purchased_purges":0,"victory":false,"max_hp_per_floor":[80,80,80,80,80,80,80,80,80,80,80,80,80,80,80,80,80,80,80,80,80,80,80,82,82,82,82,82,82,82,82,82,82],"card_choices":[{"not_picked":["Inflame","Heavy Blade"],"picked":"Iron Wave","floor":1},{"not_picked":["Dropkick","Clothesline"],"picked":"Anger","floor":3},{"not_picked":["Pommel Strike","Anger"],"picked":"Double Tap","floor":5},{"not_picked":["Power Through","Dark Embrace"],"picked":"Battle Trance","floor":7},{"not_picked":["Twin Strike","Combust"],"picked":"Shrug It Off","floor":10},{"not_picked":["Shrug It Off","Clothesline"],"picked":"Flex","floor":11},{"not_picked":["Armaments","Dual Wield"],"picked":"Demon Form","floor":14},{"not_picked":["Berserk","Exhume"],"picked":"Double Tap","floor":16},{"not_picked":["Heavy Blade","Havoc"],"picked":"Rage","floor":18},{"not_picked":["Pommel Strike","Havoc"],"picked":"Perfected Strike+1","floor":19},{"not_picked":["Intimidate","Wild Strike"],"picked":"Anger","floor":22},{"not_picked":["Dual Wield+1","Reckless Charge","Blood for Blood"],"picked":"Singing Bowl","floor":24},{"not_picked":["Rupture+1","Thunderclap"],"picked":"Iron Wave","floor":25},{"not_picked":["Uppercut","Thunderclap"],"picked":"Headbutt+1","floor":30},{"not_picked":["Heavy Blade","Carnage"],"picked":"Flame Barrier","floor":31}],"player_experience":271903,"relics_obtained":[{"floor":7,"key":"Bronze Scales"},{"floor":10,"key":"Whetstone"},{"floor":26,"key":"Blood Vial"}],"event_choices":[{"damage_healed":0,"gold_gain":0,"player_choice":"1 cards matched","damage_taken":0,"max_hp_gain":0,"max_hp_loss":0,"event_name":"Match and Keep!","floor":2,"gold_loss":0,"cards_obtained":["Bash"]},{"damage_healed":0,"gold_gain":0,"player_choice":"Ignored","damage_taken":0,"max_hp_gain":0,"max_hp_loss":0,"event_name":"Beggar","floor":20,"gold_loss":0},{"damage_healed":0,"gold_gain":0,"player_choice":"Paid Gold","damage_taken":0,"relics_obtained":["Singing Bowl"],"max_hp_gain":0,"max_hp_loss":0,"event_name":"WeMeetAgain","floor":21,"gold_loss":121}],"is_beta":false,"boss_relics":[{"not_picked":["Runic Cube","Ectoplasm"],"picked":"Black Blood"}],"items_purged_floors":[],"is_endless":false,"potions_floor_spawned":[1,7,14,16,22,25,31],"killed_by":"Collector","ascension_level":0}