{"gold_per_floor":[109,127,127,127,127,159,178,178,178,178,178,202,202,223,223,354,354,378,397,101,101,101,132,132,152,152,166,166,166,182,196,196,324,324,349,368,368,391,409,409,409,409,409,534,8,341,366,252,252,252],"floor_reached":51,"playtime":3623,"items_purged":[],"score":745,"play_id":"1cf23c1d-9d73-4962-83d6-c3f8212bd921","local_time":"20181210210042","is_ascension_mode":false,"campfire_choices":[{"floor":11,"key":"REST"},{"floor":13,"key":"REST"},{"data":"Dash","floor":15,"key":"SMITH"},{"floor":24,"key":"REST"},{"floor":29,"key":"REST"},{"floor":32,"key":"REST"},{"floor":40,"key":"REST"},{"data":"Skewer","floor":49,"key":"SMITH"}],"neow_cost":"NONE","seed_source_timestamp":511058309736517,"circlet_count":0,"master_deck":["Defend_G+1","Defend_G+1","Defend_G+1","Defend_G+1","Strike_G+1","Strike_G+1","Strike_G+1","Strike_G+1","Survivor","Neutralize","Flying Knee","Dash+1","Deadly Poison","Slice","Dagger Spray","Bane","Corpse Explosion","Quick Slash","Blade Dance+1","Poisoned Stab","Backflip","Poisoned Stab","Backstab+1","Quick Slash+1","Corpse Explosion","Cloak And Dagger+1","Die Die Die","Sucker Punch","Accuracy+1","Bane+1","Poisoned Stab+1","Escape Plan+1","After Image","Skewer+1"],"relics":["Ring of the Snake","NeowsBlessing","Pantograph","Mercury Hourglass","Mummified Hand","White Beast Statue","Happy Flower","Regal Pillow","MutagenicStrength","Dream Catcher","Nunchaku","The Courier","Ice Cream","Lee\u0027s Waffle","StoneCalendar","Bag of Marbles","Orichalcum"],"potions_floor_usage":[16,19,23,23,23,23,27,33,33,33,39,39,44,47,50,50,50],"damage_taken":[{"damage":0,"enemies":"Small Slimes","floor":1,"turns":1},{"damage":0,"enemies":"2 Louse","floor":2,"turns":1},{"damage":0,"enemies":"Lagavulin","floor":6,"turns":1},{"damage":0,"enemies":"Cultist","floor":7,"turns":3},{"damage":13,"enemies":"Lots of Slimes","floor":12,"turns":2},{"damage":0,"enemies":"Looter","floor":14,"turns":3},{"damage":20,"enemies":"Hexaghost","floor":16,"turns":12},{"damage":27,"enemies":"2 Thieves","floor":18,"turns":3},{"damage":10,"enemies":"Spheric Guardian","floor":19,"turns":4},{"damage":27,"enemies":"Slavers","floor":23,"turns":3},{"damage":15,"enemies":"Snake Plant","floor":25,"turns":4},{"damage":11,"enemies":"Snecko","floor":27,"turns":4},{"damage":15,"enemies":"Shelled Parasite and Fungi","floor":30,"turns":4},{"damage":18,"enemies":"Cultist and Chosen","floor":31,"turns":5},{"damage":51,"enemies":"Automaton","floor":33,"turns":8},{"damage":15,"enemies":"3 Darklings","floor":35,"turns":2},{"damage":12,"enemies":"3 Shapes","floor":36,"turns":1},{"damage":3,"enemies":"3 Darklings","floor":38,"turns":2},{"damage":29,"enemies":"Transient","floor":39,"turns":5},{"damage":17,"enemies":"Mind Bloom Boss Battle","floor":44,"turns":5},{"damage":25,"enemies":"Nemesis","floor":47,"turns":5},{"damage":81,"enemies":"Donu and Deca","floor":50,"turns":6}],"seed_played":"-1444976847339527129","potions_obtained":[{"floor":2,"key":"Ancient Potion"},{"floor":6,"key":"Weak Potion"},{"floor":16,"key":"Strength Potion"},{"floor":18,"key":"EntropicBrew"},{"floor":19,"key":"Poison Potion"},{"floor":23,"key":"Dexterity Potion"},{"floor":25,"key":"Weak Potion"},{"floor":27,"key":"FearPotion"},{"floor":30,"key":"Strength Potion"},{"floor":31,"key":"Regen Potion"},{"floor":33,"key":"Poison Potion"},{"floor":35,"key":"Dexterity Potion"},{"floor":36,"key":"AttackPotion"},{"floor":39,"key":"SpeedPotion"},{"floor":44,"key":"AttackPotion"},{"floor":47,"key":"Energy Potion"}],"is_trial":false,"path_per_floor":["M","M","?","?","?","E","M","?","T","?","R","M","R","M","R","B",null,"M","M","$","?","?","E","R","M","T","M","?","R","M","M","R","B",null,"M","M","?","M","M","R","?","?","T","?","$","?","E","$","R","B",null],"character_chosen":"THE_SILENT","items_purchased":["Happy Flower","Regal Pillow","Lee\u0027s Waffle","StoneCalendar","Bag of Marbles","PowerPotion","FearPotion","Skewer"],"campfire_rested":6,"item_purchase_floors":[20,20,45,45,45,48,48,48],"current_hp_per_floor":[70,70,70,56,61,61,61,43,43,43,65,52,74,74,74,55,75,48,38,38,38,38,11,48,33,33,22,22,59,44,26,63,33,75,60,48,48,45,16,53,53,53,53,58,82,82,57,57,57,1],"gold":252,"neow_bonus":"THREE_ENEMY_KILL","is_prod":false,"is_daily":false,"chose_seed":false,"campfire_upgraded":2,"win_rate":0,"timestamp":1544504442,"path_taken":["M","M","?","?","?","E","M","?","T","?","R","?","R","M","R","BOSS","M","?","$","?","?","E","R","M","T","M","?","R","M","?","R","BOSS","M","M","?","?","M","R","?","?","T","?","?","?","E","$","R","BOSS"],"build_version":"2018-12-06","purchased_purges":0,"victory":true,"max_hp_per_floor":[70,70,70,70,75,75,75,75,75,75,75,75,75,75,75,75,75,75,75,75,75,75,75,75,75,75,75,75,75,75,75,75,75,75,75,75,75,75,75,75,75,75,75,75,82,82,82,82,82,82],"card_choices":[{"not_picked":["Quick Slash","Deadly Poison"],"picked":"Flying Knee","floor":1},{"not_picked":["Tactician","Underhanded Strike"],"picked":"Dash","floor":2},{"not_picked":["Masterful Stab","Dash"],"picked":"Deadly Poison","floor":6},{"not_picked":["Cloak And Dagger","Wraith Form v2"],"picked":"Slice","floor":7},{"not_picked":["Dagger Throw","Well Laid Plans"],"picked":"Dagger Spray","floor":12},{"not_picked":["Reflex","Finisher"],"picked":"Bane","floor":14},{"not_picked":["A Thousand Cuts","Burst"],"picked":"Corpse Explosion","floor":16},{"not_picked":["Escape Plan","Outmaneuver"],"picked":"Quick Slash","floor":18},{"not_picked":["Quick Slash+1","Dagger Spray"],"picked":"Blade Dance+1","floor":19},{"not_picked":["Blur","Unload"],"picked":"Poisoned Stab","floor":23},{"not_picked":["Slice","PiercingWail"],"picked":"Backflip","floor":24},{"not_picked":["Deadly Poison","Cloak And Dagger+1"],"picked":"Poisoned Stab","floor":25},{"not_picked":["Dodge and Roll","Flying Knee","Quick Slash"],"picked":"SKIP","floor":27},{"not_picked":["Footwork","Acrobatics+1"],"picked":"Backstab+1","floor":29},{"not_picked":["All Out Attack","Finisher"],"picked":"Quick Slash+1","floor":30},{"not_picked":["Blade Dance+1","Flying Knee+1"],"picked":"Corpse Explosion","floor":31},{"not_picked":["Finisher","Slice"],"picked":"Cloak And Dagger+1","floor":32},{"not_picked":["A Thousand Cuts","Malaise"],"picked":"Die Die Die","floor":33},{"not_picked":["Underhanded Strike","Dagger Throw"],"picked":"Sucker Punch","floor":35},{"not_picked":["Sucker Punch","Dagger Spray"],"picked":"Accuracy+1","floor":36},{"not_picked":["Leg Sweep+1","Underhanded Strike"],"picked":"Bane+1","floor":38},{"not_picked":["Blur+1","Backflip"],"picked":"Poisoned Stab+1","floor":39},{"not_picked":["PiercingWail","Outmaneuver"],"picked":"Escape Plan+1","floor":40},{"not_picked":["Sucker Punch+1","Backflip+1"],"picked":"After Image","floor":47}],"player_experience":214715,"relics_obtained":[{"floor":6,"key":"Pantograph"},{"floor":9,"key":"Mercury Hourglass"},{"floor":23,"key":"Dream Catcher"},{"floor":26,"key":"Nunchaku"},{"floor":43,"key":"The Courier"},{"floor":44,"key":"Ice Cream"},{"floor":47,"key":"Orichalcum"}],"event_choices":[{"damage_healed":0,"gold_gain":0,"player_choice":"Leave","damage_taken":0,"max_hp_gain":0,"max_hp_loss":0,"event_name":"The Cleric","floor":3,"gold_loss":0},{"damage_healed":0,"gold_gain":0,"player_choice":"Entered Light","damage_taken":14,"max_hp_gain":0,"max_hp_loss":0,"event_name":"Shining Light","floor":4,"gold_loss":0,"cards_upgraded":["Defend_G","Strike_G"]},{"damage_healed":0,"gold_gain":0,"player_choice":"Donut","damage_taken":0,"max_hp_gain":5,"max_hp_loss":0,"event_name":"Big Fish","floor":5,"gold_loss":0},{"damage_healed":0,"gold_gain":0,"player_choice":"Take Damage","damage_taken":18,"relics_obtained":["Golden Idol"],"max_hp_gain":0,"max_hp_loss":0,"event_name":"Golden Idol","floor":8,"gold_loss":0},{"damage_healed":0,"gold_gain":0,"player_choice":"Gave Potion","damage_taken":0,"relics_obtained":["Mummified Hand"],"max_hp_gain":0,"max_hp_loss":0,"event_name":"WeMeetAgain","floor":10,"gold_loss":0},{"damage_healed":0,"gold_gain":0,"player_choice":"Simplicity","damage_taken":0,"max_hp_gain":0,"max_hp_loss":0,"event_name":"Back to Basics","floor":21,"gold_loss":0,"cards_upgraded":["Defend_G","Defend_G","Defend_G","Defend_G","Strike_G","Strike_G","Strike_G","Strike_G"]},{"damage_healed":0,"gold_gain":0,"player_choice":"Inject Mutagens","damage_taken":0,"relics_obtained":["MutagenicStrength"],"max_hp_gain":0,"max_hp_loss":0,"event_name":"Drug Dealer","floor":22,"gold_loss":0},{"cards_removed":["Defend_G"],"damage_healed":0,"gold_gain":0,"player_choice":"Offered Basic","damage_taken":0,"max_hp_gain":0,"max_hp_loss":0,"event_name":"Bonfire Elementals","floor":28,"gold_loss":0},{"damage_healed":0,"gold_gain":0,"player_choice":"Ignored","damage_taken":0,"max_hp_gain":0,"max_hp_loss":0,"event_name":"NoteForYourself","floor":37,"gold_loss":0},{"cards_removed":["Strike_G"],"damage_healed":0,"gold_gain":0,"player_choice":"Removed Attack","damage_taken":0,"max_hp_gain":0,"max_hp_loss":0,"event_name":"Falling","floor":41,"gold_loss":0},{"damage_healed":0,"gold_gain":0,"player_choice":"Ignored","damage_taken":0,"max_hp_gain":0,"max_hp_loss":0,"event_name":"Mysterious Sphere","floor":42,"gold_loss":0},{"damage_healed":0,"gold_gain":0,"player_choice":"Fight","damage_taken":0,"max_hp_gain":0,"max_hp_loss":0,"event_name":"MindBloom","floor":44,"gold_loss":0},{"damage_healed":0,"gold_gain":333,"player_choice":"Gave Idol","damage_taken":0,"max_hp_gain":0,"max_hp_loss":0,"event_name":"The Moai Head","floor":46,"relics_lost":["Golden Idol"],"gold_loss":0}],"is_beta":false,"boss_relics":[{"not_picked":["Eternal Feather","Fusion Hammer"],"picked":"White Beast Statue"},{"not_picked":["Pandora\u0027s Box","HoveringKite","Coffee Dripper"]}],"items_purged_floors":[],"is_endless":false,"potions_floor_spawned":[2,6,16,18,19,23,25,27,30,31,33,35,36,38,39,44,47],"ascension_level":0}