{"gold_per_floor":[362,15,15,28,47,74,74,92,92,107,120,120],"floor_reached":12,"playtime":1145,"items_purged":["Strike_G"],"score":164,"play_id":"f600dab0-afba-4f6d-9b10-4af9a6adf2c2","local_time":"20190503182159","is_ascension_mode":true,"campfire_choices":[{"floor":7,"key":"REST"}],"neow_cost":"PERCENT_DAMAGE","seed_source_timestamp":187885160869332,"circlet_count":0,"master_deck":["AscendersBane","Defend_G","Defend_G","Defend_G","Defend_G","Defend_G","Strike_G","Strike_G","Strike_G","Strike_G","Survivor","Neutralize","Flying Knee","Backstab","Footwork","Deadly Poison","Deflect","Caltrops","Escape Plan","Catalyst","Footwork","Backflip","Slice"],"special_seed":0,"relics":["Ring of the Snake","Membership Card","Prayer Wheel","Mummified Hand"],"potions_floor_usage":[6,6,10,11,12],"damage_taken":[{"damage":1.0,"enemies":"Small Slimes","floor":1.0,"turns":3.0},{"damage":0,"enemies":"Cultist","floor":4,"turns":3},{"damage":0,"enemies":"Jaw Worm","floor":5,"turns":3},{"damage":22,"enemies":"3 Sentries","floor":6,"turns":16},{"damage":9,"enemies":"Gremlin Gang","floor":8,"turns":4},{"damage":7,"enemies":"Looter","floor":10,"turns":3},{"damage":18,"enemies":"Exordium Thugs","floor":11,"turns":5},{"damage":16,"enemies":"Gremlin Gang","floor":12,"turns":4}],"seed_played":"8039837650484973231","potions_obtained":[{"floor":3,"key":"GhostInAJar"},{"floor":3,"key":"FearPotion"},{"floor":6,"key":"EssenceOfSteel"},{"floor":8,"key":"SpeedPotion"},{"floor":10,"key":"Weak Potion"}],"is_trial":false,"path_per_floor":["M","$","?","M","M","E","R","M","T","M","M","M"],"character_chosen":"THE_SILENT","items_purchased":["Membership Card","Backstab","Footwork","Deadly Poison"],"campfire_rested":1,"item_purchase_floors":[2,2,2,2],"current_hp_per_floor":[43,43,43,43,43,21,40,31,31,24,6,0],"gold":120,"neow_bonus":"TWO_FIFTY_GOLD","is_prod":false,"is_daily":false,"chose_seed":false,"campfire_upgraded":0,"win_rate":0,"timestamp":1556900519,"path_taken":["M","$","?","M","M","E","R","M","T","M","M","M"],"build_version":"2019-01-23","purchased_purges":1,"victory":false,"max_hp_per_floor":[66,66,66,66,66,66,66,66,66,66,66,66],"card_choices":[{"not_picked":["Dagger Spray","Acrobatics"],"picked":"Flying Knee","floor":1.0},{"not_picked":["Deadly Poison","Distraction","Eviscerate"],"picked":"SKIP","floor":4},{"not_picked":["Deadly Poison","Distraction","Eviscerate"],"picked":"SKIP","floor":4},{"not_picked":["Prepared","Outmaneuver"],"picked":"Deflect","floor":5},{"not_picked":["Slice","Setup"],"picked":"Caltrops","floor":6},{"not_picked":["Riddle With Holes","Concentrate"],"picked":"Escape Plan","floor":8},{"not_picked":["Choke","Calculated Gamble"],"picked":"Catalyst","floor":8},{"not_picked":["Flying Knee","Dagger Throw"],"picked":"Footwork","floor":10},{"not_picked":["Calculated Gamble","Flying Knee"],"picked":"Backflip","floor":10},{"not_picked":["Prepared","Quick Slash"],"picked":"Slice","floor":11},{"not_picked":["Expertise","Bane","Cloak And Dagger"],"picked":"SKIP","floor":11}],"player_experience":1952599,"relics_obtained":[{"floor":6,"key":"Prayer Wheel"},{"floor":9,"key":"Mummified Hand"}],"event_choices":[{"damage_healed":0,"gold_gain":0,"player_choice":"Got Potions","damage_taken":0,"max_hp_gain":0,"max_hp_loss":0,"event_name":"Lab","floor":3,"gold_loss":0}],"is_beta":false,"boss_relics":[],"items_purged_floors":[2],"is_endless":false,"potions_floor_spawned":[5,6,8,10],"killed_by":"Gremlin Gang","ascension_level":20}