{"gold_per_floor":[114,72,72,0,15,15,30,60,135,135,150,150,150,165,165,265,265,280,5,20,35,134,134,134,41,41,41,41,56,71,86,86,86],"floor_reached":33,"playtime":2058,"items_purged":["Concentrate+1"],"score":247,"play_id":"1cb19c5e-53c8-4e29-aa76-b13a682e3b50","local_time":"20181125183741","daily_mods":["Draft","Green Cards","Night Terrors"],"is_ascension_mode":false,"campfire_choices":[{"data":"Bouncing Flask","floor":6,"key":"SMITH"},{"data":"Concentrate","floor":12,"key":"SMITH"},{"data":"Flex","floor":15,"key":"SMITH"},{"data":"Bane","floor":24,"key":"SMITH"},{"data":"Infernal Blade","floor":27,"key":"SMITH"},{"floor":32,"key":"REST"}],"neow_cost":"","seed_source_timestamp":0,"circlet_count":0,"master_deck":["Cleave","Flex+1","Noxious Fumes","Backflip","Thunderclap","Flame Barrier","Shockwave","Anger","Sucker Punch","Sword Boomerang","Dagger Spray","Bouncing Flask+1","Backflip","Pommel Strike","Shrug It Off","Quick Slash","Bane+1","Infernal Blade+1","Heavy Blade","Purity"],"special_seed":17861,"relics":["Black Blood","Torii","Dodecahedron","Anchor","Sling","MutagenicStrength","Darkstone Periapt"],"potions_floor_usage":[5,5,8,16,20,21,29,33],"damage_taken":[{"damage":15,"enemies":"Jaw Worm","floor":1,"turns":3},{"damage":0,"enemies":"Small Slimes","floor":5,"turns":3},{"damage":0,"enemies":"Cultist","floor":7,"turns":3},{"damage":6,"enemies":"Gremlin Nob","floor":8,"turns":3},{"damage":1,"enemies":"3 Louse","floor":11,"turns":4},{"damage":0,"enemies":"Blue Slaver","floor":14,"turns":2},{"damage":25,"enemies":"Hexaghost","floor":16,"turns":6},{"damage":0,"enemies":"3 Byrds","floor":18,"turns":2},{"damage":0,"enemies":"Chosen","floor":20,"turns":3},{"damage":2,"enemies":"3 Cultists","floor":21,"turns":4},{"damage":0,"enemies":"Sentry and Sphere","floor":29,"turns":3},{"damage":6,"enemies":"Snake Plant","floor":30,"turns":3},{"damage":30,"enemies":"Centurion and Healer","floor":31,"turns":6},{"damage":76,"enemies":"Champ","floor":33,"turns":9}],"seed_played":"2208909226948052385","potions_obtained":[{"floor":3,"key":"SmokeBomb"},{"floor":3,"key":"Explosive Potion"},{"floor":3,"key":"Ancient Potion"},{"floor":7,"key":"SpeedPotion"},{"floor":11,"key":"AttackPotion"},{"floor":16,"key":"SteroidPotion"},{"floor":20,"key":"SpeedPotion"},{"floor":21,"key":"Swift Potion"},{"floor":30,"key":"GamblersBrew"}],"is_trial":false,"path_per_floor":["M","?","?","$","M","R","M","E","T","?","M","R","T","M","R","B",null,"M","$","M","M","?","?","R","$","T","R","$","M","M","M","R","B"],"character_chosen":"IRONCLAD","items_purchased":["Shrug It Off","Quick Slash","Sling","Purity"],"campfire_rested":1,"item_purchase_floors":[4,4,19,25],"current_hp_per_floor":[71,71,71,71,77,77,80,80,80,80,80,80,80,80,80,61,80,80,80,80,80,80,80,80,80,80,80,80,80,80,60,75,0],"gold":86,"neow_bonus":"","is_prod":false,"is_daily":true,"chose_seed":false,"campfire_upgraded":5,"win_rate":0,"timestamp":1543199861,"path_taken":["M","?","?","$","M","R","?","E","T","?","M","R","?","M","R","BOSS","M","$","M","M","?","?","R","$","T","R","?","M","M","M","R","BOSS"],"build_version":"2018-11-15","purchased_purges":1,"victory":false,"max_hp_per_floor":[80,80,80,80,80,80,80,80,80,80,80,80,80,80,80,80,80,80,80,80,80,80,80,80,80,80,80,80,80,80,80,75,75],"card_choices":[{"not_picked":["True Grit","Infinite Blades"],"picked":"Cleave","floor":0},{"not_picked":["Seeing Red","Wild Strike"],"picked":"Clash","floor":0},{"not_picked":["Dodge and Roll","Outmaneuver"],"picked":"Flex","floor":0},{"not_picked":["Heel Hook","Cloak And Dagger"],"picked":"Noxious Fumes","floor":0},{"not_picked":["Shrug It Off","Wild Strike"],"picked":"Backflip","floor":0},{"not_picked":["Disarm","All Out Attack"],"picked":"Thunderclap","floor":0},{"not_picked":["Cloak And Dagger","Underhanded Strike"],"picked":"Flame Barrier","floor":0},{"not_picked":["Headbutt","Intimidate"],"picked":"Shockwave","floor":0},{"not_picked":["Bane","Accuracy"],"picked":"Anger","floor":0},{"not_picked":["Twin Strike","Prepared"],"picked":"Sucker Punch","floor":0},{"not_picked":["Expertise","Flame Barrier"],"picked":"Concentrate","floor":0},{"not_picked":["Sucker Punch","Quick Slash"],"picked":"Sword Boomerang","floor":0},{"not_picked":["Thunderclap","Endless Agony"],"picked":"Dagger Spray","floor":0},{"not_picked":["Perfected Strike","True Grit"],"picked":"Bouncing Flask","floor":0},{"not_picked":["Clothesline","Spot Weakness"],"picked":"Backflip","floor":0},{"not_picked":["Wild Strike","Entrench"],"picked":"Pommel Strike","floor":1},{"not_picked":["Warcry","Accuracy","Dagger Spray"],"picked":"SKIP","floor":5},{"not_picked":["Iron Wave","Night Terror"],"picked":"Bane","floor":7},{"not_picked":["Dodge and Roll","Choke"],"picked":"Infernal Blade","floor":8},{"not_picked":["Corruption","Endless Agony","Body Slam"],"picked":"SKIP","floor":11},{"not_picked":["Caltrops","Armaments","Twin Strike"],"picked":"SKIP","floor":14},{"not_picked":["Endless Agony","Twin Strike","Cleave"],"picked":"SKIP","floor":18},{"not_picked":["Pommel Strike","Dagger Spray"],"picked":"Heavy Blade","floor":20},{"not_picked":["Tactician+1","Entrench","Battle Trance"],"picked":"SKIP","floor":21},{"not_picked":["Acrobatics","Headbutt+1","Calculated Gamble+1"],"picked":"SKIP","floor":29},{"not_picked":["Noxious Fumes","Perfected Strike","Blood for Blood+1"],"picked":"SKIP","floor":30},{"not_picked":["Rupture","Poisoned Stab+1","Caltrops+1"],"picked":"SKIP","floor":31}],"player_experience":95209,"relics_obtained":[{"floor":8,"key":"Torii"},{"floor":9,"key":"Dodecahedron"},{"floor":13,"key":"Anchor"},{"floor":26,"key":"Darkstone Periapt"}],"event_choices":[{"damage_healed":0,"gold_gain":0,"player_choice":"Left Gold","damage_taken":0,"max_hp_gain":0,"max_hp_loss":0,"event_name":"World of Goop","floor":2,"gold_loss":42},{"damage_healed":0,"gold_gain":0,"player_choice":"Got Potions","damage_taken":0,"max_hp_gain":0,"max_hp_loss":0,"event_name":"Lab","floor":3,"gold_loss":0},{"cards_removed":["Clash"],"damage_healed":0,"gold_gain":0,"player_choice":"Forget","damage_taken":0,"max_hp_gain":0,"max_hp_loss":0,"event_name":"Living Wall","floor":10,"gold_loss":0},{"damage_healed":0,"gold_gain":99,"player_choice":"Stole From Cult","damage_taken":0,"max_hp_gain":0,"max_hp_loss":0,"event_name":"Nest","floor":22,"gold_loss":0},{"damage_healed":0,"gold_gain":0,"player_choice":"Inject Mutagens","damage_taken":0,"relics_obtained":["MutagenicStrength"],"max_hp_gain":0,"max_hp_loss":0,"event_name":"Drug Dealer","floor":23,"gold_loss":0}],"is_beta":false,"boss_relics":[{"not_picked":["Tiny House","Runic Cube"],"picked":"Black Blood"}],"items_purged_floors":[19],"is_endless":false,"potions_floor_spawned":[7,11,16,20,21,30],"killed_by":"Champ","ascension_level":0}