{"gold_per_floor":[144,244,289,334,379,379,424,469,494,494,524,16,16,16,16,316,316,361,361,11,56,56,56,56,101,101,126,171,171],"floor_reached":29,"playtime":860,"items_purged":[],"score":365,"play_id":"2d97fd12-dc31-4e89-a78e-a5ef7c75b55a","local_time":"20190402221017","daily_mods":["Heirloom","Hoarder","Midas"],"is_ascension_mode":false,"campfire_choices":[{"floor":6,"key":"REST"},{"floor":10,"key":"REST"},{"floor":13,"key":"REST"},{"floor":15,"key":"REST"},{"floor":23,"key":"REST"}],"neow_cost":"","seed_source_timestamp":1294596315381252,"circlet_count":0,"master_deck":["Defend_G","Defend_G","Defend_G","Defend_G","Defend_G","Strike_G","Strike_G","Strike_G","Strike_G","Strike_G","Survivor","Neutralize","Predator","Predator","Predator","Bane","Bane","Bane","Quick Slash","Quick Slash","Quick Slash","Flying Knee","Flying Knee","Flying Knee","Deadly Poison","Deadly Poison","Deadly Poison","Violence","Violence","Violence","Infinite Blades","Infinite Blades","Infinite Blades","Phantasmal Killer","Phantasmal Killer","Phantasmal Killer","Accuracy","Accuracy","Accuracy","Accuracy","Accuracy","Accuracy","Writhe","Writhe","Writhe","Parasite","Parasite","Parasite"],"special_seed":17989,"relics":["Ring of the Snake","StoneCalendar","Lantern","Tiny Chest","Mercury Hourglass","Cursed Key","Bottled Tornado","Potion Belt","Blood Vial"],"potions_floor_usage":[16,16,21,21,28,28],"damage_taken":[{"damage":0,"enemies":"Jaw Worm","floor":1,"turns":4},{"damage":4,"enemies":"Cultist","floor":3,"turns":3},{"damage":7,"enemies":"2 Louse","floor":4,"turns":2},{"damage":14,"enemies":"Large Slime","floor":5,"turns":7},{"damage":31,"enemies":"Exordium Wildlife","floor":7,"turns":5},{"damage":6,"enemies":"Red Slaver","floor":8,"turns":3},{"damage":65,"enemies":"The Guardian","floor":16,"turns":6},{"damage":12,"enemies":"Shell Parasite","floor":18,"turns":2},{"damage":10,"enemies":"3 Byrds","floor":21,"turns":3},{"damage":37,"enemies":"Snake Plant","floor":25,"turns":3},{"damage":31,"enemies":"Centurion and Healer","floor":28,"turns":4},{"damage":12,"enemies":"Shelled Parasite and Fungi","floor":29,"turns":2}],"seed_played":"8059318561791735055","potions_obtained":[{"floor":1,"key":"Swift Potion"},{"floor":5,"key":"Strength Potion"},{"floor":7,"key":"AttackPotion"},{"floor":25,"key":"GamblersBrew"}],"is_trial":false,"path_per_floor":["M","?","M","M","M","R","M","M","T","R","T","$","R","$","R","B",null,"M","?","$","M","?","R","$","M","T","T","M","M"],"character_chosen":"THE_SILENT","items_purchased":["Violence","Mercury Hourglass","Infinite Blades","Bottled Tornado","Fire Potion","Swift Potion"],"campfire_rested":5,"item_purchase_floors":[12,12,12,20,20,20],"current_hp_per_floor":[70,70,66,59,45,66,35,29,29,50,50,50,70,70,70,5,70,58,45,45,35,60,75,75,38,38,38,9,0],"gold":171,"neow_bonus":"","is_prod":false,"is_daily":true,"chose_seed":false,"campfire_upgraded":0,"win_rate":0,"timestamp":1554268217,"path_taken":["M","?","M","M","?","R","?","?","T","R","?","$","R","$","R","BOSS","M","?","$","M","?","R","?","?","T","?","M","M"],"build_version":"2019-01-23","purchased_purges":0,"victory":false,"max_hp_per_floor":[70,70,70,70,70,70,70,70,70,70,70,70,70,70,70,70,70,70,75,75,75,75,75,75,75,75,75,75,75],"card_choices":[{"not_picked":["Choke","Dodge and Roll"],"picked":"Predator","floor":1},{"not_picked":["All Out Attack","Riddle With Holes"],"picked":"Bane","floor":3},{"not_picked":["Prepared","Cloak And Dagger"],"picked":"Quick Slash","floor":4},{"not_picked":["Quick Slash","Finisher","All Out Attack"],"picked":"SKIP","floor":5},{"not_picked":["Bane","Dagger Spray"],"picked":"Flying Knee","floor":7},{"not_picked":["Accuracy","Bane"],"picked":"Deadly Poison","floor":8},{"not_picked":["Storm of Steel","Grand Finale"],"picked":"Phantasmal Killer","floor":16},{"not_picked":["Underhanded Strike+1","Escape Plan"],"picked":"Accuracy","floor":18},{"not_picked":["PiercingWail","Escape Plan+1"],"picked":"Accuracy","floor":21},{"not_picked":["Tactician","Flying Knee","Bane+1"],"picked":"SKIP","floor":25},{"not_picked":["Tactician","Underhanded Strike","Eviscerate"],"picked":"SKIP","floor":28}],"player_experience":391972,"relics_obtained":[{"floor":9,"key":"Lantern"},{"floor":11,"key":"Tiny Chest"},{"floor":26,"key":"Potion Belt"},{"floor":27,"key":"Blood Vial"}],"event_choices":[{"damage_healed":0,"gold_gain":100,"player_choice":"Pray","damage_taken":0,"max_hp_gain":0,"max_hp_loss":0,"event_name":"Golden Shrine","floor":2,"gold_loss":0},{"damage_healed":0,"gold_gain":0,"player_choice":"Shed Blood","damage_taken":18,"max_hp_gain":5,"max_hp_loss":0,"event_name":"Forgotten Altar","floor":19,"gold_loss":0},{"damage_healed":25,"gold_gain":0,"player_choice":"Heal","damage_taken":0,"max_hp_gain":0,"max_hp_loss":0,"event_name":"The Library","floor":22,"gold_loss":0}],"is_beta":false,"boss_relics":[{"not_picked":["WristBlade","White Beast Statue"],"picked":"Cursed Key"}],"items_purged_floors":[],"is_endless":false,"potions_floor_spawned":[1,5,7,25],"killed_by":"Shelled Parasite and Fungi","ascension_level":0}