{"gold_per_floor":[114,114,130,146,165,165,179,190,190,200,228,228,228,228,228,324,324,343,361,52,63,76,76,1,1,1,1,1,1,21,32,32,137,137,157,177,191,191],"floor_reached":38,"playtime":4761,"items_purged":[],"score":382,"play_id":"d8197dbc-7568-41dc-bd32-785cda410e65","local_time":"20190503224446","is_ascension_mode":false,"campfire_choices":[{"data":"White Noise","floor":6,"key":"SMITH"},{"data":"Genetic Algorithm","floor":12,"key":"SMITH"},{"data":"Reinforced Body","floor":15,"key":"SMITH"},{"data":"Rainbow","floor":23,"key":"SMITH"},{"data":"Defragment","floor":25,"key":"SMITH"},{"data":"Redo","floor":28,"key":"SMITH"},{"floor":32,"key":"REST"}],"neow_cost":"NONE","seed_source_timestamp":42996302997038,"circlet_count":0,"master_deck":["Strike_B","Strike_B","Strike_B","Defend_B","Defend_B","Defend_B","Defend_B","Zap","Dualcast","Conserve Battery","Reinforced Body+1","Auto Shields","Beam Cell","White Noise+1","Chaos+1","Genetic Algorithm+1","Rebound","BootSequence","Rainbow+1","Defragment+1","Redo+1","Fusion","Reinforced Body","FTL","Necronomicurse","Double Energy","Loop","Echo Form","Hologram+1","Darkness+1","Parasite"],"relics":["FrozenCore","NeowsBlessing","PreservedInsect","Kunai","Mummified Hand","Matryoshka","Vajra","Necronomicon","Nloth\u0027s Gift"],"potions_floor_usage":[16,16,16,30,31,37,38],"damage_taken":[{"damage":0,"enemies":"2 Louse","floor":1,"turns":1},{"damage":0,"enemies":"Cultist","floor":3,"turns":1},{"damage":0,"enemies":"Jaw Worm","floor":4,"turns":1},{"damage":0,"enemies":"3 Louse","floor":5,"turns":4},{"damage":0,"enemies":"Large Slime","floor":7,"turns":6},{"damage":30,"enemies":"Gremlin Gang","floor":8,"turns":8},{"damage":4,"enemies":"3 Louse","floor":10,"turns":4},{"damage":6,"enemies":"Lagavulin","floor":11,"turns":7},{"damage":20,"enemies":"The Guardian","floor":16,"turns":17},{"damage":14,"enemies":"Chosen","floor":18,"turns":7},{"damage":0,"enemies":"Shell Parasite","floor":19,"turns":6},{"damage":4,"enemies":"Chosen and Byrds","floor":21,"turns":5},{"damage":0,"enemies":"Snecko","floor":22,"turns":7},{"damage":8,"enemies":"Centurion and Healer","floor":30,"turns":7},{"damage":20,"enemies":"Shelled Parasite and Fungi","floor":31,"turns":5},{"damage":24,"enemies":"Automaton","floor":33,"turns":13},{"damage":8,"enemies":"3 Shapes","floor":35,"turns":7},{"damage":24,"enemies":"Orb Walker","floor":36,"turns":8},{"damage":19,"enemies":"3 Darklings","floor":37,"turns":10},{"damage":57,"enemies":"Writhing Mass","floor":38,"turns":5}],"seed_played":"1431142785086748876","potions_obtained":[{"floor":1,"key":"SpeedPotion"},{"floor":7,"key":"PowerPotion"},{"floor":10,"key":"SkillPotion"},{"floor":16,"key":"PowerPotion"},{"floor":30,"key":"Explosive Potion"},{"floor":33,"key":"EssenceOfSteel"}],"is_trial":false,"path_per_floor":["M","?","M","M","M","R","M","M","T","M","E","R","T","?","R","B",null,"M","M","$","M","M","R","$","R","T","?","R","?","M","M","R","B",null,"M","M","M","M"],"character_chosen":"DEFECT","items_purchased":["Matryoshka","Fusion","Regen Potion"],"campfire_rested":1,"item_purchase_floors":[20,20,24],"current_hp_per_floor":[75,75,75,75,75,75,75,45,45,41,35,35,35,35,35,15,75,61,61,61,57,57,57,57,57,64,48,48,48,55,35,59,35,82,74,50,31,0],"gold":191,"neow_bonus":"THREE_ENEMY_KILL","is_prod":false,"is_daily":false,"chose_seed":false,"campfire_upgraded":6,"win_rate":0.0,"timestamp":1556916286,"path_taken":["M","?","?","M","M","R","M","M","T","?","E","R","?","?","R","BOSS","M","M","$","M","M","R","$","R","T","?","R","?","M","M","R","BOSS","M","M","?","M"],"build_version":"2019-01-23","purchased_purges":0,"victory":false,"max_hp_per_floor":[75,75,75,75,75,75,75,75,75,75,75,75,75,75,75,75,75,75,75,75,75,75,75,75,75,82,82,82,82,82,82,82,82,82,82,82,82,82],"card_choices":[{"not_picked":["Double Energy","Hologram"],"picked":"Conserve Battery","floor":1},{"not_picked":["Stack","Rebound"],"picked":"Auto Shields","floor":3},{"not_picked":["Hello World","Rebound"],"picked":"Beam Cell","floor":4},{"not_picked":["Beam Cell","Rebound"],"picked":"White Noise","floor":5},{"not_picked":["Sweeping Beam","Gash"],"picked":"Chaos","floor":7},{"not_picked":["Barrage","Machine Learning"],"picked":"Genetic Algorithm","floor":8},{"not_picked":["Auto Shields","Redo"],"picked":"Rebound","floor":10},{"not_picked":["Beam Cell","Steam"],"picked":"BootSequence","floor":11},{"not_picked":["All For One","Thunder Strike"],"picked":"Rainbow","floor":16},{"not_picked":["Fusion+1","Genetic Algorithm"],"picked":"Defragment","floor":18},{"not_picked":["Coolheaded","Stack"],"picked":"Redo","floor":19},{"not_picked":["Beam Cell+1","Ball Lightning"],"picked":"Reinforced Body","floor":21},{"not_picked":["Steam","Coolheaded"],"picked":"FTL","floor":22},{"not_picked":["Chill+1","Lockon"],"picked":"Double Energy","floor":30},{"not_picked":["Rip and Tear","Go for the Eyes+1"],"picked":"Loop","floor":31},{"not_picked":["Multi-Cast","Biased Cognition"],"picked":"Echo Form","floor":33},{"not_picked":["Cold Snap","Hello World+1","Compile Driver+1"],"picked":"SKIP","floor":35},{"not_picked":["Scrape+1","Steam"],"picked":"Hologram+1","floor":36},{"not_picked":["Streamline","Steam+1"],"picked":"Darkness+1","floor":37}],"player_experience":147250,"relics_obtained":[{"floor":9,"key":"PreservedInsect"},{"floor":11,"key":"Kunai"},{"floor":13,"key":"Mummified Hand"},{"floor":26,"key":"Strawberry"},{"floor":26,"key":"Vajra"},{"floor":27,"key":"Necronomicon"}],"event_choices":[{"damage_healed":0,"gold_gain":0,"cards_transformed":["Strike_B"],"player_choice":"Transformed","damage_taken":0,"max_hp_gain":0,"max_hp_loss":0,"event_name":"Transmorgrifier","floor":2,"gold_loss":0,"cards_obtained":["Reinforced Body"]},{"damage_healed":0,"gold_gain":0,"player_choice":"Grow","damage_taken":0,"max_hp_gain":0,"max_hp_loss":0,"event_name":"Living Wall","floor":14,"gold_loss":0,"cards_upgraded":["Chaos"]},{"damage_healed":0,"gold_gain":0,"player_choice":"Obtained Book","damage_taken":16,"max_hp_gain":0,"max_hp_loss":0,"event_name":"Cursed Tome","floor":27,"gold_loss":0},{"damage_healed":0,"gold_gain":0,"player_choice":"Traded Relic","damage_taken":0,"relics_obtained":["Nloth\u0027s Gift"],"max_hp_gain":0,"max_hp_loss":0,"event_name":"N\u0027loth","floor":29,"relics_lost":["Strawberry"],"gold_loss":0}],"is_beta":false,"boss_relics":[{"not_picked":["Busted Crown","Runic Dome","Snecko Eye"]},{"not_picked":["Empty Cage","Astrolabe"],"picked":"FrozenCore"}],"items_purged_floors":[],"is_endless":false,"potions_floor_spawned":[1,7,10,16,30,33],"killed_by":"Writhing Mass","ascension_level":0}