{"gold_per_floor":[114,129,144,144,1,1,31,46,46,46],"floor_reached":10,"playtime":433,"items_purged":[],"score":68,"play_id":"8719aced-1dfa-4d5a-98b2-9f67e77ecd3a","local_time":"20190410202235","daily_mods":["Draft","Uncertain Future","Binary"],"is_ascension_mode":false,"campfire_choices":[{"data":"Catalyst","floor":6.0,"key":"SMITH"}],"neow_cost":"","seed_source_timestamp":0,"circlet_count":0,"master_deck":["Backflip","Outmaneuver","Deadly Poison","Dagger Throw","Backflip","Outmaneuver","Heel Hook","Acrobatics","Bane","Sucker Punch","Deadly Poison","Catalyst+1","Bane","Blur","Caltrops","Terror","Poisoned Stab","Setup","Noxious Fumes","Setup","Poisoned Stab","Deadly Poison"],"special_seed":17997,"relics":["Ring of the Snake","FaceOfCleric","Shovel","Dead Branch"],"potions_floor_usage":[8],"damage_taken":[{"damage":1.0,"enemies":"Cultist","floor":1.0,"turns":3.0},{"damage":11.0,"enemies":"Jaw Worm","floor":2.0,"turns":2.0},{"damage":5.0,"enemies":"2 Louse","floor":3.0,"turns":2.0},{"damage":46,"enemies":"3 Sentries","floor":7,"turns":6},{"damage":7,"enemies":"Blue Slaver","floor":8,"turns":2},{"damage":9,"enemies":"Gremlin Gang","floor":10,"turns":1}],"seed_played":"6366022716300994326","potions_obtained":[{"floor":7,"key":"Swift Potion"}],"is_trial":false,"path_per_floor":["M","M","M","?","$","R","E","M","T","M"],"character_chosen":"THE_SILENT","items_purchased":["Noxious Fumes","Setup"],"campfire_rested":0,"item_purchase_floors":[5,5],"current_hp_per_floor":[69,58,53,53,53,53,8,2,2,0],"gold":46,"neow_bonus":"","is_prod":false,"is_daily":true,"chose_seed":false,"campfire_upgraded":1,"win_rate":0,"timestamp":1554952955,"path_taken":["M","M","M","?","$","R","E","M","T","M"],"build_version":"2019-01-23","purchased_purges":0,"victory":false,"max_hp_per_floor":[70,70,70,70,70,70,71,72,72,72],"card_choices":[{"not_picked":["Underhanded Strike","Prepared"],"picked":"Backflip","floor":0.0},{"not_picked":["Deflect","Sucker Punch"],"picked":"Outmaneuver","floor":0.0},{"not_picked":["Outmaneuver","PiercingWail"],"picked":"Deadly Poison","floor":0.0},{"not_picked":["Tactician","Reflex"],"picked":"Dagger Throw","floor":0.0},{"not_picked":["Dodge and Roll","Sucker Punch"],"picked":"Backflip","floor":0.0},{"not_picked":["Cloak And Dagger","Quick Slash"],"picked":"Outmaneuver","floor":0.0},{"not_picked":["Backflip","Dodge and Roll"],"picked":"Heel Hook","floor":0.0},{"not_picked":["Sucker Punch","Underhanded Strike"],"picked":"Acrobatics","floor":0.0},{"not_picked":["Cloak And Dagger","Prepared"],"picked":"Bane","floor":0.0},{"not_picked":["Prepared","Dagger Throw"],"picked":"Sucker Punch","floor":0.0},{"not_picked":["Quick Slash","Dash"],"picked":"Deadly Poison","floor":0.0},{"not_picked":["Heel Hook","PiercingWail"],"picked":"Catalyst","floor":0.0},{"not_picked":["Reflex","Quick Slash"],"picked":"Bane","floor":0.0},{"not_picked":["Well Laid Plans","Blade Dance"],"picked":"Blur","floor":0.0},{"not_picked":["Underhanded Strike","Prepared"],"picked":"Caltrops","floor":0.0},{"not_picked":["Blade Dance"],"picked":"Terror","floor":1.0},{"not_picked":["Dodge and Roll"],"picked":"Poisoned Stab","floor":2.0},{"not_picked":["Predator"],"picked":"Setup","floor":3.0},{"not_picked":["All Out Attack"],"picked":"Poisoned Stab","floor":7},{"not_picked":["Caltrops"],"picked":"Deadly Poison","floor":8}],"player_experience":415548,"relics_obtained":[{"floor":7,"key":"Shovel"},{"floor":9,"key":"Dead Branch"}],"event_choices":[{"damage_healed":0.0,"max_hp_gain":0.0,"max_hp_loss":0.0,"gold_gain":0.0,"event_name":"FaceTrader","player_choice":"Trade","floor":4.0,"gold_loss":0.0,"damage_taken":0.0,"relics_obtained":["FaceOfCleric"]}],"is_beta":false,"boss_relics":[],"items_purged_floors":[],"is_endless":false,"potions_floor_spawned":[7],"killed_by":"Gremlin Gang","ascension_level":0}