{"gold_per_floor":[110,30,30,30,30,61,61,97,123,154,3,23,23,39,39,132,132,157,157,84,96,87,99,11,11,11,32,32,50,65,79,79,79],"floor_reached":33,"playtime":930,"items_purged":["Strike_G","Writhe"],"score":625,"play_id":"9088ff3c-cdd5-4b68-9d4c-9be083d38d6d","local_time":"20190501173553","is_ascension_mode":true,"campfire_choices":[{"data":"Terror","floor":7,"key":"SMITH"},{"data":"Footwork","floor":15,"key":"SMITH"},{"floor":23,"key":"REST"},{"data":"Catalyst","floor":25,"key":"SMITH"},{"floor":32,"key":"REST"}],"neow_cost":"NONE","seed_source_timestamp":3818376711788662,"circlet_count":0,"master_deck":["AscendersBane","Defend_G","Defend_G","Defend_G","Defend_G","Defend_G","Strike_G","Strike_G","Strike_G","Strike_G","Survivor","Neutralize","Bouncing Flask","Terror+1","Riddle With Holes","Footwork+1","Sucker Punch+1","Leg Sweep","Catalyst+1","Quick Slash+1","Deflect","Catalyst","Crippling Poison","Escape Plan"],"relics":["Ring of the Snake","NeowsBlessing","Golden Idol","Snake Skull","Molten Egg 2","Centennial Puzzle","Happy Flower","Cursed Key","MawBank","Lantern","PreservedInsect","Spirit Poop"],"potions_floor_usage":[10,22,27,33,33],"damage_taken":[{"damage":0,"enemies":"2 Louse","floor":1,"turns":1},{"damage":0,"enemies":"Lagavulin","floor":6,"turns":1},{"damage":0,"enemies":"Gremlin Nob","floor":8,"turns":1},{"damage":28,"enemies":"3 Sentries","floor":10,"turns":10},{"damage":0,"enemies":"Jaw Worm","floor":12,"turns":3},{"damage":4,"enemies":"Small Slimes","floor":14,"turns":3},{"damage":18,"enemies":"The Guardian","floor":16,"turns":11},{"damage":4,"enemies":"Chosen","floor":18,"turns":4},{"damage":11,"enemies":"2 Thieves","floor":22,"turns":4},{"damage":14,"enemies":"Sentry and Sphere","floor":27,"turns":5},{"damage":4,"enemies":"Shelled Parasite and Fungi","floor":29,"turns":8},{"damage":1,"enemies":"Cultist and Chosen","floor":30,"turns":3},{"damage":32,"enemies":"Sentry and Sphere","floor":31,"turns":5},{"damage":27,"enemies":"Automaton","floor":33,"turns":4}],"seed_played":"-1686388415813439344","potions_obtained":[{"floor":6,"key":"Weak Potion"},{"floor":10,"key":"GamblersBrew"},{"floor":18,"key":"Swift Potion"},{"floor":22,"key":"LiquidBronze"},{"floor":31,"key":"Ancient Potion"}],"is_trial":false,"path_per_floor":["M","$","?","?","$","E","R","E","T","E","$","M","?","M","R","B",null,"M","?","?","$","M","R","$","R","T","M","?","M","M","M","R","B"],"character_chosen":"THE_SILENT","items_purchased":["Terror","Leg Sweep"],"campfire_rested":2,"item_purchase_floors":[2,11],"current_hp_per_floor":[59,59,59,36,36,36,36,36,36,8,8,8,30,26,26,8,52,48,48,48,48,37,56,56,56,56,42,42,38,37,5,24,0],"gold":79,"neow_bonus":"THREE_ENEMY_KILL","is_prod":false,"is_daily":false,"chose_seed":false,"campfire_upgraded":3,"win_rate":0,"timestamp":1556728553,"path_taken":["M","$","?","?","?","E","R","E","T","E","$","M","?","?","R","BOSS","M","?","?","?","M","R","$","R","T","M","?","M","M","?","R","BOSS"],"build_version":"2019-01-23","purchased_purges":2,"victory":false,"max_hp_per_floor":[66,66,66,66,66,66,66,66,66,66,66,66,66,66,66,66,66,66,66,66,66,66,66,66,66,66,66,66,66,66,66,66,66],"card_choices":[{"not_picked":["PiercingWail","Tactician"],"picked":"Bouncing Flask","floor":1},{"not_picked":["Dodge and Roll","Flechettes"],"picked":"Riddle With Holes","floor":6},{"not_picked":["Masterful Stab","Sucker Punch"],"picked":"Footwork","floor":8},{"not_picked":["Deflect","PiercingWail"],"picked":"Sucker Punch+1","floor":10},{"not_picked":["Bane+1","Blur"],"picked":"Catalyst","floor":12},{"not_picked":["Outmaneuver","Acrobatics","Flying Knee+1"],"picked":"SKIP","floor":14},{"not_picked":["Reflex","Flying Knee+1"],"picked":"Quick Slash+1","floor":18},{"not_picked":["Blade Dance","Tactician","Masterful Stab+1"],"picked":"SKIP","floor":22},{"not_picked":["Backflip","PiercingWail"],"picked":"Deflect","floor":27},{"not_picked":["Outmaneuver","Backflip+1"],"picked":"Catalyst","floor":29},{"not_picked":["Deflect","Sucker Punch+1"],"picked":"Crippling Poison","floor":30},{"not_picked":["Masterful Stab+1","Envenom"],"picked":"Escape Plan","floor":31}],"player_experience":780267,"relics_obtained":[{"floor":6,"key":"Snake Skull"},{"floor":8,"key":"Molten Egg 2"},{"floor":9,"key":"Centennial Puzzle"},{"floor":10,"key":"Happy Flower"},{"floor":26,"key":"PreservedInsect"}],"event_choices":[{"damage_healed":0,"gold_gain":0,"player_choice":"Leave","damage_taken":0,"max_hp_gain":0,"max_hp_loss":0,"event_name":"The Cleric","floor":3,"gold_loss":0},{"damage_healed":0,"gold_gain":0,"player_choice":"Take Damage","damage_taken":23,"relics_obtained":["Golden Idol"],"max_hp_gain":0,"max_hp_loss":0,"event_name":"Golden Idol","floor":4,"gold_loss":0},{"damage_healed":22,"gold_gain":0,"player_choice":"Banana","damage_taken":0,"max_hp_gain":0,"max_hp_loss":0,"event_name":"Big Fish","floor":13,"gold_loss":0},{"damage_healed":0,"gold_gain":0,"player_choice":"Opened","damage_taken":0,"relics_obtained":["MawBank"],"max_hp_gain":0,"max_hp_loss":0,"event_name":"The Mausoleum","floor":19,"gold_loss":0,"cards_obtained":["Writhe"]},{"damage_healed":0,"gold_gain":0,"player_choice":"Obtained Relic","damage_taken":0,"relics_obtained":["Lantern"],"max_hp_gain":0,"max_hp_loss":0,"event_name":"Addict","floor":20,"gold_loss":85},{"cards_removed":["Doubt"],"damage_healed":0,"gold_gain":0,"player_choice":"Offered Curse","damage_taken":0,"relics_obtained":["Spirit Poop"],"max_hp_gain":0,"max_hp_loss":0,"event_name":"Bonfire Elementals","floor":28,"gold_loss":0}],"is_beta":false,"boss_relics":[{"not_picked":["Eternal Feather","Runic Pyramid"],"picked":"Cursed Key"}],"items_purged_floors":[11,24],"is_endless":false,"potions_floor_spawned":[6,10,18,22,31],"killed_by":"Automaton","ascension_level":20}