{"gold_per_floor":[114,43,43,63,63,63,95,95,95,128,147,147,159,175,175,279,279,292,292,304,304],"floor_reached":21,"playtime":744,"items_purged":[],"score":251,"play_id":"60a83c74-8a48-4840-a10d-ae1dcfe17c61","local_time":"20190402234349","is_ascension_mode":true,"campfire_choices":[{"data":"Heavy Blade","floor":6,"key":"SMITH"},{"data":"Flex","floor":8,"key":"SMITH"},{"floor":15,"key":"REST"}],"neow_cost":"NONE","seed_source_timestamp":1300586067654344,"circlet_count":0,"master_deck":["Strike_R","Strike_R","Strike_R","Strike_R","Strike_R","Defend_R","Defend_R+1","Defend_R+1","Defend_R","Bash","Fire Breathing","Flex+1","Perfected Strike","Heavy Blade+1","Headbutt","Inflame+1","Flame Barrier","Parasite","Cleave","Rage","Bludgeon","Anger","Anger+1"],"relics":["Burning Blood","War Paint","Letter Opener","Frozen Egg 2","Matryoshka","Lizard Tail","Nloth\u0027s Gift"],"potions_floor_usage":[10,16,21],"damage_taken":[{"damage":0,"enemies":"2 Louse","floor":1,"turns":3},{"damage":6,"enemies":"Jaw Worm","floor":4,"turns":2},{"damage":19,"enemies":"Gremlin Nob","floor":7,"turns":4},{"damage":22,"enemies":"3 Sentries","floor":10,"turns":7},{"damage":14,"enemies":"Small Slimes","floor":11,"turns":3},{"damage":23,"enemies":"Exordium Wildlife","floor":13,"turns":5},{"damage":13,"enemies":"Gremlin Gang","floor":14,"turns":2},{"damage":0,"enemies":"Slime Boss","floor":16,"turns":3},{"damage":29,"enemies":"2 Thieves","floor":18,"turns":4},{"damage":65,"enemies":"3 Byrds","floor":20,"turns":6},{"damage":45,"enemies":"Shelled Parasite and Fungi","floor":21,"turns":5}],"seed_played":"-9074461943865527540","potions_obtained":[{"floor":1,"key":"GamblersBrew"},{"floor":11,"key":"SpeedPotion"},{"floor":14,"key":"FearPotion"}],"is_trial":false,"path_per_floor":["M","$","?","M","T","R","E","R","T","E","M","?","M","M","R","B",null,"M","?","M","M"],"character_chosen":"IRONCLAD","items_purchased":["Flex","Perfected Strike"],"campfire_rested":1,"item_purchase_floors":[2,2],"current_hp_per_floor":[80,80,80,80,80,80,67,67,67,51,43,63,46,39,63,69,80,57,57,40,0],"gold":304,"neow_bonus":"RANDOM_COMMON_RELIC","is_prod":false,"is_daily":false,"chose_seed":false,"campfire_upgraded":2,"win_rate":0,"timestamp":1554273829,"path_taken":["M","$","?","M","?","R","E","R","T","E","M","?","M","M","R","BOSS","M","?","?","?"],"build_version":"2019-01-23","purchased_purges":0,"victory":false,"max_hp_per_floor":[80,80,80,80,80,80,80,80,80,80,80,80,80,80,80,80,80,80,80,80,80],"card_choices":[{"not_picked":["Reckless Charge","Feel No Pain"],"picked":"Fire Breathing","floor":1},{"not_picked":["Havoc","True Grit"],"picked":"Heavy Blade","floor":4},{"not_picked":["Second Wind","Pommel Strike"],"picked":"Headbutt","floor":7},{"not_picked":["Warcry","Feel No Pain+1"],"picked":"Inflame+1","floor":10},{"not_picked":["Cleave","True Grit"],"picked":"Flame Barrier","floor":11},{"not_picked":["Clothesline","True Grit"],"picked":"Cleave","floor":13},{"not_picked":["Wild Strike","Iron Wave"],"picked":"Rage","floor":14},{"not_picked":["Impervious","Exhume"],"picked":"Bludgeon","floor":16},{"not_picked":["Twin Strike","Thunderclap+1"],"picked":"Anger","floor":18},{"not_picked":["Headbutt+1","Seeing Red"],"picked":"Anger+1","floor":20}],"player_experience":393985,"relics_obtained":[{"floor":5,"key":"PreservedInsect"},{"floor":7,"key":"Letter Opener"},{"floor":9,"key":"Frozen Egg 2"},{"floor":10,"key":"Matryoshka"}],"event_choices":[{"damage_healed":0,"gold_gain":0,"player_choice":"Ignored","damage_taken":0,"max_hp_gain":0,"max_hp_loss":0,"event_name":"Golden Idol","floor":3,"gold_loss":0},{"damage_healed":20,"gold_gain":0,"player_choice":"Healed and dodged fight","damage_taken":0,"max_hp_gain":0,"max_hp_loss":0,"event_name":"Mushrooms","floor":12,"gold_loss":0,"cards_obtained":["Parasite"]},{"damage_healed":0,"gold_gain":0,"player_choice":"Traded Relic","damage_taken":0,"relics_obtained":["Nloth\u0027s Gift"],"max_hp_gain":0,"max_hp_loss":0,"event_name":"N\u0027loth","floor":19,"relics_lost":["PreservedInsect"],"gold_loss":0}],"is_beta":false,"boss_relics":[{"not_picked":["Tiny House","Velvet Choker"],"picked":"Lizard Tail"}],"items_purged_floors":[],"is_endless":false,"potions_floor_spawned":[1,11,14],"killed_by":"Shelled Parasite and Fungi","ascension_level":1}