{"gold_per_floor":[111,35,45,45,62,62,88,88,88,88,109,70,95,14,14,14],"floor_reached":16,"playtime":598,"items_purged":[],"score":111,"play_id":"0111f913-29f8-4933-8bc6-3e95f3992060","local_time":"20180817155006","is_ascension_mode":true,"campfire_choices":[{"data":"Bash","floor":6,"key":"SMITH"},{"data":"Clothesline","floor":8,"key":"SMITH"},{"data":"Strike_R","floor":10,"key":"SMITH"},{"data":"Whirlwind","floor":15,"key":"SMITH"}],"neow_cost":"","seed_source_timestamp":271841940985360,"circlet_count":0,"master_deck":["Strike_R","Strike_R","Strike_R","Strike_R","Strike_R+1","Defend_R","Defend_R","Defend_R","Defend_R","Bash+1","Reckless Charge","Corruption","Flex+1","Cleave","Clothesline+1","Barricade","Infernal Blade","Body Slam","Whirlwind+1"],"relics":["Burning Blood","Nunchaku","Peace Pipe","Odd Mushroom","Juzu Bracelet"],"potions_floor_usage":[5,13],"damage_taken":[{"damage":0,"enemies":"Small Slimes","floor":1,"turns":5},{"damage":5,"enemies":"2 Louse","floor":3,"turns":4},{"damage":1,"enemies":"Jaw Worm","floor":5,"turns":3},{"damage":18,"enemies":"3 Sentries","floor":7,"turns":6},{"damage":21,"floor":11,"turns":5},{"damage":31,"enemies":"Lagavulin","floor":13,"turns":6},{"damage":32,"enemies":"Hexaghost","floor":16,"turns":7}],"seed_played":"7779624905839728897","potions_obtained":[{"floor":3,"key":"Ancient Potion"},{"floor":11,"key":"SkillPotion"},{"floor":13,"key":"Poison Potion"}],"is_trial":false,"path_per_floor":["M","$","M","?","M","R","E","R","T","R","?","$","E","$","R"],"character_chosen":"IRONCLAD","items_purchased":["Corruption","Infernal Blade","Whirlwind"],"campfire_rested":0,"item_purchase_floors":[2,12,14],"current_hp_per_floor":[80,80,80,80,80,80,68,68,68,68,53,53,28,28,28,0],"gold":14,"neow_bonus":"","is_prod":false,"is_daily":false,"chose_seed":false,"campfire_upgraded":4,"win_rate":0,"timestamp":1534546206,"path_taken":["M","$","M","?","?","R","E","R","T","R","?","?","E","$","R","BOSS"],"build_version":"2018-08-16","purchased_purges":0,"victory":false,"max_hp_per_floor":[80,80,80,80,80,80,80,80,80,80,80,80,80,80,80,80],"card_choices":[{"not_picked":["Headbutt","Thunderclap"],"picked":"Reckless Charge","floor":1},{"not_picked":["Iron Wave","Clash"],"picked":"Flex","floor":3},{"not_picked":["Sword Boomerang","Heavy Blade"],"picked":"Cleave","floor":5},{"not_picked":["Fire Breathing","Body Slam"],"picked":"Clothesline","floor":7},{"not_picked":["Clash","Iron Wave"],"picked":"Barricade","floor":11},{"not_picked":["True Grit","Clash"],"picked":"Body Slam","floor":13}],"player_experience":18528,"relics_obtained":[{"floor":7,"key":"Nunchaku"},{"floor":9,"key":"Peace Pipe"},{"floor":11,"key":"Odd Mushroom"},{"floor":13,"key":"Juzu Bracelet"}],"event_choices":[{"event_name":"Living Wall","player_choice":"Grow","floor":4,"damage_taken":0},{"event_name":"Mushrooms","player_choice":"Fought Mushrooms","floor":11,"damage_taken":0}],"is_beta":false,"boss_relics":[],"items_purged_floors":[],"is_endless":false,"potions_floor_spawned":[3,11,13],"killed_by":"Hexaghost","ascension_level":1}