{"gold_per_floor":[114,125,125,200,15,44,64,29,29,49,49,75,22,53,53,128,128,139,168,179,179,179,179,179],"floor_reached":24,"playtime":1681,"items_purged":["Strike_G"],"score":499,"play_id":"d8d5e744-90db-44eb-a83d-51151c15234f","local_time":"20190505112025","is_ascension_mode":true,"campfire_choices":[{"floor":15,"key":"REST"},{"floor":23,"key":"REST"}],"neow_cost":"NONE","seed_source_timestamp":275905145618920,"circlet_count":0,"master_deck":["AscendersBane","Defend_G+1","Defend_G+1","Defend_G+1","Defend_G+1","Defend_G+1","Survivor","Neutralize","Deadly Poison","Dagger Throw","Well Laid Plans","Slice","Leg Sweep","Caltrops","Catalyst","Grand Finale","Backflip","Footwork","Wraith Form v2","PiercingWail","Dagger Spray","Deflect+1","Bite","Bite","Bite","Bite","Bite"],"relics":["Ring of the Snake","NeowsBlessing","Sundial","Bronze Scales","Incense Burner","Snake Skull","Runic Dome","Red Mask"],"potions_floor_usage":[12,14,16,16,19,20],"damage_taken":[{"damage":0,"enemies":"2 Louse","floor":1,"turns":1},{"damage":0,"enemies":"Small Slimes","floor":2,"turns":1},{"damage":0,"enemies":"3 Sentries","floor":6,"turns":1},{"damage":0,"enemies":"Jaw Worm","floor":7,"turns":4},{"damage":0,"enemies":"Looter","floor":10,"turns":4},{"damage":20,"enemies":"Lagavulin","floor":12,"turns":6},{"damage":42,"enemies":"Gremlin Nob","floor":14,"turns":5},{"damage":20,"enemies":"The Guardian","floor":16,"turns":11},{"damage":32,"enemies":"Chosen","floor":18,"turns":5},{"damage":4,"enemies":"Masked Bandits","floor":19,"turns":5},{"damage":2,"enemies":"Shell Parasite","floor":20,"turns":4},{"damage":32,"enemies":"Gremlin Leader","floor":24,"turns":4}],"seed_played":"-5612707578724550020","potions_obtained":[{"floor":2,"key":"Fire Potion"},{"floor":6,"key":"FearPotion"},{"floor":12,"key":"Dexterity Potion"},{"floor":14,"key":"GhostInAJar"},{"floor":18,"key":"Ancient Potion"},{"floor":19,"key":"Poison Potion"}],"is_trial":false,"path_per_floor":["M","M","$","?","$","E","M","?","T","M","T","E","$","E","R","B",null,"M","?","M","?","?","R","E"],"character_chosen":"THE_SILENT","items_purchased":["Well Laid Plans","Slice","Backflip"],"campfire_rested":2,"item_purchase_floors":[5,5,13],"current_hp_per_floor":[59,59,59,48,48,48,48,64,64,64,64,44,44,2,21,1,50,18,14,12,12,12,25,0],"gold":179,"neow_bonus":"THREE_ENEMY_KILL","is_prod":false,"is_daily":false,"chose_seed":false,"campfire_upgraded":0,"win_rate":0,"timestamp":1557048025,"path_taken":["M","M","$","?","$","E","M","?","T","M","?","E","$","E","R","BOSS","M","?","M","?","?","R","E"],"build_version":"2019-01-23","purchased_purges":1,"victory":false,"max_hp_per_floor":[66,66,66,66,66,66,66,66,66,66,66,66,66,66,66,66,66,66,66,66,66,46,46,46],"card_choices":[{"not_picked":["Dagger Spray","Catalyst"],"picked":"Deadly Poison","floor":1},{"not_picked":["Quick Slash","Masterful Stab"],"picked":"Dagger Throw","floor":2},{"not_picked":["Dagger Spray","Deadly Poison"],"picked":"Leg Sweep","floor":6},{"not_picked":["Bane","Acrobatics"],"picked":"Caltrops","floor":7},{"not_picked":["Blade Dance","Flying Knee"],"picked":"Catalyst","floor":10},{"not_picked":["Tactician","Dagger Throw"],"picked":"Grand Finale","floor":12},{"not_picked":["Adrenaline","Backflip"],"picked":"Footwork","floor":14},{"not_picked":["Malaise","Bullet Time"],"picked":"Wraith Form v2","floor":16},{"not_picked":["Quick Slash","Riddle With Holes"],"picked":"PiercingWail","floor":18},{"not_picked":["Blade Dance","Sucker Punch"],"picked":"Dagger Spray","floor":19},{"not_picked":["Dagger Spray","Skewer"],"picked":"Deflect+1","floor":20}],"player_experience":2031638,"relics_obtained":[{"floor":6,"key":"Sundial"},{"floor":11,"key":"Bronze Scales"},{"floor":12,"key":"Incense Burner"},{"floor":14,"key":"Snake Skull"},{"floor":19,"key":"Red Mask"}],"event_choices":[{"damage_healed":0,"gold_gain":75,"player_choice":"Gather Gold","damage_taken":11,"max_hp_gain":0,"max_hp_loss":0,"event_name":"World of Goop","floor":4,"gold_loss":0},{"damage_healed":16,"gold_gain":0,"player_choice":"Healed","damage_taken":0,"max_hp_gain":0,"max_hp_loss":0,"event_name":"The Cleric","floor":8,"gold_loss":35},{"damage_healed":0,"gold_gain":0,"player_choice":"Fought Bandits","damage_taken":0,"max_hp_gain":0,"max_hp_loss":0,"event_name":"Masked Bandits","floor":19,"gold_loss":0},{"damage_healed":0,"gold_gain":0,"player_choice":"Simplicity","damage_taken":0,"max_hp_gain":0,"max_hp_loss":0,"event_name":"Back to Basics","floor":21,"gold_loss":0,"cards_upgraded":["Defend_G","Defend_G","Defend_G","Defend_G","Defend_G","Strike_G","Strike_G","Strike_G","Strike_G"]},{"damage_healed":0,"gold_gain":0,"player_choice":"Became a vampire","damage_taken":0,"max_hp_gain":0,"max_hp_loss":20,"event_name":"Vampires","floor":22,"gold_loss":0,"cards_obtained":["Bite","Bite","Bite","Bite","Bite"]}],"is_beta":false,"boss_relics":[{"not_picked":["Ring of the Serpent","Astrolabe"],"picked":"Runic Dome"}],"items_purged_floors":[5],"is_endless":false,"potions_floor_spawned":[2,6,7,12,14,18,19],"killed_by":"Gremlin Leader","ascension_level":20}