{"gold_per_floor":[116,191,205,44,60,94,94,114,139,139,139,104,104,122,122,200,200,218,218,4,14,34,34],"floor_reached":23,"playtime":1561,"items_purged":[],"score":382,"play_id":"0b2a0adf-597b-4ba9-aac9-a98a60d7a56a","local_time":"20190502225629","is_ascension_mode":true,"campfire_choices":[{"data":"Armaments","floor":7,"key":"SMITH"},{"data":"Feel No Pain","floor":11,"key":"SMITH"},{"data":"Inflame","floor":15,"key":"SMITH"}],"neow_cost":"NONE","seed_source_timestamp":1405462736764900,"circlet_count":0,"master_deck":["AscendersBane","Strike_R","Strike_R","Strike_R","Strike_R","Defend_R","Defend_R","Defend_R","Defend_R","Bash","Limit Break","Sentinel","Corruption+1","Offering","Feel No Pain+1","Shrug It Off","Armaments+1","Inflame+1","Limit Break","Offering","Feel No Pain","Shrug It Off","Rupture+1"],"relics":["Burning Blood","Happy Flower","Art of War","Runic Dome","PreservedInsect"],"potions_floor_usage":[3,6,16,18],"damage_taken":[{"damage":6,"enemies":"2 Louse","floor":1,"turns":3},{"damage":9,"enemies":"Jaw Worm","floor":3,"turns":5},{"damage":6,"enemies":"Small Slimes","floor":5,"turns":4},{"damage":8,"enemies":"3 Sentries","floor":6,"turns":17},{"damage":12,"enemies":"Looter","floor":8,"turns":3},{"damage":6,"enemies":"Exordium Thugs","floor":14,"turns":5},{"damage":12,"enemies":"Hexaghost","floor":16,"turns":7},{"damage":31,"enemies":"3 Byrds","floor":18,"turns":5},{"damage":7,"enemies":"Spheric Guardian","floor":21,"turns":5},{"damage":12,"enemies":"Centurion and Healer","floor":22,"turns":5},{"damage":41,"enemies":"Slavers","floor":23,"turns":5}],"seed_played":"-4781770438815837780","potions_obtained":[{"floor":1,"key":"FearPotion"},{"floor":3,"key":"SkillPotion"},{"floor":5,"key":"EssenceOfSteel"},{"floor":14,"key":"Energy Potion"},{"floor":16,"key":"Energy Potion"},{"floor":22,"key":"Strength Potion"}],"is_trial":false,"path_per_floor":["M","?","M","$","M","E","R","M","T","?","R","?","?","M","R","B",null,"M","?","$","M","M","E"],"character_chosen":"IRONCLAD","items_purchased":["Offering","Feel No Pain","PreservedInsect","Shrug It Off"],"campfire_rested":0,"item_purchase_floors":[4,4,20,20],"current_hp_per_floor":[68,57,54,54,54,52,52,46,46,46,46,64,64,64,64,58,71,46,42,42,41,35,0],"gold":34,"neow_bonus":"TRANSFORM_CARD","is_prod":false,"is_daily":false,"chose_seed":false,"campfire_upgraded":3,"win_rate":0,"timestamp":1556834189,"path_taken":["M","?","M","$","M","E","R","M","T","?","R","?","?","?","R","BOSS","M","?","$","M","M","E"],"build_version":"2019-01-23","purchased_purges":0,"victory":false,"max_hp_per_floor":[75,75,75,75,75,75,75,75,75,75,75,75,75,75,75,75,75,75,75,75,75,75,75],"card_choices":[{"not_picked":["Fire Breathing","Wild Strike"],"picked":"Sentinel","floor":1},{"not_picked":["Twin Strike","Clothesline"],"picked":"Corruption","floor":3},{"not_picked":["Headbutt","Clothesline"],"picked":"Shrug It Off","floor":5},{"not_picked":["Warcry","Sentinel"],"picked":"Armaments","floor":6},{"not_picked":["Wild Strike","Perfected Strike","Thunderclap"],"picked":"SKIP","floor":8},{"not_picked":["Shrug It Off","Dual Wield"],"picked":"Limit Break","floor":14},{"not_picked":["Impervious","Bludgeon"],"picked":"Offering","floor":16},{"not_picked":["Cleave","Havoc"],"picked":"Feel No Pain","floor":18},{"not_picked":["Perfected Strike","Battle Trance"],"picked":"Rupture+1","floor":21},{"not_picked":["Rupture","Headbutt","Perfected Strike"],"picked":"SKIP","floor":22},{"not_picked":["Rupture","Headbutt","Perfected Strike"],"picked":"SKIP","floor":22}],"player_experience":445177,"relics_obtained":[{"floor":6,"key":"Happy Flower"},{"floor":9,"key":"Art of War"}],"event_choices":[{"damage_healed":0,"gold_gain":75,"player_choice":"Gather Gold","damage_taken":11,"max_hp_gain":0,"max_hp_loss":0,"event_name":"World of Goop","floor":2,"gold_loss":0},{"damage_healed":0,"gold_gain":0,"player_choice":"Grow","damage_taken":0,"max_hp_gain":0,"max_hp_loss":0,"event_name":"Living Wall","floor":10,"gold_loss":0,"cards_upgraded":["Corruption"]},{"damage_healed":18,"gold_gain":0,"player_choice":"Healed","damage_taken":0,"max_hp_gain":0,"max_hp_loss":0,"event_name":"The Cleric","floor":12,"gold_loss":35},{"damage_healed":0,"gold_gain":0,"player_choice":"1 cards matched","damage_taken":0,"max_hp_gain":0,"max_hp_loss":0,"event_name":"Match and Keep!","floor":13,"gold_loss":0,"cards_obtained":["Inflame"]},{"damage_healed":0,"gold_gain":0,"player_choice":"Bought 0 Potions","damage_taken":0,"max_hp_gain":0,"max_hp_loss":0,"event_name":"The Woman in Blue","floor":19,"gold_loss":0}],"is_beta":false,"boss_relics":[{"not_picked":["Orrery","Runic Pyramid"],"picked":"Runic Dome"}],"items_purged_floors":[],"is_endless":false,"potions_floor_spawned":[1,3,5,14,16,22],"killed_by":"Slavers","ascension_level":20}