{"gold_per_floor":[109,184,200,212,231,231,241,241,268,297,317,352,260,285,285,384,384,399,399,366,390,465,465,483,483,483,483,92,109,127,140,140,140],"floor_reached":33,"playtime":4473,"items_purged":[],"score":309,"play_id":"cdc3dcc9-b696-4a53-a542-098ef478ac6a","local_time":"20190412230134","is_ascension_mode":false,"campfire_choices":[{"data":"Demon Form","floor":6,"key":"SMITH"},{"data":"Shrug It Off","floor":8,"key":"SMITH"},{"data":"Searing Blow","floor":15,"key":"SMITH"},{"data":"Searing Blow+1","floor":23,"key":"SMITH"},{"data":"Searing Blow+2","floor":25,"key":"SMITH"},{"floor":27,"key":"REST"},{"data":"Searing Blow+3","floor":32,"key":"SMITH"}],"neow_cost":"NONE","seed_source_timestamp":47301482406748,"circlet_count":0,"master_deck":["Strike_R","Strike_R","Strike_R","Strike_R","Strike_R","Defend_R","Defend_R","Defend_R","Defend_R","Bash","Havoc","Demon Form+1","Shrug It Off+1","Shrug It Off","Corruption","Searing Blow+4","Warcry","Impervious","Exhume","Sentinel","Headbutt","Entrench","Corruption+1","Entrench","Secret Technique","Limit Break","Metallicize","Entrench+1"],"relics":["Burning Blood","Red Skull","Lantern","Odd Mushroom","Bronze Scales","Blood Vial","Orrery","Oddly Smooth Stone","Dream Catcher"],"potions_floor_usage":[12,14,33,33],"damage_taken":[{"damage":1,"enemies":"Jaw Worm","floor":1,"turns":4},{"damage":0,"enemies":"Small Slimes","floor":3,"turns":4},{"damage":1,"enemies":"Cultist","floor":4,"turns":4},{"damage":0,"enemies":"Large Slime","floor":5,"turns":5},{"damage":9,"enemies":"3 Louse","floor":7,"turns":6},{"damage":11,"enemies":"The Mushroom Lair","floor":10,"turns":6},{"damage":9,"enemies":"Blue Slaver","floor":11,"turns":4},{"damage":17,"enemies":"Gremlin Nob","floor":12,"turns":4},{"damage":18,"enemies":"3 Sentries","floor":14,"turns":8},{"damage":0,"enemies":"Slime Boss","floor":16,"turns":9},{"damage":24,"enemies":"Spheric Guardian","floor":18,"turns":6},{"damage":0,"enemies":"2 Thieves","floor":20,"turns":5},{"damage":30,"enemies":"Centurion and Healer","floor":24,"turns":10},{"damage":0,"enemies":"Snecko","floor":29,"turns":5},{"damage":14,"enemies":"Snake Plant","floor":30,"turns":6},{"damage":14,"enemies":"Centurion and Healer","floor":31,"turns":7},{"damage":67,"enemies":"Collector","floor":33,"turns":9}],"seed_played":"5305195126632522713","potions_obtained":[{"floor":4,"key":"GamblersBrew"},{"floor":5,"key":"Strength Potion"},{"floor":7,"key":"FearPotion"},{"floor":18,"key":"BloodPotion"},{"floor":20,"key":"Energy Potion"},{"floor":31,"key":"GamblersBrew"}],"is_trial":false,"path_per_floor":["M","?","M","M","M","R","M","R","T","?","M","E","$","E","R","B",null,"M","?","M","T","?","R","M","R","T","R","$","M","M","M","R","B"],"character_chosen":"IRONCLAD","items_purchased":["Searing Blow","Warcry","Secret Technique","Limit Break","Metallicize"],"campfire_rested":1,"item_purchase_floors":[13,13,28,28,28],"current_hp_per_floor":[80,69,75,80,80,80,77,77,77,72,69,58,58,46,46,54,80,62,47,55,55,47,47,25,25,25,50,50,58,52,46,46,0],"gold":140,"neow_bonus":"RANDOM_COMMON_RELIC","is_prod":false,"is_daily":false,"chose_seed":false,"campfire_upgraded":6,"win_rate":0.0,"timestamp":1555102894,"path_taken":["M","?","M","M","M","R","M","R","T","?","M","E","$","E","R","BOSS","M","?","M","?","?","R","M","R","T","R","$","M","M","?","R","BOSS"],"build_version":"2019-01-23","purchased_purges":0,"victory":false,"max_hp_per_floor":[80,80,80,80,80,80,80,80,80,80,80,80,80,80,80,80,80,80,85,85,85,85,85,85,85,85,85,85,85,85,85,85,85],"card_choices":[{"not_picked":["Cleave","Heavy Blade","Clothesline"],"picked":"SKIP","floor":1},{"not_picked":["Fire Breathing","Carnage"],"picked":"Havoc","floor":3},{"not_picked":["Anger","Warcry"],"picked":"Demon Form","floor":4},{"not_picked":["Armaments","Carnage"],"picked":"Shrug It Off","floor":5},{"not_picked":["Pommel Strike","Inflame","Battle Trance"],"picked":"SKIP","floor":7},{"not_picked":["Bloodletting","True Grit"],"picked":"Shrug It Off","floor":11},{"not_picked":["Infernal Blade","Flex"],"picked":"Corruption","floor":12},{"not_picked":["Cleave","Shrug It Off"],"picked":"Impervious","floor":14},{"not_picked":["Berserk","Impervious"],"picked":"Exhume","floor":16},{"not_picked":["Sword Boomerang","Heavy Blade"],"picked":"Sentinel","floor":17},{"not_picked":["Dual Wield","Inflame"],"picked":"Headbutt","floor":17},{"not_picked":["Evolve","Armaments"],"picked":"Entrench","floor":17},{"not_picked":["Combust","Brutality"],"picked":"Corruption+1","floor":18},{"not_picked":["Armaments+1","Wild Strike"],"picked":"Entrench","floor":20},{"not_picked":["Wild Strike","Heavy Blade","Sever Soul"],"picked":"SKIP","floor":24},{"not_picked":["True Grit","Wild Strike","Cleave"],"picked":"SKIP","floor":29},{"not_picked":["Havoc","Twin Strike","Clash"],"picked":"SKIP","floor":30},{"not_picked":["Thunderclap","Perfected Strike+1"],"picked":"Entrench+1","floor":31}],"player_experience":106539,"relics_obtained":[{"floor":9,"key":"Lantern"},{"floor":10,"key":"Odd Mushroom"},{"floor":12,"key":"Bronze Scales"},{"floor":14,"key":"Blood Vial"},{"floor":21,"key":"Oddly Smooth Stone"},{"floor":26,"key":"Dream Catcher"}],"event_choices":[{"damage_healed":0,"gold_gain":75,"player_choice":"Gather Gold","damage_taken":11,"max_hp_gain":0,"max_hp_loss":0,"event_name":"World of Goop","floor":2,"gold_loss":0},{"damage_healed":0,"gold_gain":0,"player_choice":"Fought Mushrooms","damage_taken":0,"max_hp_gain":0,"max_hp_loss":0,"event_name":"Mushrooms","floor":10,"gold_loss":0},{"damage_healed":0,"gold_gain":0,"player_choice":"Shed Blood","damage_taken":20,"max_hp_gain":5,"max_hp_loss":0,"event_name":"Forgotten Altar","floor":19,"gold_loss":0},{"damage_healed":0,"gold_gain":75,"player_choice":"Touch","damage_taken":8,"max_hp_gain":0,"max_hp_loss":0,"event_name":"FaceTrader","floor":22,"gold_loss":0}],"is_beta":false,"boss_relics":[{"not_picked":["Philosopher\u0027s Stone","Runic Dome"],"picked":"Orrery"}],"items_purged_floors":[],"is_endless":false,"potions_floor_spawned":[4,5,7,10,11,18,20,31],"killed_by":"Collector","ascension_level":0}