{"gold_per_floor":[12,12,12,36,61,61,61,61,86,86,101,115,43,68,68,188,188,208,11,11,111,124,124,149,149,149,183,207,207],"floor_reached":29,"playtime":1177,"items_purged":[],"score":235,"play_id":"c2541e19-ecbe-4d5f-856a-2a87a3513806","local_time":"20180826153150","is_ascension_mode":false,"campfire_choices":[{"floor":6,"key":"REST"},{"floor":15,"key":"REST"},{"floor":23,"key":"REST"},{"floor":25,"key":"REST"}],"neow_cost":"NO_GOLD","seed_source_timestamp":1047758131788020,"circlet_count":0,"master_deck":["Defend_G","Defend_G","Defend_G","Defend_G","Defend_G","Strike_G","Strike_G","Strike_G","Strike_G","Strike_G","Survivor","Neutralize","Terror+1","Bouncing Flask","Infinite Blades+1","Flying Knee","Prepared","Blade Dance","Flying Knee","Deflect","Unload","Backstab+1","Underhanded Strike","Slice+1","A Thousand Cuts","Deadly Poison"],"relics":["Ring of the Snake","Omamori","Golden Idol","Ancient Tea Set","Vajra","Black Star","Chemical X","Gremlin Horn","The Specimen","Thread and Needle"],"potions_floor_usage":[],"damage_taken":[{"damage":0,"enemies":"Cultist","floor":1,"turns":4},{"damage":0,"enemies":"Jaw Worm","floor":4,"turns":3},{"damage":12,"enemies":"2 Louse","floor":5,"turns":2},{"damage":9,"enemies":"Blue Slaver","floor":11,"turns":2},{"damage":32,"enemies":"Exordium Thugs","floor":12,"turns":5},{"damage":5,"enemies":"Looter","floor":14,"turns":3},{"damage":49,"enemies":"The Guardian","floor":16,"turns":8},{"damage":25,"enemies":"Shell Parasite","floor":18,"turns":5},{"damage":14,"enemies":"3 Byrds","floor":22,"turns":6},{"damage":6,"enemies":"Snecko","floor":24,"turns":3},{"damage":48,"enemies":"Slavers","floor":27,"turns":5},{"damage":13,"enemies":"Sentry and Sphere","floor":28,"turns":5},{"damage":22,"enemies":"3 Cultists","floor":29,"turns":3}],"seed_played":"-4156417889956815656","potions_obtained":[{"floor":1,"key":"SneckoOil"},{"floor":14,"key":"LiquidBronze"},{"floor":18,"key":"LiquidBronze"},{"floor":24,"key":"Regen Potion"},{"floor":27,"key":"Fire Potion"}],"is_trial":false,"path_per_floor":["M","?","?","M","M","R","?","?","T","?","M","M","$","M","R","B",null,"M","$","?","?","M","R","M","R","T","E","M"],"character_chosen":"THE_SILENT","items_purchased":["Blade Dance","Flying Knee","Chemical X"],"campfire_rested":4,"item_purchase_floors":[13,13,19],"current_hp_per_floor":[84,84,63,63,51,76,73,73,73,73,64,32,32,27,52,3,84,59,59,51,51,37,62,56,81,81,33,20,0],"gold":207,"neow_bonus":"TWENTY_PERCENT_HP_BONUS","is_prod":false,"is_daily":false,"chose_seed":false,"campfire_upgraded":0,"win_rate":0.0,"timestamp":1535322710,"path_taken":["M","?","?","M","?","R","?","?","T","?","M","M","$","M","R","BOSS","M","$","?","?","M","R","M","R","T","E","M","M"],"build_version":"2018-08-23v2","purchased_purges":0,"victory":false,"max_hp_per_floor":[84,84,84,84,84,84,84,84,84,84,84,84,84,84,84,84,84,84,84,84,84,84,84,84,84,84,84,84,84],"card_choices":[{"not_picked":["Bane","Dagger Spray"],"picked":"Terror","floor":1},{"not_picked":["Acrobatics","Leg Sweep"],"picked":"Bouncing Flask","floor":4},{"not_picked":["Predator","Acrobatics"],"picked":"Infinite Blades","floor":5},{"not_picked":["Underhanded Strike","Outmaneuver"],"picked":"Flying Knee","floor":11},{"not_picked":["Acrobatics","Reflex"],"picked":"Prepared","floor":12},{"not_picked":["Reflex","Blade Dance"],"picked":"Deflect","floor":14},{"not_picked":["Venomology","Wraith Form v2"],"picked":"Unload","floor":16},{"not_picked":["Underhanded Strike","Dagger Spray+1"],"picked":"Backstab+1","floor":18},{"not_picked":["Predator","Blade Dance"],"picked":"Underhanded Strike","floor":22},{"not_picked":["Bane+1","Finisher"],"picked":"Slice+1","floor":24},{"not_picked":["Slice+1","Flying Knee+1"],"picked":"A Thousand Cuts","floor":27},{"not_picked":["Acrobatics","Underhanded Strike+1"],"picked":"Deadly Poison","floor":28}],"player_experience":41544,"relics_obtained":[{"floor":9,"key":"Vajra"},{"floor":26,"key":"Gremlin Horn"},{"floor":27,"key":"The Specimen"},{"floor":27,"key":"Thread and Needle"}],"event_choices":[{"event_name":"WeMeetAgain","player_choice":"Potion","floor":2,"damage_taken":0},{"event_name":"Golden Idol","player_choice":"Take Damage","floor":3,"damage_taken":0},{"event_name":"Scrap Ooze","player_choice":"success","floor":7,"damage_taken":3},{"event_name":"Upgrade Shrine","player_choice":"Upgraded","floor":8,"damage_taken":0},{"event_name":"Accursed Blacksmith","player_choice":"Forge","floor":10,"damage_taken":0},{"event_name":"Wheel of Change","player_choice":"Damage","floor":20,"damage_taken":0},{"event_name":"Golden Shrine","player_choice":"Pray","floor":21,"damage_taken":0}],"is_beta":false,"boss_relics":[{"not_picked":["Astrolabe","Velvet Choker"],"picked":"Black Star"}],"items_purged_floors":[],"is_endless":false,"potions_floor_spawned":[1,14,18,24,27],"killed_by":"3 Cultists","ascension_level":0}