{"gold_per_floor":[369,379,393,412,46,75,90,152,152,163,182,200,217,4,4,104,104,123,48,48,48,50,50,67,67,67,80,80,5,16,27,27,128,128,143,143,243,243,254,254,269,280,348,348,2,2,2,16,16,16,16,16,16,47,47],"floor_reached":56,"playtime":2149,"items_purged":["Strike_G"],"score":1280,"play_id":"e955231a-ceeb-474a-8358-7821eaf19b2c","local_time":"20190505190616","is_ascension_mode":false,"campfire_choices":[{"data":"Terror","floor":15,"key":"SMITH"},{"data":"After Image","floor":23,"key":"SMITH"},{"floor":25,"key":"RECALL"},{"floor":32,"key":"REST"},{"data":"After Image","floor":40,"key":"SMITH"},{"data":"Caltrops","floor":44,"key":"SMITH"},{"floor":49,"key":"REST"},{"data":"Madness","floor":52,"key":"SMITH"}],"neow_cost":"PERCENT_DAMAGE","seed_source_timestamp":4168175252415446,"circlet_count":0,"master_deck":["Defend_G","Defend_G","Defend_G","Defend_G","Defend_G","Strike_G","Strike_G","Strike_G","Survivor","Neutralize","Terror+1","Footwork","Cloak And Dagger","Caltrops","Caltrops+1","Die Die Die","Cloak And Dagger","After Image+1","Footwork","Dash","Heel Hook","Storm of Steel","Backflip","Infinite Blades","PiercingWail+1","PiercingWail","Blade Dance+1","Sucker Punch+1","After Image+1","Dodge and Roll","Master of Strategy","Dramatic Entrance","Quick Slash+1","Deflect+1","Distraction","Madness","Madness+1","Dagger Spray+1","Caltrops+1"],"relics":["Ring of the Snake","Lantern","Pen Nib","Ice Cream","Potion Belt","Sozu","Enchiridion","WristBlade","Ginger","Mercury Hourglass","Bag of Marbles","Orichalcum","The Courier","Tough Bandages"],"potions_floor_usage":[6,12,12,24,55,55],"damage_taken":[{"damage":5,"enemies":"Cultist","floor":1,"turns":4},{"damage":0,"enemies":"2 Louse","floor":2,"turns":3},{"damage":0,"enemies":"Jaw Worm","floor":3,"turns":5},{"damage":0,"enemies":"3 Louse","floor":4,"turns":5},{"damage":28,"enemies":"Gremlin Nob","floor":6,"turns":5},{"damage":0,"enemies":"Large Slime","floor":7,"turns":6},{"damage":0,"enemies":"2 Fungi Beasts","floor":10,"turns":2},{"damage":0,"enemies":"3 Louse","floor":11,"turns":1},{"damage":0,"enemies":"Red Slaver","floor":12,"turns":3},{"damage":1,"enemies":"Looter","floor":13,"turns":3},{"damage":0,"enemies":"Hexaghost","floor":16,"turns":9},{"damage":10,"enemies":"Chosen","floor":18,"turns":5},{"damage":2,"enemies":"2 Thieves","floor":22,"turns":5},{"damage":9,"enemies":"Snake Plant","floor":24,"turns":4},{"damage":1,"enemies":"Centurion and Healer","floor":27,"turns":7},{"damage":4,"enemies":"Sentry and Sphere","floor":30,"turns":6},{"damage":10,"enemies":"Snake Plant","floor":31,"turns":5},{"damage":0,"enemies":"Champ","floor":33,"turns":11},{"damage":0,"enemies":"3 Shapes","floor":35,"turns":4},{"damage":0,"enemies":"Mind Bloom Boss Battle","floor":37,"turns":5},{"damage":0,"enemies":"Orb Walker","floor":39,"turns":4},{"damage":0,"enemies":"Sphere and 2 Shapes","floor":41,"turns":5},{"damage":0,"enemies":"Writhing Mass","floor":42,"turns":6},{"damage":0,"enemies":"Transient","floor":48,"turns":5},{"damage":15,"enemies":"Awakened One","floor":50,"turns":19},{"damage":9,"enemies":"Shield and Spear","floor":54,"turns":9},{"damage":47,"enemies":"The Heart","floor":55,"turns":9}],"seed_played":"3407178793738563656","potions_obtained":[{"floor":4,"key":"Block Potion"},{"floor":7,"key":"Explosive Potion"},{"floor":10,"key":"Strength Potion"},{"floor":11,"key":"Weak Potion"},{"floor":12,"key":"FearPotion"},{"floor":13,"key":"Block Potion"}],"is_trial":false,"path_per_floor":["M","M","M","M","$","E","M","?","T","M","M","M","M","$","R","B",null,"M","?","?","?","M","R","M","R","T","M","?","$","M","M","R","B",null,"M","?","?","?","M","R","M","M","T","R","$","?","T","M","R","B",null,"R","$","E","B",null],"character_chosen":"THE_SILENT","items_purchased":["Lantern","Caltrops","Die Die Die","Potion Belt","Heel Hook","Bag of Marbles","Orichalcum","Distraction"],"campfire_rested":2,"item_purchase_floors":[5,5,5,14,14,45,45,45],"current_hp_per_floor":[44,44,44,44,44,16,16,16,16,16,16,16,15,15,15,15,70,60,60,47,47,45,45,36,36,36,35,19,19,15,5,27,27,75,75,65,65,65,65,65,65,65,65,65,65,56,56,56,75,60,75,75,75,66,19],"gold":47,"neow_bonus":"TWO_FIFTY_GOLD","is_prod":false,"is_daily":false,"chose_seed":false,"campfire_upgraded":5,"win_rate":0,"timestamp":1557079576,"path_taken":["M","M","M","M","$","E","M","?","T","M","M","M","M","$","R","BOSS","M","?","?","?","M","R","M","R","T","M","?","$","M","M","R","BOSS","M","?","?","?","M","R","M","?","T","R","$","?","?","?","R","BOSS","R","$","E","BOSS"],"build_version":"2019-01-23","purchased_purges":1,"victory":true,"max_hp_per_floor":[70,70,70,70,70,70,70,70,70,70,70,70,70,70,70,70,70,70,70,75,75,75,75,75,75,75,75,75,75,75,75,75,75,75,75,75,75,75,75,75,75,75,75,75,75,75,75,75,75,75,75,75,75,75,75],"card_choices":[{"not_picked":["Flying Knee","Backflip"],"picked":"Terror","floor":1},{"not_picked":["Outmaneuver","Sucker Punch"],"picked":"Footwork","floor":2},{"not_picked":["Backstab","Acrobatics"],"picked":"Cloak And Dagger","floor":3},{"not_picked":["Dodge and Roll","Prepared"],"picked":"Caltrops","floor":4},{"not_picked":["Deadly Poison","Deflect"],"picked":"Cloak And Dagger","floor":6},{"not_picked":["Outmaneuver","Flying Knee","Noxious Fumes"],"picked":"SKIP","floor":7},{"not_picked":["Cloak And Dagger","Underhanded Strike"],"picked":"After Image","floor":10},{"not_picked":["Noxious Fumes","All Out Attack"],"picked":"Footwork","floor":11},{"not_picked":["Distraction","Terror"],"picked":"Dash","floor":12},{"not_picked":["Prepared","Accuracy","Acrobatics"],"picked":"SKIP","floor":13},{"not_picked":["Tools of the Trade","Envenom"],"picked":"Storm of Steel","floor":16},{"not_picked":["Sucker Punch+1","Acrobatics+1"],"picked":"Backflip","floor":18},{"not_picked":["Sucker Punch","Deflect+1"],"picked":"Infinite Blades","floor":22},{"not_picked":["Poisoned Stab","Sucker Punch"],"picked":"PiercingWail+1","floor":24},{"not_picked":["Prepared","Deflect"],"picked":"PiercingWail","floor":27},{"not_picked":["Blur","Masterful Stab"],"picked":"Blade Dance+1","floor":30},{"not_picked":["Blade Dance+1","Prepared+1"],"picked":"Sucker Punch+1","floor":31},{"not_picked":["Wraith Form v2","Venomology"],"picked":"After Image","floor":33},{"not_picked":["Cloak And Dagger","Dagger Throw+1"],"picked":"Dodge and Roll","floor":35},{"not_picked":["PanicButton","Deep Breath"],"picked":"Master of Strategy","floor":36},{"not_picked":["Deadly Poison+1","Bouncing Flask"],"picked":"Quick Slash+1","floor":39},{"not_picked":["Slice+1","Poisoned Stab"],"picked":"Deflect+1","floor":41},{"not_picked":["Underhanded Strike+1","Sucker Punch","Poisoned Stab"],"picked":"SKIP","floor":42},{"not_picked":["Leg Sweep","Masterful Stab"],"picked":"Dagger Spray+1","floor":48},{"not_picked":["Riddle With Holes","Outmaneuver+1"],"picked":"Caltrops+1","floor":54}],"player_experience":821953,"relics_obtained":[{"floor":6,"key":"Pen Nib"},{"floor":9,"key":"Ice Cream"},{"floor":28,"key":"Enchiridion"},{"floor":37,"key":"Ginger"},{"floor":43,"key":"Mercury Hourglass"},{"floor":47,"key":"The Courier"},{"floor":54,"key":"Tough Bandages"}],"event_choices":[{"damage_healed":0,"gold_gain":62,"player_choice":"Gained Gold","damage_taken":0,"max_hp_gain":0,"max_hp_loss":0,"event_name":"Golden Wing","floor":8,"gold_loss":0},{"cards_removed":["Strike_G"],"damage_healed":0,"gold_gain":0,"player_choice":"Gave Gold","damage_taken":0,"max_hp_gain":0,"max_hp_loss":0,"event_name":"Beggar","floor":19,"gold_loss":75},{"damage_healed":0,"gold_gain":0,"player_choice":"Shed Blood","damage_taken":18,"max_hp_gain":5,"max_hp_loss":0,"event_name":"Forgotten Altar","floor":20,"gold_loss":0},{"damage_healed":0,"gold_gain":0,"player_choice":"Ignored","damage_taken":0,"max_hp_gain":0,"max_hp_loss":0,"event_name":"Ghosts","floor":21,"gold_loss":0},{"damage_healed":0,"gold_gain":0,"player_choice":"Obtained Book","damage_taken":16,"max_hp_gain":0,"max_hp_loss":0,"event_name":"Cursed Tome","floor":28,"gold_loss":0},{"damage_healed":0,"gold_gain":0,"player_choice":"Memory 3","damage_taken":10,"max_hp_gain":0,"max_hp_loss":0,"event_name":"SensoryStone","floor":36,"gold_loss":0},{"damage_healed":0,"gold_gain":0,"player_choice":"Fight","damage_taken":0,"max_hp_gain":0,"max_hp_loss":0,"event_name":"MindBloom","floor":37,"gold_loss":0},{"damage_healed":0,"gold_gain":0,"player_choice":"1 cards matched","damage_taken":0,"max_hp_gain":0,"max_hp_loss":0,"event_name":"Match and Keep!","floor":38,"gold_loss":0,"cards_obtained":["Dramatic Entrance"]},{"damage_healed":0,"gold_gain":0,"player_choice":"Embrace Madness","damage_taken":9,"max_hp_gain":0,"max_hp_loss":0,"event_name":"Winding Halls","floor":46,"gold_loss":0,"cards_obtained":["Madness","Madness"]}],"is_beta":false,"boss_relics":[{"not_picked":["Empty Cage","Lizard Tail"],"picked":"Sozu"},{"not_picked":["Runic Pyramid","Orrery"],"picked":"WristBlade"}],"items_purged_floors":[29],"is_endless":false,"potions_floor_spawned":[4,7,10,11,12,13,24,27,30,31,37,39],"ascension_level":0}