{"gold_per_floor":[116,26,201,211,211,211,239,255,255,255,266,279,279],"floor_reached":13,"playtime":224,"items_purged":[],"score":116,"play_id":"7017af30-4464-404c-b951-27c66c016fc3","local_time":"20190329083038","is_ascension_mode":true,"campfire_choices":[{"data":"Bash","floor":6,"key":"SMITH"},{"data":"Armaments","floor":10,"key":"SMITH"}],"neow_cost":"NONE","seed_source_timestamp":900725998734223,"circlet_count":0,"master_deck":["Strike_R","Strike_R","Strike_R","Strike_R","Strike_R","Defend_R","Defend_R","Defend_R","Defend_R","Bash+1","Anger","Flash of Steel","Body Slam","Pummel+1","Armaments+1","Wild Strike+1","Sword Boomerang+1"],"relics":["Burning Blood","NeowsBlessing","Molten Egg 2","Shuriken"],"potions_floor_usage":[],"damage_taken":[{"damage":0,"enemies":"Jaw Worm","floor":1,"turns":1},{"damage":0,"enemies":"2 Louse","floor":4,"turns":1},{"damage":0,"enemies":"3 Sentries","floor":7,"turns":1},{"damage":7,"enemies":"Small Slimes","floor":8,"turns":2},{"damage":22,"enemies":"3 Louse","floor":11,"turns":3},{"damage":10,"enemies":"Looter","floor":12,"turns":2},{"damage":0,"enemies":"Large Slime","floor":13,"turns":1}],"seed_played":"5979938085257366276","potions_obtained":[{"floor":8,"key":"Dexterity Potion"},{"floor":11,"key":"Weak Potion"}],"is_trial":false,"path_per_floor":["M","$","?","M","?","R","E","M","T","R","M","M","M"],"character_chosen":"IRONCLAD","items_purchased":["Flash of Steel"],"campfire_rested":0,"item_purchase_floors":[2],"current_hp_per_floor":[80,80,80,80,73,73,79,78,78,78,62,58,58],"gold":279,"neow_bonus":"THREE_ENEMY_KILL","is_prod":false,"is_daily":false,"chose_seed":false,"campfire_upgraded":2,"win_rate":0,"timestamp":1553873438,"path_taken":["M","$","?","M","?","R","E","M","T","R","M","M","M"],"build_version":"2019-01-23","purchased_purges":0,"victory":false,"max_hp_per_floor":[80,80,80,80,80,80,80,80,80,80,80,80,80],"card_choices":[{"not_picked":["Headbutt","Sword Boomerang"],"picked":"Anger","floor":1},{"not_picked":["Shrug It Off","Warcry"],"picked":"Body Slam","floor":4},{"not_picked":["Fire Breathing","Brutality"],"picked":"Pummel","floor":7},{"not_picked":["Sword Boomerang+1","Perfected Strike+1"],"picked":"Armaments","floor":8},{"not_picked":["Corruption","Sentinel"],"picked":"Wild Strike+1","floor":11},{"not_picked":["Double Tap","Twin Strike+1"],"picked":"Sword Boomerang+1","floor":12}],"player_experience":380286,"relics_obtained":[{"floor":7,"key":"Molten Egg 2"},{"floor":9,"key":"Shuriken"}],"event_choices":[{"damage_healed":0,"gold_gain":175,"player_choice":"AGREE","damage_taken":0,"max_hp_gain":0,"max_hp_loss":0,"event_name":"Liars Game","floor":3,"gold_loss":0,"cards_obtained":["Doubt"]},{"cards_removed":["Doubt"],"damage_healed":0,"gold_gain":0,"player_choice":"Card Removal","damage_taken":7,"max_hp_gain":0,"max_hp_loss":0,"event_name":"Golden Wing","floor":5,"gold_loss":0}],"is_beta":false,"boss_relics":[],"items_purged_floors":[],"is_endless":false,"potions_floor_spawned":[8,11],"killed_by":"Large Slime","ascension_level":1}