{"gold_per_floor":[114,10,0,15,15,15,45,45,45,60,75,75,90,90,90,190,190,205,220,235,250,250,250,0,15,15,30,30,30,45,75,75,175,175,190,0,25,52,13,13,43,58,58,58,73,88,88,103,103,103],"floor_reached":50,"playtime":2607,"items_purged":[],"score":623,"play_id":"f3eb38d6-a96c-4fa0-9ef4-6344ecfe8bf5","local_time":"20180828210331","daily_mods":["Brewmaster","Uncertain Future","Vintage"],"is_ascension_mode":false,"campfire_choices":[{"data":"Sword Boomerang","floor":6,"key":"SMITH"},{"floor":8,"key":"REST"},{"data":"Intimidate","floor":15,"key":"SMITH"},{"data":"Armaments","floor":23,"key":"SMITH"},{"data":"Venomology","floor":28,"key":"SMITH"},{"floor":32,"key":"REST"},{"floor":40,"key":"REST"},{"floor":47,"key":"REST"},{"floor":49,"key":"REST"}],"neow_cost":"","seed_source_timestamp":0,"circlet_count":0,"master_deck":["Strike_R","Strike_R","Strike_R","Strike_R","Defend_R+1","Defend_R","Defend_R","Defend_R","Bash+1","Venomology+1","Venomology","Venomology","Venomology","Venomology+1","Armaments+1","Sword Boomerang+1","Intimidate+1","Feed","Cleave+1","Limit Break","Clumsy","Body Slam+1","Heavy Blade+1","Normality","Madness","Madness","Clash+1"],"special_seed":17772,"relics":["Burning Blood","White Beast Statue","Oddly Smooth Stone","Letter Opener","Paper Frog","Singing Bowl","Ornamental Fan","Regal Pillow","Bag of Preparation","Bag of Marbles","Centennial Puzzle","Busted Crown","Bottled Flame","Matryoshka","Darkstone Periapt","Question Card","Molten Egg 2","Pantograph","Whetstone","Shuriken","Happy Flower","Mummified Hand","StoneCalendar","Dodecahedron","Cursed Key","Ancient Tea Set","Red Mask","Red Skull","MawBank","War Paint","Nunchaku","Dream Catcher","Pear","Smiling Mask","Blood Vial","Thread and Needle"],"potions_floor_usage":[1,1,4,4,7,7,7,7,7,7,7,10,10,10,10,11,11,13,13,13,13,14,14,16,16,16,16,16,16,18,18,18,18,18,19,19,20,20,20,20,20,21,21,21,21,25,25,25,27,27,27,27,27,30,30,31,31,31,31,33,33,33,33,33,33,33,33,35,38,38,38,38,38,38,41,41,41,41,42,42,42,42,42,45,45,45,45,46,46,46,46,46,46,48,48,50,50,50,50,50,50],"damage_taken":[{"damage":11,"enemies":"Jaw Worm","floor":1,"turns":2},{"damage":7,"enemies":"2 Louse","floor":4,"turns":2},{"damage":33,"enemies":"Lagavulin","floor":7,"turns":8},{"damage":8,"enemies":"Small Slimes","floor":10,"turns":3},{"damage":0,"enemies":"Exordium Wildlife","floor":11,"turns":2},{"damage":0,"enemies":"Large Slime","floor":13,"turns":3},{"damage":0,"enemies":"Lots of Slimes","floor":14,"turns":1},{"damage":33,"enemies":"Slime Boss","floor":16,"turns":13},{"damage":7,"enemies":"Shell Parasite","floor":18,"turns":3},{"damage":0,"enemies":"Spheric Guardian","floor":19,"turns":1},{"damage":16,"enemies":"Snake Plant","floor":20,"turns":5},{"damage":11,"enemies":"Centurion and Healer","floor":21,"turns":10},{"damage":0,"enemies":"3 Cultists","floor":25,"turns":1},{"damage":4,"enemies":"Shelled Parasite and Fungi","floor":27,"turns":3},{"damage":3,"enemies":"Snake Plant","floor":30,"turns":3},{"damage":30,"enemies":"Slavers","floor":31,"turns":3},{"damage":53,"enemies":"Champ","floor":33,"turns":7},{"damage":0,"enemies":"Orb Walker","floor":35,"turns":2},{"damage":9,"enemies":"Flame Bruiser 1 Orb","floor":38,"turns":6},{"damage":23,"enemies":"2 Orb Walkers","floor":41,"turns":3},{"damage":16,"enemies":"Spire Growth","floor":42,"turns":3},{"damage":3,"enemies":"Sphere and 2 Shapes","floor":45,"turns":1},{"damage":19,"enemies":"Flame Bruiser 2 Orb","floor":46,"turns":6},{"damage":2,"enemies":"4 Shapes","floor":48,"turns":3},{"damage":160,"enemies":"Donu and Deca","floor":50,"turns":10}],"seed_played":"7234858393999432779","potions_obtained":[{"floor":1,"key":"Energy Potion"},{"floor":4,"key":"SmokeBomb"},{"floor":7,"key":"EssenceOfSteel"},{"floor":10,"key":"SkillPotion"},{"floor":11,"key":"BloodPotion"},{"floor":13,"key":"SkillPotion"},{"floor":16,"key":"Energy Potion"},{"floor":18,"key":"Dexterity Potion"},{"floor":19,"key":"SkillPotion"},{"floor":20,"key":"Dexterity Potion"},{"floor":21,"key":"SteroidPotion"},{"floor":25,"key":"Weak Potion"},{"floor":27,"key":"Energy Potion"},{"floor":30,"key":"LiquidBronze"},{"floor":31,"key":"Energy Potion"},{"floor":33,"key":"EssenceOfSteel"},{"floor":35,"key":"Block Potion"},{"floor":38,"key":"Ancient Potion"},{"floor":41,"key":"Poison Potion"},{"floor":42,"key":"Swift Potion"},{"floor":45,"key":"BloodPotion"},{"floor":46,"key":"Ancient Potion"},{"floor":48,"key":"PowerPotion"}],"is_trial":false,"path_per_floor":["M","$","?","M","?","R","E","R","T","M","M","?","M","M","R","B",null,"M","M","M","M","?","R","$","M","T","M","R","?","M","E","R","B",null,"M","?","T","M","$","R","E","M","T","?","M","M","R","M","R"],"character_chosen":"IRONCLAD","items_purchased":["Armaments","Sword Boomerang","Molten Egg 2","Body Slam+1"],"campfire_rested":5,"item_purchase_floors":[2,2,24,39],"current_hp_per_floor":[75,75,75,74,79,79,52,77,77,75,81,81,85,85,85,73,85,84,85,81,88,88,88,88,92,92,92,92,92,95,73,97,59,97,97,97,103,100,100,103,86,81,97,82,85,83,121,121,121,0],"gold":103,"neow_bonus":"","is_prod":false,"is_daily":true,"chose_seed":false,"campfire_upgraded":4,"win_rate":0,"timestamp":1535515411,"path_taken":["M","$","?","M","?","R","E","R","T","M","M","?","M","M","R","BOSS","M","M","M","M","?","R","$","?","T","M","R","?","M","E","R","BOSS","M","?","?","M","$","R","E","M","T","?","M","M","R","M","R","BOSS"],"build_version":"2018-08-23v2","purchased_purges":0,"victory":false,"max_hp_per_floor":[80,80,80,80,85,85,85,85,85,85,85,85,85,85,85,85,85,85,85,85,89,89,89,89,92,92,92,92,92,95,97,97,97,97,97,97,103,103,103,103,103,103,119,119,119,119,121,121,121,121],"card_choices":[{"not_picked":["Clothesline","Body Slam"],"picked":"Intimidate","floor":7},{"not_picked":["Dark Embrace","Barricade"],"picked":"Feed","floor":16},{"not_picked":["Perfected Strike+1","Clash+1"],"picked":"Singing Bowl","floor":31},{"not_picked":["Offering"],"picked":"Limit Break","floor":33},{"not_picked":["Warcry"],"picked":"Heavy Blade+1","floor":41},{"not_picked":["Wild Strike+1","Thunderclap+1"],"picked":"Singing Bowl","floor":47},{"not_picked":["Power Through+1"],"picked":"Clash+1","floor":49}],"player_experience":48439,"relics_obtained":[{"floor":1,"key":"Oddly Smooth Stone"},{"floor":4,"key":"Letter Opener"},{"floor":7,"key":"Paper Frog"},{"floor":9,"key":"Singing Bowl"},{"floor":10,"key":"Ornamental Fan"},{"floor":11,"key":"Regal Pillow"},{"floor":13,"key":"Bag of Marbles"},{"floor":16,"key":"Centennial Puzzle"},{"floor":18,"key":"Bottled Flame"},{"floor":19,"key":"Matryoshka"},{"floor":20,"key":"Darkstone Periapt"},{"floor":21,"key":"Question Card"},{"floor":25,"key":"Pantograph"},{"floor":26,"key":"Whetstone"},{"floor":26,"key":"Shuriken"},{"floor":27,"key":"Happy Flower"},{"floor":30,"key":"Mummified Hand"},{"floor":31,"key":"StoneCalendar"},{"floor":33,"key":"Dodecahedron"},{"floor":35,"key":"Ancient Tea Set"},{"floor":37,"key":"Red Skull"},{"floor":37,"key":"MawBank"},{"floor":38,"key":"War Paint"},{"floor":41,"key":"Nunchaku"},{"floor":42,"key":"Dream Catcher"},{"floor":43,"key":"Pear"},{"floor":45,"key":"Smiling Mask"},{"floor":46,"key":"Blood Vial"},{"floor":48,"key":"Thread and Needle"}],"event_choices":[{"event_name":"World of Goop","player_choice":"Left","floor":3,"damage_taken":0},{"event_name":"Big Fish","player_choice":"Donut","floor":5,"damage_taken":0},{"event_name":"WeMeetAgain","player_choice":"Potion","floor":12,"damage_taken":0},{"event_name":"Transmorgrifier","player_choice":"Transform","floor":22,"damage_taken":0},{"event_name":"Beggar","player_choice":"Ignored","floor":29,"damage_taken":0},{"event_name":"Tomb of Lord Red Mask","player_choice":"Paid","floor":36,"damage_taken":0},{"event_name":"Winding Halls","player_choice":"Embrace Madness","floor":44,"damage_taken":0}],"is_beta":false,"boss_relics":[{"not_picked":["Fusion Hammer","Calling Bell"],"picked":"Busted Crown"},{"not_picked":["Runic Cube","Astrolabe"],"picked":"Cursed Key"}],"items_purged_floors":[],"is_endless":false,"potions_floor_spawned":[1,4,7,10,11,13,14,16,18,19,20,21,25,27,30,31,33,35,38,41,42,45,46,48],"killed_by":"Donu and Deca","ascension_level":0}