{"gold_per_floor":[112,112,128,148,148,148,165,165,165,165,87,101,101,126,126,126],"floor_reached":16,"playtime":1034,"items_purged":[],"score":92,"play_id":"74aaaf04-b26e-48bf-9e68-0b42fed10713","local_time":"20181207152706","is_ascension_mode":false,"campfire_choices":[{"data":"Poisoned Stab","floor":6,"key":"SMITH"},{"floor":10,"key":"REST"},{"floor":15,"key":"REST"}],"neow_cost":"NONE","seed_source_timestamp":234464456825780,"circlet_count":0,"master_deck":["Defend_G","Defend_G+1","Defend_G+1","Strike_G","Strike_G","Strike_G","Strike_G","Strike_G","Survivor","Neutralize","Blur","Poisoned Stab+1","Dagger Throw","Distraction","Malaise","Noxious Fumes","Adrenaline","Eviscerate","Injury","Dagger Spray"],"relics":["Ring of the Snake","Shuriken","Lantern","Golden Idol"],"potions_floor_usage":[16],"damage_taken":[{"damage":3,"enemies":"2 Louse","floor":1,"turns":4},{"damage":4,"enemies":"Jaw Worm","floor":3,"turns":4},{"damage":0,"enemies":"Small Slimes","floor":4,"turns":2},{"damage":2,"enemies":"3 Louse","floor":7,"turns":3},{"damage":6,"enemies":"Large Slime","floor":12,"turns":6},{"damage":36,"enemies":"Gremlin Gang","floor":14,"turns":5},{"damage":26,"enemies":"The Guardian","floor":16,"turns":4}],"seed_played":"8761621322809478806","potions_obtained":[{"floor":4,"key":"Strength Potion"},{"floor":14,"key":"Fire Potion"}],"is_trial":false,"path_per_floor":["M","?","M","M","?","R","M","?","T","R","$","M","?","M","R","B"],"character_chosen":"THE_SILENT","items_purchased":["Adrenaline"],"campfire_rested":2,"item_purchase_floors":[11],"current_hp_per_floor":[67,53,49,49,49,49,47,22,22,43,43,37,37,1,22,0],"gold":126,"neow_bonus":"TRANSFORM_CARD","is_prod":false,"is_daily":false,"chose_seed":false,"campfire_upgraded":1,"win_rate":0.0,"timestamp":1544225226,"path_taken":["M","?","M","M","?","R","M","?","T","R","$","M","?","M","R","BOSS"],"build_version":"2018-12-06","purchased_purges":0,"victory":false,"max_hp_per_floor":[70,70,70,70,70,70,70,70,70,70,70,70,70,70,70,70],"card_choices":[{"not_picked":["Cloak And Dagger","Footwork"],"picked":"Poisoned Stab","floor":1},{"not_picked":["Endless Agony","Calculated Gamble"],"picked":"Dagger Throw","floor":3},{"not_picked":["Deadly Poison","Sucker Punch"],"picked":"Distraction","floor":4},{"not_picked":["Calculated Gamble","Tactician"],"picked":"Noxious Fumes","floor":7},{"not_picked":["Caltrops","Deflect"],"picked":"Eviscerate","floor":12},{"not_picked":["Sucker Punch","Prepared"],"picked":"Dagger Spray","floor":14}],"player_experience":141115,"relics_obtained":[{"floor":9,"key":"Lantern"}],"event_choices":[{"damage_healed":0,"gold_gain":0,"player_choice":"Entered Light","damage_taken":14,"max_hp_gain":0,"max_hp_loss":0,"event_name":"Shining Light","floor":2,"gold_loss":0,"cards_upgraded":["Defend_G","Defend_G"]},{"damage_healed":0,"gold_gain":0,"cards_transformed":["Defend_G"],"player_choice":"Change","damage_taken":0,"max_hp_gain":0,"max_hp_loss":0,"event_name":"Living Wall","floor":5,"gold_loss":0,"cards_obtained":["Malaise"]},{"damage_healed":0,"gold_gain":0,"player_choice":"Success","damage_taken":25,"relics_obtained":["Shuriken"],"max_hp_gain":0,"max_hp_loss":0,"event_name":"Scrap Ooze","floor":8,"gold_loss":0},{"damage_healed":0,"gold_gain":0,"player_choice":"Take Wound","damage_taken":0,"relics_obtained":["Golden Idol"],"max_hp_gain":0,"max_hp_loss":0,"event_name":"Golden Idol","floor":13,"gold_loss":0,"cards_obtained":["Injury"]}],"is_beta":false,"boss_relics":[],"items_purged_floors":[],"is_endless":false,"potions_floor_spawned":[4,14],"killed_by":"The Guardian","ascension_level":0}