{"gold_per_floor":[114,114,14,29,44,44,44,59,89,119,134,134,149,164,164,164],"floor_reached":16,"playtime":397,"items_purged":[],"score":154,"play_id":"4e46ee9f-5600-4450-ab5d-a01e199261e1","local_time":"20180826084306","daily_mods":["Specialized","Cursed Run","Time Dilation"],"is_ascension_mode":false,"campfire_choices":[{"floor":6,"key":"REST"},{"floor":12,"key":"REST"},{"floor":15,"key":"REST"}],"neow_cost":"","seed_source_timestamp":0,"circlet_count":0,"master_deck":["Strike_R","Strike_R","Strike_R","Strike_R","Strike_R","Defend_R","Defend_R","Defend_R","Bash","Offering","Offering","Offering","Offering","Offering+1","Fire Breathing","Flash of Steel","Cleave","Havoc","Rampage","Decay","Warcry","Double Tap","Feed","Headbutt"],"special_seed":17769,"relics":["Cursed Key","Darkstone Periapt","Du-Vu Doll","Tiny Chest","Red Skull"],"potions_floor_usage":[],"damage_taken":[{"damage":18,"enemies":"2 Louse","floor":1,"turns":1},{"damage":12,"enemies":"Jaw Worm","floor":4,"turns":1},{"damage":24,"enemies":"Cultist","floor":5,"turns":1},{"damage":18,"enemies":"Exordium Wildlife","floor":8,"turns":1},{"damage":18,"enemies":"Lagavulin","floor":10,"turns":2},{"damage":18,"enemies":"Lots of Slimes","floor":11,"turns":1},{"damage":14,"enemies":"Large Slime","floor":13,"turns":2},{"damage":12,"enemies":"Gremlin Gang","floor":14,"turns":2},{"damage":30,"enemies":"The Guardian","floor":16,"turns":2}],"seed_played":"1407461410960682535","potions_obtained":[{"floor":8,"key":"PowerPotion"},{"floor":13,"key":"Explosive Potion"}],"is_trial":false,"path_per_floor":["M","?","$","M","M","R","?","M","T","E","M","R","M","M","R"],"character_chosen":"IRONCLAD","items_purchased":["Flash of Steel"],"campfire_rested":3,"item_purchase_floors":[3],"current_hp_per_floor":[62,62,62,50,26,50,50,32,38,20,2,27,13,4,30,0],"gold":164,"neow_bonus":"","is_prod":false,"is_daily":true,"chose_seed":false,"campfire_upgraded":0,"win_rate":0,"timestamp":1535298186,"path_taken":["M","?","$","M","M","R","?","?","T","E","M","R","M","M","R","BOSS"],"build_version":"2018-08-23v2","purchased_purges":0,"victory":false,"max_hp_per_floor":[80,80,80,80,80,80,80,80,86,86,86,86,86,89,89,89],"card_choices":[{"not_picked":["True Grit","Heavy Blade"],"picked":"Fire Breathing","floor":1},{"not_picked":["Clash","Pommel Strike"],"picked":"Cleave","floor":4},{"not_picked":["Twin Strike","Heavy Blade"],"picked":"Havoc","floor":5},{"not_picked":["Headbutt","Power Through"],"picked":"Rampage","floor":8},{"not_picked":["Feel No Pain","Power Through"],"picked":"Warcry","floor":10},{"not_picked":["Twin Strike","Clash"],"picked":"Double Tap","floor":11},{"not_picked":["Warcry","Shrug It Off"],"picked":"Feed","floor":13},{"not_picked":["Body Slam","Shrug It Off"],"picked":"Headbutt","floor":14}],"player_experience":39825,"relics_obtained":[{"floor":9,"key":"Tiny Chest"},{"floor":10,"key":"Red Skull"}],"event_choices":[{"event_name":"Living Wall","player_choice":"Grow","floor":2,"damage_taken":0},{"event_name":"Wheel of Change","player_choice":"Card Removal","floor":7,"damage_taken":0}],"is_beta":false,"boss_relics":[],"items_purged_floors":[],"is_endless":false,"potions_floor_spawned":[8,13],"killed_by":"The Guardian","ascension_level":0}