{"gold_per_floor":[114,35,50,65,240,270,282,264,276,288,300,387,414,178,178,278,278,293,20,0,0,15,15,15,15,15,15],"floor_reached":27,"playtime":898,"items_purged":[],"score":207,"play_id":"cb4c9db8-ca90-4771-b8b7-75a1ac99cb6d","local_time":"20181220233746","daily_mods":["SealedDeck","Blue Cards","Night Terrors"],"is_ascension_mode":false,"campfire_choices":[{"data":"Static Discharge","floor":7,"key":"SMITH"},{"floor":11,"key":"REST"},{"floor":15,"key":"REST"},{"data":"Defragment","floor":23,"key":"SMITH"},{"data":"Inflame","floor":25,"key":"SMITH"}],"neow_cost":"","seed_source_timestamp":0,"circlet_count":0,"master_deck":["Rage","Cleave","Heavy Blade","Tempest","Skim","Leap","Auto Shields","Static Discharge+1","Defragment+1","Heavy Blade","Inflame+1","FTL","Rage","Armaments","Fire Breathing","Seeing Red","Glacier","Flex","Impervious","BootSequence","Static Discharge+1","Fusion","Shame","Shrug It Off+1"],"special_seed":17886,"relics":["Burning Blood","MawBank","Dodecahedron","ClockworkSouvenir","Black Star","DollysMirror","Toxic Egg 2","Molten Egg 2"],"potions_floor_usage":[6,16,16,18,27],"damage_taken":[{"damage":17,"enemies":"Small Slimes","floor":1,"turns":3},{"damage":2,"enemies":"Jaw Worm","floor":3,"turns":3},{"damage":14,"enemies":"2 Louse","floor":4,"turns":3},{"damage":35,"enemies":"Lagavulin","floor":6,"turns":7},{"damage":8,"enemies":"Looter","floor":8,"turns":4},{"damage":58,"enemies":"Gremlin Gang","floor":13,"turns":4},{"damage":39,"enemies":"Slime Boss","floor":16,"turns":12},{"damage":27,"enemies":"2 Thieves","floor":18,"turns":3},{"damage":8,"enemies":"3 Byrds","floor":22,"turns":2},{"damage":49,"enemies":"Slavers","floor":27,"turns":3}],"seed_played":"8047244864974201338","potions_obtained":[{"floor":1,"key":"BloodPotion"},{"floor":4,"key":"Strength Potion"},{"floor":13,"key":"LiquidBronze"},{"floor":16,"key":"Explosive Potion"},{"floor":18,"key":"Energy Potion"}],"is_trial":false,"path_per_floor":["M","$","M","M","?","E","R","M","T","?","R","?","M","$","R","B",null,"M","$","?","?","M","R","$","R","T","E"],"character_chosen":"IRONCLAD","items_purchased":["FTL","ClockworkSouvenir","Flex","DollysMirror","Fusion"],"campfire_rested":2,"item_purchase_floors":[2,14,14,19,19],"current_hp_per_floor":[69,69,73,65,65,36,36,34,34,27,75,64,12,12,70,44,70,49,49,49,49,47,47,47,47,47,0],"gold":15,"neow_bonus":"","is_prod":false,"is_daily":true,"chose_seed":false,"campfire_upgraded":3,"win_rate":0,"timestamp":1545377866,"path_taken":["M","$","M","M","?","E","R","M","T","?","R","?","M","?","R","BOSS","M","$","?","?","M","R","$","R","T","E"],"build_version":"2018-12-20","purchased_purges":0,"victory":false,"max_hp_per_floor":[80,80,80,80,80,80,80,80,80,80,75,75,75,75,70,70,70,70,70,70,70,70,70,70,70,70,70],"card_choices":[{"not_picked":["Coolheaded","Pommel Strike"],"picked":"Inflame","floor":1},{"not_picked":["Evolve","Stack"],"picked":"Rage","floor":3},{"not_picked":["Clothesline","Body Slam"],"picked":"Armaments","floor":4},{"not_picked":["Gash","Clash"],"picked":"Fire Breathing","floor":6},{"not_picked":["Barrage","Steam"],"picked":"Seeing Red","floor":8},{"not_picked":["Go for the Eyes","Reprogram"],"picked":"Glacier","floor":13},{"not_picked":["Amplify","All For One"],"picked":"Impervious","floor":16},{"not_picked":["Darkness+1","Warcry"],"picked":"BootSequence","floor":18},{"not_picked":["Go for the Eyes+1","Warcry+1"],"picked":"Shrug It Off+1","floor":22}],"player_experience":305352,"relics_obtained":[{"floor":6,"key":"MawBank"},{"floor":9,"key":"Dodecahedron"},{"floor":26,"key":"Molten Egg 2"}],"event_choices":[{"damage_healed":0,"gold_gain":175,"player_choice":"AGREE","damage_taken":0,"max_hp_gain":0,"max_hp_loss":0,"event_name":"Liars Game","floor":5,"gold_loss":0,"cards_obtained":["Doubt"]},{"cards_removed":["Doubt"],"damage_healed":0,"gold_gain":0,"player_choice":"Card Removal","damage_taken":7,"max_hp_gain":0,"max_hp_loss":0,"event_name":"Golden Wing","floor":10,"gold_loss":0},{"damage_healed":0,"gold_gain":75,"player_choice":"Gather Gold","damage_taken":11,"max_hp_gain":0,"max_hp_loss":0,"event_name":"World of Goop","floor":12,"gold_loss":0},{"damage_healed":0,"gold_gain":0,"player_choice":"Paid Fearfully","damage_taken":0,"max_hp_gain":0,"max_hp_loss":0,"event_name":"Masked Bandits","floor":20,"gold_loss":20},{"damage_healed":0,"gold_gain":0,"player_choice":"Stole Relic","damage_taken":0,"relics_obtained":["Toxic Egg 2"],"max_hp_gain":0,"max_hp_loss":0,"event_name":"Addict","floor":21,"gold_loss":0,"cards_obtained":["Shame"]}],"is_beta":false,"boss_relics":[{"not_picked":["Runic Pyramid","Snecko Eye"],"picked":"Black Star"}],"items_purged_floors":[],"is_endless":false,"potions_floor_spawned":[1,4,13,16,18],"killed_by":"Slavers","ascension_level":0}