{"gold_per_floor":[113,37,47,63,83,83,113,113,139,139,139,152,183,183,183,256,256,267,282,282,294,294,294,328,328,328,328,338,338,352,379,379,379],"floor_reached":33,"playtime":2074,"items_purged":[],"score":516,"play_id":"78c333a8-5cee-4e6e-afc5-19466ebd53d8","local_time":"20190427153247","is_ascension_mode":true,"campfire_choices":[{"data":"Neutralize","floor":6,"key":"SMITH"},{"floor":8,"key":"REST"},{"floor":11,"key":"REST"},{"floor":15,"key":"REST"},{"data":"Skewer","floor":23,"key":"SMITH"},{"floor":25,"key":"REST"},{"floor":27,"key":"REST"},{"data":"Cloak And Dagger","floor":29,"key":"SMITH"},{"floor":32,"key":"REST"}],"neow_cost":"NONE","seed_source_timestamp":1510243015109737,"circlet_count":0,"master_deck":["AscendersBane","Defend_G","Defend_G","Defend_G","Defend_G","Defend_G+1","Strike_G","Strike_G","Strike_G","Strike_G","Strike_G","Survivor","Neutralize+1","Skewer+1","Predator","Cloak And Dagger+1","Slice","Dagger Spray","Backflip+1","Die Die Die","Cloak And Dagger+1","Footwork","Terror+1","Doubt","PiercingWail","Slice+1","Footwork"],"relics":["Ring of the Snake","Centennial Puzzle","Omamori","Orichalcum","War Paint","Blue Candle","Cursed Key","Oddly Smooth Stone","The Courier","Anchor"],"potions_floor_usage":[5,16,21,24,33,33],"damage_taken":[{"damage":4,"enemies":"Cultist","floor":1,"turns":5},{"damage":0,"enemies":"2 Louse","floor":3,"turns":2},{"damage":2,"enemies":"Small Slimes","floor":4,"turns":4},{"damage":13,"enemies":"Gremlin Gang","floor":5,"turns":5},{"damage":33,"enemies":"3 Sentries","floor":7,"turns":10},{"damage":0,"enemies":"2 Fungi Beasts","floor":12,"turns":3},{"damage":32,"enemies":"Lagavulin","floor":13,"turns":6},{"damage":17,"enemies":"Slime Boss","floor":16,"turns":9},{"damage":6,"enemies":"Chosen","floor":18,"turns":4},{"damage":5,"enemies":"Spheric Guardian","floor":19,"turns":3},{"damage":16,"enemies":"Snake Plant","floor":21,"turns":6},{"damage":22,"enemies":"Slavers","floor":24,"turns":6},{"damage":1,"enemies":"Centurion and Healer","floor":28,"turns":10},{"damage":6,"enemies":"Cultist and Chosen","floor":30,"turns":4},{"damage":26,"enemies":"Book of Stabbing","floor":31,"turns":6},{"damage":41,"enemies":"Automaton","floor":33,"turns":6}],"seed_played":"2383617939567493829","potions_obtained":[{"floor":3,"key":"SkillPotion"},{"floor":12,"key":"Strength Potion"},{"floor":18,"key":"Regen Potion"},{"floor":19,"key":"SkillPotion"},{"floor":24,"key":"Explosive Potion"},{"floor":31,"key":"SkillPotion"}],"is_trial":false,"path_per_floor":["M","$","M","M","M","R","E","R","T","?","R","M","E","?","R","B",null,"M","M","?","M","?","R","E","R","T","R","M","R","M","E","R","B"],"character_chosen":"THE_SILENT","items_purchased":["Skewer"],"campfire_rested":6,"item_purchase_floors":[2],"current_hp_per_floor":[55,55,55,53,40,40,7,26,26,26,45,45,13,13,32,15,53,47,42,38,37,37,37,15,34,34,53,52,52,46,20,39,0],"gold":379,"neow_bonus":"RANDOM_COMMON_RELIC","is_prod":false,"is_daily":false,"chose_seed":false,"campfire_upgraded":3,"win_rate":0,"timestamp":1556393567,"path_taken":["M","$","M","M","?","R","E","R","T","?","R","M","E","?","R","BOSS","M","M","?","?","?","R","E","R","T","R","M","R","M","E","R","BOSS"],"build_version":"2019-01-23","purchased_purges":0,"victory":false,"max_hp_per_floor":[66,66,66,66,66,66,66,66,66,66,66,66,66,66,66,66,66,66,66,66,66,66,66,66,66,66,66,66,66,66,66,66,66],"card_choices":[{"not_picked":["Prepared","Backflip","Deflect"],"picked":"SKIP","floor":1},{"not_picked":["Underhanded Strike","Setup"],"picked":"Predator","floor":3},{"not_picked":["Catalyst","Crippling Poison"],"picked":"Cloak And Dagger","floor":4},{"not_picked":["Backflip","Acrobatics"],"picked":"Slice","floor":5},{"not_picked":["Doppelganger","Setup","Blur"],"picked":"SKIP","floor":7},{"not_picked":["Sucker Punch","Footwork"],"picked":"Dagger Spray","floor":12},{"not_picked":["Eviscerate","Predator"],"picked":"Backflip","floor":13},{"not_picked":["Unload","Envenom"],"picked":"Die Die Die","floor":16},{"not_picked":["Dagger Spray","Quick Slash"],"picked":"Cloak And Dagger+1","floor":18},{"not_picked":["Underhanded Strike","Distraction+1"],"picked":"Footwork","floor":19},{"not_picked":["Quick Slash+1","Acrobatics"],"picked":"Terror+1","floor":21},{"not_picked":["Sucker Punch","Eviscerate+1","Storm of Steel"],"picked":"SKIP","floor":24},{"not_picked":["Dagger Spray+1","Prepared"],"picked":"PiercingWail","floor":28},{"not_picked":["Poisoned Stab","Sucker Punch"],"picked":"Slice+1","floor":30},{"not_picked":["Masterful Stab","Blade Dance"],"picked":"Footwork","floor":31}],"player_experience":864685,"relics_obtained":[{"floor":7,"key":"Omamori"},{"floor":9,"key":"Orichalcum"},{"floor":13,"key":"War Paint"},{"floor":24,"key":"Oddly Smooth Stone"},{"floor":26,"key":"The Courier"},{"floor":31,"key":"Anchor"}],"event_choices":[{"damage_healed":0,"gold_gain":0,"player_choice":"Ignored","damage_taken":0,"max_hp_gain":0,"max_hp_loss":0,"event_name":"Shining Light","floor":10,"gold_loss":0},{"damage_healed":0,"gold_gain":0,"player_choice":"Box","damage_taken":0,"relics_obtained":["Blue Candle"],"max_hp_gain":0,"max_hp_loss":0,"event_name":"Big Fish","floor":14,"gold_loss":0,"cards_obtained":["Regret"]},{"damage_healed":0,"gold_gain":0,"player_choice":"Bought 0 Potions","damage_taken":0,"max_hp_gain":0,"max_hp_loss":0,"event_name":"The Woman in Blue","floor":20,"gold_loss":0},{"damage_healed":0,"gold_gain":0,"player_choice":"Smashed Altar","damage_taken":0,"max_hp_gain":0,"max_hp_loss":0,"event_name":"Forgotten Altar","floor":22,"gold_loss":0,"cards_obtained":["Decay"]}],"is_beta":false,"boss_relics":[{"not_picked":["Runic Dome","Empty Cage"],"picked":"Cursed Key"}],"items_purged_floors":[],"is_endless":false,"potions_floor_spawned":[3,12,18,19,24,31],"killed_by":"Automaton","ascension_level":15}