{"gold_per_floor":[114,129,24,39,39,69,69,99,124,139,154,154],"floor_reached":12,"playtime":797,"items_purged":[],"score":115,"play_id":"5af195ad-da8f-491d-be58-799489d683b1","local_time":"20180830233213","daily_mods":["Specialized","Elite Swarm","Night Terrors"],"is_ascension_mode":false,"campfire_choices":[{"floor":7,"key":"REST"}],"neow_cost":"","seed_source_timestamp":0,"circlet_count":0,"master_deck":["Defend_G","Defend_G","Defend_G","Defend_G","Defend_G","Strike_G","Strike_G","Strike_G","Strike_G","Strike_G","Survivor","Neutralize","Venomology","Venomology","Venomology","Venomology","Venomology","Flechettes","Crippling Poison","Dramatic Entrance","Infinite Blades","Adrenaline","Concentrate","Sucker Punch"],"special_seed":17774,"relics":["Ring of the Snake","Question Card","Pear","The Specimen","Vajra"],"potions_floor_usage":[1,1,1,1,1,2,2,2,2,2,4,4,4,4,4,6,6,6,6,8,8,8,8,10,10,10,10,10,11,11,11,12,12],"damage_taken":[{"damage":7,"enemies":"2 Louse","floor":1,"turns":4},{"damage":0,"enemies":"Small Slimes","floor":2,"turns":2},{"damage":7,"enemies":"Cultist","floor":4,"turns":4},{"damage":21,"enemies":"Lagavulin","floor":6,"turns":5},{"damage":38,"enemies":"3 Sentries","floor":8,"turns":8},{"damage":1,"enemies":"2 Fungi Beasts","floor":10,"turns":2},{"damage":23,"enemies":"Gremlin Gang","floor":11,"turns":3},{"damage":25,"enemies":"Exordium Thugs","floor":12,"turns":3}],"seed_played":"-8244340238949798716","potions_obtained":[{"floor":1,"key":"Poison Potion"},{"floor":8,"key":"Dexterity Potion"},{"floor":10,"key":"GamblersBrew"}],"is_trial":false,"path_per_floor":["M","M","$","M","?","E","R","E","T","M","M"],"character_chosen":"THE_SILENT","items_purchased":["Dramatic Entrance"],"campfire_rested":1,"item_purchase_floors":[3],"current_hp_per_floor":[63,63,63,56,44,33,75,37,37,45,22,0],"gold":154,"neow_bonus":"","is_prod":false,"is_daily":true,"chose_seed":false,"campfire_upgraded":0,"win_rate":0.0,"timestamp":1535697133,"path_taken":["M","M","$","M","?","E","R","E","T","M","M","M"],"build_version":"2018-08-30","purchased_purges":0,"victory":false,"max_hp_per_floor":[70,70,70,70,70,80,75,75,75,75,75,75],"card_choices":[{"not_picked":["Dash","Blade Dance"],"picked":"Flechettes","floor":1},{"not_picked":["Deflect","Finisher"],"picked":"Crippling Poison","floor":2},{"not_picked":["Dagger Throw","Footwork"],"picked":"Infinite Blades","floor":4},{"not_picked":["Venomology","Night Terror","Unload","Burst"],"picked":"SKIP","floor":6},{"not_picked":["Wraith Form v2","Envenom","Bullet Time"],"picked":"Adrenaline","floor":8},{"not_picked":["Sucker Punch","Backflip","Deflect"],"picked":"Concentrate","floor":10},{"not_picked":["Reflex","Prepared","Underhanded Strike"],"picked":"Sucker Punch","floor":11}],"player_experience":54417,"relics_obtained":[{"floor":6,"key":"Pear"},{"floor":8,"key":"The Specimen"},{"floor":9,"key":"Vajra"}],"event_choices":[{"event_name":"Scrap Ooze","player_choice":"success","floor":5,"damage_taken":12}],"is_beta":false,"boss_relics":[],"items_purged_floors":[],"is_endless":false,"potions_floor_spawned":[1,8,10],"killed_by":"Exordium Thugs","ascension_level":0}