{"gold_per_floor":[114,126,192,192,203,237,81,81,81,81],"floor_reached":10,"playtime":211,"items_purged":[],"score":94,"play_id":"f021384a-6be8-4bf0-8c50-eeed0e094eb7","local_time":"20190324204601","is_ascension_mode":true,"campfire_choices":[],"neow_cost":"PERCENT_DAMAGE","seed_source_timestamp":512866822550524,"circlet_count":0,"master_deck":["Strike_R+1","Strike_R","Strike_R","Strike_R","Strike_R","Defend_R","Defend_R","Defend_R","Defend_R","Bash","Searing Blow","Sword Boomerang+1","Flex","Exhume"],"relics":["Burning Blood","Pocketwatch","Lantern"],"potions_floor_usage":[],"damage_taken":[{"damage":17,"enemies":"Small Slimes","floor":1,"turns":4},{"damage":15,"enemies":"Jaw Worm","floor":2,"turns":4},{"damage":0,"enemies":"2 Louse","floor":5,"turns":2},{"damage":38,"enemies":"Gremlin Nob","floor":6,"turns":5},{"damage":11,"enemies":"Exordium Wildlife","floor":10,"turns":1}],"seed_played":"-7163280535285076769","potions_obtained":[],"is_trial":false,"path_per_floor":["M","M","?","?","M","E","$","?","T","M"],"character_chosen":"IRONCLAD","items_purchased":["Lantern"],"campfire_rested":0,"item_purchase_floors":[7],"current_hp_per_floor":[61,52,52,33,39,7,7,7,7,0],"gold":81,"neow_bonus":"TWENTY_PERCENT_HP_BONUS","is_prod":false,"is_daily":false,"chose_seed":false,"campfire_upgraded":0,"win_rate":0,"timestamp":1553485561,"path_taken":["M","M","?","?","M","E","?","?","T","M"],"build_version":"2019-01-23","purchased_purges":0,"victory":false,"max_hp_per_floor":[96,96,96,96,96,96,96,96,96,96],"card_choices":[{"not_picked":["Havoc","Twin Strike"],"picked":"Searing Blow","floor":1},{"not_picked":["Pommel Strike","Body Slam"],"picked":"Sword Boomerang","floor":2},{"not_picked":["Twin Strike","Searing Blow"],"picked":"Flex","floor":5},{"not_picked":["Iron Wave","Clothesline"],"picked":"Exhume","floor":6}],"player_experience":367463,"relics_obtained":[{"floor":6,"key":"Pocketwatch"}],"event_choices":[{"damage_healed":0,"gold_gain":66,"player_choice":"Gained Gold","damage_taken":0,"max_hp_gain":0,"max_hp_loss":0,"event_name":"Golden Wing","floor":3,"gold_loss":0},{"damage_healed":0,"gold_gain":0,"player_choice":"Entered Light","damage_taken":19,"max_hp_gain":0,"max_hp_loss":0,"event_name":"Shining Light","floor":4,"gold_loss":0,"cards_upgraded":["Sword Boomerang","Strike_R"]},{"damage_healed":0,"gold_gain":0,"player_choice":"Fled","damage_taken":0,"max_hp_gain":0,"max_hp_loss":0,"event_name":"Scrap Ooze","floor":8,"gold_loss":0}],"is_beta":false,"boss_relics":[],"items_purged_floors":[],"is_endless":false,"potions_floor_spawned":[],"killed_by":"Exordium Wildlife","ascension_level":1}