{"gold_per_floor":[113,124,138,138,157,201,117,117,141,156,156,3,23,38,38,38],"floor_reached":16,"playtime":918,"items_purged":[],"score":166,"play_id":"1f39399d-80e7-45ec-b35d-0c4b0f89fefc","local_time":"20190428105718","is_ascension_mode":true,"campfire_choices":[{"floor":8.0,"key":"REST"},{"data":"Hologram","floor":11.0,"key":"SMITH"},{"data":"Defragment","floor":15.0,"key":"SMITH"}],"neow_cost":"NONE","seed_source_timestamp":210810475436700,"circlet_count":0,"master_deck":["AscendersBane","Strike_B+1","Strike_B+1","Strike_B","Strike_B","Defend_B","Defend_B","Defend_B","Defend_B","Zap+1","Dualcast","Defragment+1","Steam","Coolheaded","Hologram+1","Multi-Cast","Rebound","Machine Learning"],"special_seed":0,"relics":["Cracked Core","Golden Idol","Whetstone","Bag of Marbles","Vajra","Bronze Scales"],"potions_floor_usage":[16],"damage_taken":[{"damage":7.0,"enemies":"Jaw Worm","floor":1.0,"turns":3.0},{"damage":15.0,"enemies":"2 Louse","floor":2.0,"turns":2.0},{"damage":1.0,"enemies":"Cultist","floor":3.0,"turns":3.0},{"damage":7.0,"enemies":"Large Slime","floor":5.0,"turns":6.0},{"damage":9.0,"enemies":"3 Sentries","floor":6.0,"turns":10.0},{"damage":5.0,"enemies":"Gremlin Gang","floor":10.0,"turns":4.0},{"damage":1.0,"enemies":"Looter","floor":13.0,"turns":2.0},{"damage":8.0,"enemies":"Blue Slaver","floor":14.0,"turns":2.0},{"damage":19,"enemies":"Slime Boss","floor":16,"turns":8}],"seed_played":"6713030055493087357","potions_obtained":[{"floor":3.0,"key":"Fire Potion"},{"floor":5.0,"key":"Dexterity Potion"},{"floor":14.0,"key":"Weak Potion"}],"is_trial":false,"path_per_floor":["M","M","M","?","M","E","?","R","T","M","R","$","M","M","R","B"],"character_chosen":"DEFECT","items_purchased":["Bronze Scales"],"campfire_rested":1,"item_purchase_floors":[12],"current_hp_per_floor":[61,46,45,27,20,11,11,33,33,28,28,28,27,19,19,0],"gold":38,"neow_bonus":"UPGRADE_CARD","is_prod":false,"is_daily":false,"chose_seed":false,"campfire_upgraded":2,"win_rate":0,"timestamp":1556441838,"path_taken":["M","M","M","?","M","E","?","R","T","?","R","$","M","M","R","BOSS"],"build_version":"2019-01-23","purchased_purges":0,"victory":false,"max_hp_per_floor":[75,75,75,75,75,75,75,75,75,75,75,75,75,75,75,75],"card_choices":[{"not_picked":["Ball Lightning","Conserve Battery"],"picked":"Defragment","floor":1.0},{"not_picked":["Ball Lightning","Coolheaded"],"picked":"Steam","floor":2.0},{"not_picked":["Redo","Gash"],"picked":"Coolheaded","floor":3.0},{"not_picked":["Redo","Loop"],"picked":"Hologram","floor":5.0},{"not_picked":["Creative AI","Darkness"],"picked":"Multi-Cast","floor":6.0},{"not_picked":["Turbo","Barrage"],"picked":"Rebound","floor":10.0},{"not_picked":["Reprogram","Force Field","Compile Driver"],"picked":"SKIP","floor":13.0},{"not_picked":["Reprogram","Steam"],"picked":"Machine Learning","floor":14.0}],"player_experience":712581,"relics_obtained":[{"floor":6.0,"key":"Whetstone"},{"floor":9.0,"key":"Vajra"}],"event_choices":[{"damage_healed":0.0,"max_hp_gain":0.0,"max_hp_loss":0.0,"gold_gain":0.0,"event_name":"Golden Idol","player_choice":"Take Damage","floor":4.0,"gold_loss":0.0,"damage_taken":18.0,"relics_obtained":["Golden Idol"]},{"damage_healed":0.0,"max_hp_gain":0.0,"max_hp_loss":0.0,"gold_gain":0.0,"event_name":"WeMeetAgain","player_choice":"Paid Gold","floor":7.0,"gold_loss":84.0,"damage_taken":0.0,"relics_obtained":["Bag of Marbles"]}],"is_beta":false,"boss_relics":[],"items_purged_floors":[],"is_endless":false,"potions_floor_spawned":[3,5,14],"killed_by":"Slime Boss","ascension_level":12}