{"gold_per_floor":[118,129,25,25,25,59,71,71,71,71,96,108,141,158,158,158],"floor_reached":16,"playtime":1011,"items_purged":[],"score":340,"play_id":"385e40bb-1f7a-42be-bf45-0529ebda2e2f","local_time":"20190503060116","is_ascension_mode":true,"campfire_choices":[{"data":"Neutralize","floor":8.0,"key":"SMITH"},{"data":"Deadly Poison","floor":10.0,"key":"SMITH"},{"data":"Flying Knee","floor":15,"key":"SMITH"}],"neow_cost":"NONE","seed_source_timestamp":163619517634011,"circlet_count":0,"master_deck":["AscendersBane","Defend_G","Defend_G","Defend_G","Defend_G","Defend_G","Strike_G","Strike_G","Strike_G","Strike_G","Strike_G","Survivor","Neutralize+1","PiercingWail","Choke","Deadly Poison+1","Flying Knee+1","Deflect","Backstab","Footwork","PiercingWail"],"special_seed":0,"relics":["Ring of the Snake","NeowsBlessing","Dodecahedron","Darkstone Periapt","Mercury Hourglass"],"potions_floor_usage":[11,11,13,13],"damage_taken":[{"damage":0.0,"enemies":"Small Slimes","floor":1.0,"turns":1.0},{"damage":0.0,"enemies":"Cultist","floor":2.0,"turns":1.0},{"damage":0.0,"enemies":"Lagavulin","floor":6.0,"turns":1.0},{"damage":1.0,"enemies":"2 Louse","floor":7.0,"turns":4.0},{"damage":0,"enemies":"Gremlin Nob","floor":11,"turns":2},{"damage":6,"enemies":"Lots of Slimes","floor":12,"turns":5},{"damage":24,"enemies":"3 Sentries","floor":13,"turns":9},{"damage":0,"enemies":"3 Louse","floor":14,"turns":2},{"damage":28,"enemies":"Hexaghost","floor":16,"turns":8}],"seed_played":"1395373243830678572","potions_obtained":[{"floor":2.0,"key":"Energy Potion"},{"floor":4.0,"key":"SkillPotion"},{"floor":11,"key":"PowerPotion"},{"floor":12,"key":"SneckoOil"}],"is_trial":false,"path_per_floor":["M","M","$","?","$","E","M","R","T","R","E","M","E","M","R","B"],"character_chosen":"THE_SILENT","items_purchased":["Choke","Deadly Poison"],"campfire_rested":0,"item_purchase_floors":[3,3],"current_hp_per_floor":[59,59,59,59,59,59,58,58,58,58,58,52,28,28,28,0],"gold":158,"neow_bonus":"THREE_ENEMY_KILL","is_prod":false,"is_daily":false,"chose_seed":false,"campfire_upgraded":3,"win_rate":0,"timestamp":1556856076,"path_taken":["M","M","$","?","$","E","?","R","T","R","E","M","E","M","R","BOSS"],"build_version":"2019-01-23","purchased_purges":0,"victory":false,"max_hp_per_floor":[66,66,66,66,66,66,66,66,66,66,66,66,66,66,66,66],"card_choices":[{"not_picked":["Prepared","Cloak And Dagger"],"picked":"PiercingWail","floor":1.0},{"not_picked":["Acrobatics","Night Terror","Backflip"],"picked":"SKIP","floor":2.0},{"not_picked":["Poisoned Stab","Dodge and Roll"],"picked":"Flying Knee","floor":6.0},{"not_picked":["Slice","Prepared"],"picked":"Deflect","floor":7.0},{"not_picked":["Backflip","Escape Plan"],"picked":"Backstab","floor":11},{"not_picked":["Flying Knee","Deflect"],"picked":"Footwork","floor":12},{"not_picked":["Bane","Quick Slash"],"picked":"PiercingWail","floor":13},{"not_picked":["Poisoned Stab","Deadly Poison","All Out Attack"],"picked":"SKIP","floor":14}],"player_experience":1929237,"relics_obtained":[{"floor":6.0,"key":"Dodecahedron"},{"floor":11,"key":"Darkstone Periapt"},{"floor":13,"key":"Mercury Hourglass"}],"event_choices":[{"damage_healed":0.0,"max_hp_gain":0.0,"max_hp_loss":0.0,"gold_gain":0.0,"event_name":"Lab","player_choice":"Got Potions","floor":4.0,"gold_loss":0.0,"damage_taken":0.0}],"is_beta":false,"boss_relics":[],"items_purged_floors":[],"is_endless":false,"potions_floor_spawned":[2,6,11,12],"killed_by":"Hexaghost","ascension_level":20}