{"gold_per_floor":[214,225,190,205,225,225,259,259,286,286,286,286,286,296,296,373,423,434,434,434,56,56,56,56],"floor_reached":24,"playtime":960,"items_purged":[],"score":326,"play_id":"a0dca97e-0e7a-418f-84b3-0c7c0ceb40f6","local_time":"20190505180636","is_ascension_mode":true,"campfire_choices":[{"data":"Bash","floor":6,"key":"SMITH"},{"data":"Dropkick","floor":10,"key":"SMITH"},{"floor":13,"key":"REST"},{"floor":15,"key":"REST"},{"floor":23,"key":"REST"}],"neow_cost":"NONE","seed_source_timestamp":740501251288935,"circlet_count":0,"master_deck":["AscendersBane","Strike_R","Strike_R","Strike_R+1","Defend_R","Defend_R","Defend_R","Defend_R","Bash+1","Dual Wield","Double Tap","Dropkick+1","Shrug It Off","Barricade","Ghostly Armor","Impervious"],"special_seed":0,"relics":["Burning Blood","Oddly Smooth Stone","Boot","Potion Belt","Tiny House","Mercury Hourglass"],"potions_floor_usage":[7,16,18,19],"damage_taken":[{"damage":13.0,"enemies":"2 Louse","floor":1.0,"turns":4.0},{"damage":14,"enemies":"Jaw Worm","floor":2,"turns":5},{"damage":7,"enemies":"Small Slimes","floor":4,"turns":5},{"damage":6,"enemies":"2 Fungi Beasts","floor":5,"turns":4},{"damage":36,"enemies":"Gremlin Nob","floor":7,"turns":4},{"damage":18,"enemies":"Exordium Thugs","floor":14,"turns":4},{"damage":51,"enemies":"The Guardian","floor":16,"turns":14},{"damage":14,"enemies":"3 Byrds","floor":18,"turns":3},{"damage":69,"enemies":"Colosseum Slavers","floor":19,"turns":8},{"damage":31,"enemies":"Shell Parasite","floor":24,"turns":12}],"seed_played":"8940134827766478886","potions_obtained":[{"floor":2,"key":"GamblersBrew"},{"floor":4,"key":"Dexterity Potion"},{"floor":17,"key":"LiquidBronze"},{"floor":18,"key":"Regen Potion"}],"is_trial":false,"path_per_floor":["M","M","?","M","M","R","E","?","T","R","?","?","R","M","R","B",null,"M","?","?","$","?","R","M"],"character_chosen":"IRONCLAD","items_purchased":["Strength Potion","Mercury Hourglass","Impervious"],"campfire_rested":3,"item_purchase_floors":[21,21,21],"current_hp_per_floor":[61,53,71,70,70,70,40,33,33,33,21,21,43,31,53,8,63,55,7,7,7,7,31,0],"gold":56,"neow_bonus":"HUNDRED_GOLD","is_prod":false,"is_daily":false,"chose_seed":false,"campfire_upgraded":2,"win_rate":0,"timestamp":1557050796,"path_taken":["M","M","?","M","M","R","E","?","T","R","?","?","R","M","R","BOSS","M","?","?","$","?","R","M"],"build_version":"2019-01-23","purchased_purges":0,"victory":false,"max_hp_per_floor":[75,75,75,75,75,75,75,75,75,75,75,75,75,75,75,75,80,80,80,80,80,80,80,80],"card_choices":[{"not_picked":["Iron Wave","Flex","Sever Soul"],"picked":"SKIP","floor":1},{"not_picked":["Clothesline","Cleave"],"picked":"Dual Wield","floor":2},{"not_picked":["Wild Strike","Anger","Warcry"],"picked":"SKIP","floor":4},{"not_picked":["Pommel Strike","Evolve"],"picked":"Double Tap","floor":5},{"not_picked":["Cleave","Wild Strike"],"picked":"Dropkick","floor":7},{"not_picked":["Body Slam","Burning Pact"],"picked":"Shrug It Off","floor":14},{"not_picked":["Dark Embrace","Bludgeon"],"picked":"Barricade","floor":16},{"not_picked":["Iron Wave","Reckless Charge"],"picked":"Ghostly Armor","floor":17},{"not_picked":["Pommel Strike","Iron Wave","Flex"],"picked":"SKIP","floor":18}],"player_experience":479104,"relics_obtained":[{"floor":7,"key":"Oddly Smooth Stone"},{"floor":9,"key":"Boot"}],"event_choices":[{"damage_healed":18,"gold_gain":0,"player_choice":"Healed","damage_taken":0,"max_hp_gain":0,"max_hp_loss":0,"event_name":"The Cleric","floor":3,"gold_loss":35},{"cards_removed":["Strike_R"],"damage_healed":0,"gold_gain":0,"player_choice":"Card Removal","damage_taken":7,"max_hp_gain":0,"max_hp_loss":0,"event_name":"Golden Wing","floor":8,"gold_loss":0},{"damage_healed":0,"gold_gain":0,"player_choice":"Success","damage_taken":12,"relics_obtained":["Potion Belt"],"max_hp_gain":0,"max_hp_loss":0,"event_name":"Scrap Ooze","floor":11,"gold_loss":0},{"cards_removed":["Strike_R"],"damage_healed":0,"gold_gain":0,"player_choice":"Purged","damage_taken":0,"max_hp_gain":0,"max_hp_loss":0,"event_name":"Purifier","floor":12,"gold_loss":0},{"damage_healed":0,"gold_gain":0,"player_choice":"Fight","damage_taken":0,"max_hp_gain":0,"max_hp_loss":0,"event_name":"Colosseum","floor":19,"gold_loss":0},{"damage_healed":0,"gold_gain":0,"player_choice":"Fled From Nobs","damage_taken":0,"max_hp_gain":0,"max_hp_loss":0,"event_name":"Colosseum","floor":19,"gold_loss":0},{"damage_healed":0,"gold_gain":0,"player_choice":"Ignored","damage_taken":0,"max_hp_gain":0,"max_hp_loss":0,"event_name":"Ghosts","floor":20,"gold_loss":0}],"is_beta":false,"boss_relics":[{"not_picked":["Coffee Dripper","Orrery"],"picked":"Tiny House"}],"items_purged_floors":[],"is_endless":false,"potions_floor_spawned":[2,4,18],"killed_by":"Shell Parasite","ascension_level":14}