{"gold_per_floor":[118,131,131,206,226,226,15,44,70,70,87,98,98,110,110,183,183,197,217,217,64,80,113,113,141,141,157,157,168,0,0,0,0],"floor_reached":33,"playtime":3643,"items_purged":["Defend_G"],"score":574,"play_id":"2bc1227a-0ec7-4732-9cb3-14b43ca65a0d","local_time":"20190503200117","is_ascension_mode":true,"campfire_choices":[{"data":"A Thousand Cuts","floor":6.0,"key":"SMITH"},{"floor":10.0,"key":"REST"},{"data":"Glass Knife","floor":13.0,"key":"SMITH"},{"data":"Neutralize","floor":15.0,"key":"SMITH"},{"floor":24,"key":"REST"},{"floor":28,"key":"REST"},{"floor":32,"key":"REST"}],"neow_cost":"TEN_PERCENT_HP_LOSS","seed_source_timestamp":191070379086903,"circlet_count":0,"master_deck":["AscendersBane","Defend_G","Defend_G","Defend_G","Defend_G","Survivor","Neutralize+1","A Thousand Cuts+1","Flechettes","Dodge and Roll","Setup","Deflect","Glass Knife+1","Well Laid Plans","Deflect","Leg Sweep","PiercingWail","Escape Plan","Venomology","Dagger Throw+1","Tactician+1","Footwork+1","Backstab","Noxious Fumes","Heel Hook","Setup+1","Well Laid Plans","Skewer","Prepared","Footwork"],"special_seed":0,"relics":["Ring of the Snake","Strawberry","Snake Skull","Astrolabe","Blood Vial","Omamori","The Courier","Orichalcum"],"potions_floor_usage":[23,23,23,27,27,27,27,27,27,29,33,33],"damage_taken":[{"damage":0.0,"enemies":"2 Louse","floor":1.0,"turns":3.0},{"damage":11.0,"enemies":"Small Slimes","floor":2.0,"turns":4.0},{"damage":6.0,"enemies":"Cultist","floor":5.0,"turns":5.0},{"damage":21.0,"enemies":"Lagavulin","floor":8.0,"turns":8.0},{"damage":12.0,"enemies":"Large Slime","floor":11.0,"turns":6.0},{"damage":5.0,"enemies":"3 Louse","floor":12.0,"turns":2.0},{"damage":4.0,"enemies":"Looter","floor":14.0,"turns":3.0},{"damage":11.0,"enemies":"The Guardian","floor":16.0,"turns":16.0},{"damage":0.0,"enemies":"3 Byrds","floor":18.0,"turns":7.0},{"damage":12.0,"enemies":"Shell Parasite","floor":19.0,"turns":6.0},{"damage":9.0,"enemies":"Snake Plant","floor":22.0,"turns":6.0},{"damage":36,"enemies":"Slavers","floor":23,"turns":8},{"damage":18,"enemies":"Gremlin Leader","floor":25,"turns":9},{"damage":0,"enemies":"Centurion and Healer","floor":27,"turns":6},{"damage":30,"enemies":"Sentry and Sphere","floor":29,"turns":8},{"damage":42,"enemies":"Champ","floor":33,"turns":16}],"seed_played":"-6294118535818638914","potions_obtained":[{"floor":5.0,"key":"PowerPotion"},{"floor":11.0,"key":"Weak Potion"},{"floor":12.0,"key":"Regen Potion"},{"floor":14.0,"key":"Block Potion"},{"floor":25,"key":"Explosive Potion"}],"is_trial":false,"path_per_floor":["M","M","?","?","M","R","$","E","T","R","M","M","R","M","R","B",null,"M","M","?","$","M","E","R","E","T","M","R","M","$","?","R","B"],"character_chosen":"THE_SILENT","items_purchased":["Glass Knife","Well Laid Plans","Ancient Potion","Orichalcum","Footwork"],"campfire_rested":4,"item_purchase_floors":[7,7,21,30,30],"current_hp_per_floor":[59,48,48,37,31,31,31,17,17,37,25,20,20,25,25,14,54,54,42,42,42,33,12,32,16,16,18,38,10,10,10,30,0],"gold":0,"neow_bonus":"THREE_RARE_CARDS","is_prod":false,"is_daily":false,"chose_seed":false,"campfire_upgraded":3,"win_rate":0,"timestamp":1556906477,"path_taken":["M","M","?","?","M","R","$","E","T","R","M","M","R","M","R","BOSS","M","M","?","$","?","E","R","E","T","M","R","M","$","?","R","BOSS"],"build_version":"2019-01-23","purchased_purges":1,"victory":false,"max_hp_per_floor":[60,60,60,60,60,60,60,67,67,67,67,67,67,67,67,67,67,67,67,67,67,67,67,67,67,67,67,67,67,67,67,67,67],"card_choices":[{"not_picked":["Corpse Explosion","Storm of Steel"],"picked":"A Thousand Cuts","floor":0.0},{"not_picked":["Prepared","Accuracy"],"picked":"Flechettes","floor":1.0},{"not_picked":["Underhanded Strike","Heel Hook"],"picked":"Dodge and Roll","floor":2.0},{"not_picked":["Backflip","Choke"],"picked":"Deflect","floor":5.0},{"not_picked":["Choke","Infinite Blades"],"picked":"Deflect","floor":8.0},{"not_picked":["Endless Agony","Underhanded Strike"],"picked":"Leg Sweep","floor":11.0},{"not_picked":["Flying Knee","All Out Attack"],"picked":"PiercingWail","floor":12.0},{"not_picked":["Outmaneuver","Backflip"],"picked":"Escape Plan","floor":14.0},{"not_picked":["Tools of the Trade","Phantasmal Killer"],"picked":"Venomology","floor":16.0},{"not_picked":["Sucker Punch","Outmaneuver"],"picked":"Backstab","floor":18.0},{"not_picked":["Dash+1","Dodge and Roll"],"picked":"Noxious Fumes","floor":19.0},{"not_picked":["Sucker Punch","Cloak And Dagger+1","Quick Slash+1"],"picked":"SKIP","floor":22.0},{"not_picked":["Dodge and Roll","Backflip"],"picked":"Setup+1","floor":23},{"not_picked":["Infinite Blades","Backstab"],"picked":"Well Laid Plans","floor":25},{"not_picked":["Bane","Dodge and Roll"],"picked":"Skewer","floor":27},{"not_picked":["Dodge and Roll","Bane"],"picked":"Prepared","floor":29}],"player_experience":1955703,"relics_obtained":[{"floor":8.0,"key":"Strawberry"},{"floor":9.0,"key":"Snake Skull"},{"floor":23,"key":"Blood Vial"},{"floor":25,"key":"Omamori"},{"floor":26,"key":"The Courier"}],"event_choices":[{"damage_healed":0.0,"max_hp_gain":0.0,"max_hp_loss":0.0,"gold_gain":0.0,"cards_transformed":["Strike_G"],"event_name":"Living Wall","player_choice":"Change","floor":3.0,"gold_loss":0.0,"damage_taken":0.0,"cards_obtained":["Setup"]},{"damage_healed":0.0,"max_hp_gain":0.0,"max_hp_loss":0.0,"gold_gain":75.0,"event_name":"World of Goop","player_choice":"Gather Gold","floor":4.0,"gold_loss":0.0,"damage_taken":11.0},{"damage_healed":0.0,"max_hp_gain":0.0,"max_hp_loss":0.0,"gold_gain":0.0,"cards_transformed":["Strike_G"],"event_name":"Transmorgrifier","player_choice":"Transformed","floor":20.0,"gold_loss":0.0,"damage_taken":0.0,"cards_obtained":["Heel Hook"]},{"damage_healed":0,"gold_gain":0,"player_choice":"Ignored","damage_taken":0,"max_hp_gain":0,"max_hp_loss":0,"event_name":"Beggar","floor":31,"gold_loss":0}],"is_beta":false,"boss_relics":[{"not_picked":["Fusion Hammer","Tiny House"],"picked":"Astrolabe"}],"items_purged_floors":[21],"is_endless":false,"potions_floor_spawned":[5,11,12,14,22,25],"killed_by":"Champ","ascension_level":20}