{"gold_per_floor":[114,129,204,219,234,34,49,64,64,94,94],"floor_reached":11,"playtime":474,"items_purged":[],"score":77,"play_id":"c4f9d58a-b1fe-42a8-9adf-0477afb0b038","local_time":"20181028002738","daily_mods":["SealedDeck","Uncertain Future","Lethality"],"is_ascension_mode":false,"campfire_choices":[],"neow_cost":"","seed_source_timestamp":0,"circlet_count":0,"master_deck":["Gash","Capacitor","Conserve Battery","Self Repair","Darkness","Redo","Sweeping Beam","Turbo","Conserve Battery","Redo","Skim","Beam Cell","Sweeping Beam"],"special_seed":17832,"relics":["Cracked Core","Lantern","Bronze Scales","Juzu Bracelet"],"potions_floor_usage":[10,10,10],"damage_taken":[{"damage":21,"enemies":"2 Louse","floor":1,"turns":3},{"damage":0,"enemies":"Small Slimes","floor":2,"turns":3},{"damage":7,"enemies":"Jaw Worm","floor":4,"turns":2},{"damage":15,"enemies":"Exordium Wildlife","floor":5,"turns":3},{"damage":20,"enemies":"3 Louse","floor":7,"turns":3},{"damage":4,"enemies":"Exordium Thugs","floor":8,"turns":3},{"damage":5,"enemies":"3 Sentries","floor":10,"turns":3},{"damage":29,"enemies":"3 Sentries","floor":11,"turns":2}],"seed_played":"5963366377252793879","potions_obtained":[{"floor":1,"key":"Swift Potion"},{"floor":2,"key":"EntropicBrew"},{"floor":7,"key":"Regen Potion"}],"is_trial":false,"path_per_floor":["M","M","?","M","M","$","M","M","T","E"],"character_chosen":"DEFECT","items_purchased":["Lantern","Explosive Potion"],"campfire_rested":0,"item_purchase_floors":[6,6],"current_hp_per_floor":[61,61,50,43,35,35,15,18,18,29,0],"gold":94,"neow_bonus":"","is_prod":false,"is_daily":true,"chose_seed":false,"campfire_upgraded":0,"win_rate":0,"timestamp":1540711658,"path_taken":["M","M","?","M","M","$","M","M","T","E","?"],"build_version":"2018-10-25v2","purchased_purges":0,"victory":false,"max_hp_per_floor":[75,75,75,75,75,75,75,75,75,75,75],"card_choices":[{"not_picked":["Hologram","Ball Lightning","Cold Snap"],"picked":"SKIP","floor":1},{"not_picked":["Auto Shields","Ball Lightning"],"picked":"Skim","floor":2},{"not_picked":["Conserve Battery","Hello World","Capacitor"],"picked":"SKIP","floor":4},{"not_picked":["Ball Lightning","Steam","Coolheaded"],"picked":"SKIP","floor":5},{"not_picked":["Glacier","Ball Lightning"],"picked":"Beam Cell","floor":7},{"not_picked":["Hello World","Creative AI","Compile Driver"],"picked":"SKIP","floor":8},{"not_picked":["Loop","Static Discharge"],"picked":"Sweeping Beam","floor":10}],"player_experience":66304,"relics_obtained":[{"floor":9,"key":"Bronze Scales"},{"floor":10,"key":"Juzu Bracelet"}],"event_choices":[{"damage_healed":0,"gold_gain":75,"player_choice":"Gather Gold","damage_taken":11,"max_hp_gain":0,"max_hp_loss":0,"event_name":"World of Goop","floor":3,"gold_loss":0},{"damage_healed":0,"gold_gain":30,"player_choice":"Searched \u00272\u0027 times","damage_taken":0,"max_hp_gain":0,"max_hp_loss":0,"event_name":"Dead Adventurer","floor":11,"gold_loss":0}],"is_beta":false,"boss_relics":[],"items_purged_floors":[],"is_endless":false,"potions_floor_spawned":[1,2,7],"killed_by":"3 Sentries","ascension_level":0}