{"gold_per_floor":[118,95,114,133,133,133,148,148,148,168,184,200,200,214,214,312,312,327,327,327,344,344,344,356,366,366,366,385,0,12,12],"floor_reached":31,"playtime":3267,"items_purged":[],"score":233,"play_id":"4dafe52e-1808-431a-92e8-5b7cc31aad28","local_time":"20181206204619","is_ascension_mode":false,"campfire_choices":[{"data":"Bash","floor":6,"key":"SMITH"},{"data":"Flex","floor":8,"key":"SMITH"},{"data":"Armaments","floor":13,"key":"SMITH"},{"data":"Rampage","floor":15,"key":"SMITH"},{"floor":23,"key":"REST"}],"neow_cost":"NONE","seed_source_timestamp":165003963997779,"circlet_count":0,"master_deck":["Strike_R","Strike_R","Strike_R","Strike_R","Strike_R","Defend_R","Defend_R","Defend_R","Bash+1","Dramatic Entrance","Twin Strike","Shrug It Off","Pommel Strike","Whirlwind","True Grit","Flex+1","Armaments+1","Headbutt","Rampage+1","Feed","Anger+1","RitualDagger","Battle Trance","Iron Wave+1","Rage"],"relics":["Burning Blood","Meat on the Bone","Paper Frog"],"potions_floor_usage":[16,28],"damage_taken":[{"damage":10,"enemies":"Cultist","floor":1,"turns":4},{"damage":0,"enemies":"Small Slimes","floor":3,"turns":2},{"damage":5,"enemies":"2 Louse","floor":4,"turns":2},{"damage":8,"enemies":"Large Slime","floor":7,"turns":5},{"damage":5,"enemies":"Looter","floor":10,"turns":3},{"damage":6,"enemies":"Exordium Thugs","floor":11,"turns":4},{"damage":6,"enemies":"Exordium Wildlife","floor":12,"turns":2},{"damage":8,"enemies":"Red Slaver","floor":14,"turns":2},{"damage":41,"enemies":"Slime Boss","floor":16,"turns":10},{"damage":33,"enemies":"Spheric Guardian","floor":18,"turns":6},{"damage":12,"enemies":"3 Byrds","floor":21,"turns":5},{"damage":29,"enemies":"Snecko","floor":24,"turns":5},{"damage":47,"enemies":"Centurion and Healer","floor":25,"turns":8},{"damage":6,"enemies":"3 Cultists","floor":28,"turns":3},{"damage":30,"enemies":"Snake Plant","floor":30,"turns":4},{"damage":33,"enemies":"Chosen and Byrds","floor":31,"turns":6}],"seed_played":"5501704275955527858","potions_obtained":[{"floor":1,"key":"Dexterity Potion"},{"floor":10,"key":"GamblersBrew"},{"floor":11,"key":"LiquidBronze"},{"floor":16,"key":"Swift Potion"},{"floor":24,"key":"SteroidPotion"},{"floor":30,"key":"Dexterity Potion"}],"is_trial":false,"path_per_floor":["M","$","M","M","?","R","M","R","T","M","M","M","R","M","R","B",null,"M","?","?","M","?","R","M","M","T","?","M","?","M","M"],"character_chosen":"IRONCLAD","items_purchased":["Shrug It Off"],"campfire_rested":1,"item_purchase_floors":[2],"current_hp_per_floor":[76,76,80,80,80,80,78,78,78,79,79,79,79,77,77,54,80,53,53,47,53,53,77,54,25,25,25,37,37,25,0],"gold":12,"neow_bonus":"RANDOM_COLORLESS","is_prod":false,"is_daily":false,"chose_seed":false,"campfire_upgraded":4,"win_rate":0,"timestamp":1544157979,"path_taken":["M","$","M","M","?","R","M","R","T","M","M","M","R","?","R","BOSS","M","?","?","M","?","R","M","M","T","?","M","?","M","M"],"build_version":"2018-11-15","purchased_purges":0,"victory":false,"max_hp_per_floor":[80,80,80,80,80,80,80,80,80,80,80,80,80,80,80,80,80,80,80,80,80,80,80,80,80,80,80,80,80,80,80],"card_choices":[{"not_picked":["Clash","Clothesline"],"picked":"Twin Strike","floor":1},{"not_picked":["Entrench","Combust"],"picked":"Pommel Strike","floor":3},{"not_picked":["Entrench","Pummel"],"picked":"Whirlwind","floor":4},{"not_picked":["Inflame","Wild Strike"],"picked":"Flex","floor":7},{"not_picked":["Entrench","Cleave"],"picked":"Armaments","floor":10},{"not_picked":["Intimidate","Flex"],"picked":"Headbutt","floor":11},{"not_picked":["Shrug It Off","Warcry","Power Through"],"picked":"SKIP","floor":12},{"not_picked":["Evolve","Pommel Strike"],"picked":"Rampage","floor":14},{"not_picked":["Fiend Fire","Immolate"],"picked":"Feed","floor":16},{"not_picked":["Clash+1","Pummel"],"picked":"Anger+1","floor":18},{"not_picked":["Body Slam","Pommel Strike","Armaments+1"],"picked":"SKIP","floor":21},{"not_picked":["Sword Boomerang","Pummel"],"picked":"Battle Trance","floor":24},{"not_picked":["Rampage","Whirlwind"],"picked":"Iron Wave+1","floor":25},{"not_picked":["Twin Strike","Flex"],"picked":"Rage","floor":28},{"not_picked":["Clothesline","True Grit","Iron Wave"],"picked":"SKIP","floor":30}],"player_experience":125592,"relics_obtained":[{"floor":9,"key":"Meat on the Bone"},{"floor":26,"key":"Paper Frog"}],"event_choices":[{"damage_healed":0,"gold_gain":0,"cards_transformed":["Defend_R"],"player_choice":"Transformed","damage_taken":0,"max_hp_gain":0,"max_hp_loss":0,"event_name":"Transmorgrifier","floor":5,"gold_loss":0,"cards_obtained":["True Grit"]},{"damage_healed":0,"gold_gain":0,"player_choice":"Ignored","damage_taken":0,"max_hp_gain":0,"max_hp_loss":0,"event_name":"The Mausoleum","floor":19,"gold_loss":0},{"damage_healed":0,"gold_gain":0,"player_choice":"Joined the Cult","damage_taken":6,"max_hp_gain":0,"max_hp_loss":0,"event_name":"Nest","floor":20,"gold_loss":0,"cards_obtained":["RitualDagger"]},{"damage_healed":0,"gold_gain":0,"player_choice":"Ignored","damage_taken":0,"max_hp_gain":0,"max_hp_loss":0,"event_name":"Vampires","floor":22,"gold_loss":0},{"damage_healed":0,"gold_gain":0,"player_choice":"Ignored","damage_taken":0,"max_hp_gain":0,"max_hp_loss":0,"event_name":"Beggar","floor":27,"gold_loss":0},{"damage_healed":0,"gold_gain":0,"player_choice":"Paid Fearfully","damage_taken":0,"max_hp_gain":0,"max_hp_loss":0,"event_name":"Masked Bandits","floor":29,"gold_loss":385}],"is_beta":false,"boss_relics":[{"not_picked":["Fusion Hammer","Sozu","Coffee Dripper"]}],"items_purged_floors":[],"is_endless":false,"potions_floor_spawned":[1,10,11,12,16,24,30],"killed_by":"Chosen and Byrds","ascension_level":0}