{"gold_per_floor":[115,131,100,118,218,218,235,266,266,266,266,278,294,322,322,420,420,431,35,0,0],"floor_reached":21,"playtime":742,"items_purged":[],"score":198,"play_id":"a8157c22-b804-4bbf-90c9-eb443242cb09","local_time":"20190422202639","is_ascension_mode":true,"campfire_choices":[{"floor":6,"key":"REST"},{"data":"Impervious","floor":11,"key":"SMITH"},{"data":"Dual Wield","floor":15,"key":"SMITH"}],"neow_cost":"PERCENT_DAMAGE","seed_source_timestamp":426529578618664,"circlet_count":0,"master_deck":["Strike_R","Strike_R","Strike_R","Strike_R","Defend_R","Defend_R","Defend_R","Bash","Thunderclap","Anger","Impervious+1","Iron Wave","Reaper","Flex","Whirlwind","Dual Wield+1","Demon Form","True Grit+1","Mayhem"],"relics":["Burning Blood","Shuriken","Self Forming Clay","Meat on the Bone","Potion Belt","Runic Cube","PrismaticShard"],"potions_floor_usage":[4,8,13,14,18],"damage_taken":[{"damage":17,"enemies":"Small Slimes","floor":1,"turns":3},{"damage":6,"enemies":"Cultist","floor":2,"turns":3},{"damage":2,"enemies":"2 Louse","floor":4,"turns":2},{"damage":16,"enemies":"2 Fungi Beasts","floor":7,"turns":3},{"damage":14,"enemies":"Gremlin Nob","floor":8,"turns":4},{"damage":13,"enemies":"Red Slaver","floor":12,"turns":3},{"damage":6,"enemies":"Lots of Slimes","floor":13,"turns":2},{"damage":23,"enemies":"3 Sentries","floor":14,"turns":5},{"damage":55,"enemies":"The Guardian","floor":16,"turns":10},{"damage":47,"enemies":"Spheric Guardian","floor":18,"turns":6},{"damage":61,"enemies":"Shell Parasite","floor":21,"turns":6}],"seed_played":"8079118374610743271","potions_obtained":[{"floor":2,"key":"Poison Potion"},{"floor":4,"key":"Ancient Potion"},{"floor":7,"key":"SteroidPotion"},{"floor":8,"key":"Block Potion"},{"floor":13,"key":"Explosive Potion"},{"floor":16,"key":"Explosive Potion"}],"is_trial":false,"path_per_floor":["M","M","?","M","?","R","M","E","T","?","R","M","M","E","R","B",null,"M","$","?","M"],"character_chosen":"IRONCLAD","items_purchased":["Mayhem","PrismaticShard"],"campfire_rested":1,"item_purchase_floors":[19,19],"current_hp_per_floor":[45,45,45,49,49,73,63,55,55,55,55,52,76,63,63,26,80,51,51,51,0],"gold":0,"neow_bonus":"REMOVE_TWO","is_prod":false,"is_daily":false,"chose_seed":false,"campfire_upgraded":2,"win_rate":0,"timestamp":1555989999,"path_taken":["M","M","?","M","?","R","?","E","T","?","R","?","M","E","R","BOSS","M","$","?","M"],"build_version":"2019-01-23","purchased_purges":0,"victory":false,"max_hp_per_floor":[80,80,80,80,80,80,80,80,80,80,80,80,80,80,80,80,80,80,80,80,80],"card_choices":[{"not_picked":["Body Slam","True Grit"],"picked":"Thunderclap","floor":1},{"not_picked":["Twin Strike","Fire Breathing"],"picked":"Anger","floor":2},{"not_picked":["Pommel Strike","Perfected Strike"],"picked":"Impervious","floor":4},{"not_picked":["Whirlwind","Body Slam"],"picked":"Iron Wave","floor":7},{"not_picked":["Perfected Strike","Body Slam"],"picked":"Reaper","floor":8},{"not_picked":["Entrench","Havoc"],"picked":"Flex","floor":12},{"not_picked":["Evolve","Intimidate"],"picked":"Whirlwind","floor":13},{"not_picked":["Combust","Wild Strike"],"picked":"Dual Wield","floor":14},{"not_picked":["Dark Embrace","Brutality"],"picked":"Demon Form","floor":16},{"not_picked":["Heavy Blade","Feel No Pain"],"picked":"True Grit+1","floor":18}],"player_experience":437781,"relics_obtained":[{"floor":8,"key":"Shuriken"},{"floor":9,"key":"Self Forming Clay"},{"floor":14,"key":"Potion Belt"}],"event_choices":[{"damage_healed":0,"gold_gain":0,"player_choice":"Left Gold","damage_taken":0,"max_hp_gain":0,"max_hp_loss":0,"event_name":"World of Goop","floor":3,"gold_loss":31},{"damage_healed":0,"gold_gain":100,"player_choice":"Pray","damage_taken":0,"max_hp_gain":0,"max_hp_loss":0,"event_name":"Golden Shrine","floor":5,"gold_loss":0},{"damage_healed":0,"gold_gain":0,"player_choice":"Gave Potion","damage_taken":0,"relics_obtained":["Meat on the Bone"],"max_hp_gain":0,"max_hp_loss":0,"event_name":"WeMeetAgain","floor":10,"gold_loss":0},{"damage_healed":0,"gold_gain":0,"player_choice":"Paid Fearfully","damage_taken":0,"max_hp_gain":0,"max_hp_loss":0,"event_name":"Masked Bandits","floor":20,"gold_loss":35}],"is_beta":false,"boss_relics":[{"not_picked":["Calling Bell","Velvet Choker"],"picked":"Runic Cube"}],"items_purged_floors":[],"is_endless":false,"potions_floor_spawned":[2,4,7,8,13,16],"killed_by":"Shell Parasite","ascension_level":1}