{"gold_per_floor":[116,132,132,143,218,218,236,236,259,270,283,341,341,357,357,357],"floor_reached":16,"playtime":531,"items_purged":[],"score":94,"play_id":"681b9f0e-8093-4b99-abee-64f8c2a4fbe4","local_time":"20180819210506","is_ascension_mode":false,"campfire_choices":[{"data":"Flex","floor":6,"key":"SMITH"},{"floor":8,"key":"REST"},{"data":"Sword Boomerang","floor":13,"key":"SMITH"},{"floor":15,"key":"REST"}],"neow_cost":"NONE","seed_source_timestamp":463605408302287,"circlet_count":0,"master_deck":["Strike_R","Strike_R","Strike_R","Strike_R","Strike_R","Defend_R","Defend_R","Defend_R","Defend_R","Bash+1","Flex+1","Sword Boomerang+1","Clothesline","Shrug It Off","Cleave","Body Slam","Metallicize"],"relics":["Burning Blood","Bag of Marbles"],"potions_floor_usage":[],"damage_taken":[{"damage":10,"enemies":"2 Louse","floor":1,"turns":4},{"damage":15,"enemies":"Jaw Worm","floor":2,"turns":4},{"damage":0,"enemies":"Cultist","floor":4,"turns":4},{"damage":7,"enemies":"Blue Slaver","floor":7,"turns":3},{"damage":0,"enemies":"Exordium Wildlife","floor":10,"turns":3},{"damage":2,"enemies":"3 Louse","floor":11,"turns":2},{"damage":2,"enemies":"Looter","floor":14,"turns":3},{"damage":88,"enemies":"Hexaghost","floor":16,"turns":14}],"seed_played":"-3872375420450116851","potions_obtained":[{"floor":1,"key":"SteroidPotion"},{"floor":4,"key":"Block Potion"}],"is_trial":false,"path_per_floor":["M","M","?","M","?","R","M","R","T","M","M","?","R","M","R"],"character_chosen":"IRONCLAD","items_purchased":[],"campfire_rested":2,"item_purchase_floors":[],"current_hp_per_floor":[84,75,75,81,70,70,69,88,88,88,88,88,88,88,88,0],"gold":357,"neow_bonus":"TEN_PERCENT_HP_BONUS","is_prod":false,"is_daily":false,"chose_seed":false,"campfire_upgraded":2,"win_rate":0,"timestamp":1534737906,"path_taken":["M","M","?","M","?","R","?","R","T","M","M","?","R","M","R","BOSS"],"build_version":"2018-08-16","purchased_purges":0,"victory":false,"max_hp_per_floor":[88,88,88,88,88,88,88,88,88,88,88,88,88,88,88,88],"card_choices":[{"not_picked":["Searing Blow","Spot Weakness"],"picked":"Flex","floor":1},{"not_picked":["Clash","Pummel"],"picked":"Sword Boomerang","floor":2},{"not_picked":["True Grit","Perfected Strike"],"picked":"Clothesline","floor":4},{"not_picked":["True Grit","Clothesline"],"picked":"Shrug It Off","floor":7},{"not_picked":["Seeing Red","Havoc"],"picked":"Cleave","floor":10},{"not_picked":["Spot Weakness","Clash"],"picked":"Body Slam","floor":11},{"not_picked":["Warcry","Bloodletting"],"picked":"Metallicize","floor":14}],"player_experience":27596,"relics_obtained":[{"floor":9,"key":"Bag of Marbles"}],"event_choices":[{"event_name":"Living Wall","player_choice":"Grow","floor":3,"damage_taken":0},{"event_name":"World of Goop","player_choice":"Gather Gold","floor":5,"damage_taken":0},{"event_name":"Golden Wing","player_choice":"Gained Gold","floor":12,"damage_taken":0}],"is_beta":false,"boss_relics":[],"items_purged_floors":[],"is_endless":false,"potions_floor_spawned":[1,4],"killed_by":"Hexaghost","ascension_level":0}