{"gold_per_floor":[359,372,372,372,386,386,414,414,414,589,589,605,625,638,638,742,792,777,702,728,783,135,135,135,135,162,173,188,188,138,148,148,247,247,261,271,271,281,281,281],"floor_reached":40,"playtime":2865,"items_purged":[],"score":436,"play_id":"36c710f3-41c7-47b8-a386-0ac5a5c8f333","local_time":"20181208121524","is_ascension_mode":false,"campfire_choices":[{"floor":6,"key":"REST"},{"floor":8,"key":"REST"},{"data":"Terror","floor":11,"key":"SMITH"},{"floor":15,"key":"REST"},{"floor":23,"key":"REST"},{"floor":25,"key":"REST"},{"floor":29,"key":"REST"},{"floor":32,"key":"REST"}],"neow_cost":"PERCENT_DAMAGE","seed_source_timestamp":307550770436570,"circlet_count":0,"master_deck":["Defend_G","Defend_G","Defend_G","Defend_G","Defend_G","Strike_G","Strike_G","Strike_G","Strike_G","Strike_G","Survivor","Neutralize","Bane","Infinite Blades","Sucker Punch+1","Terror+1","Endless Agony","Backstab","Crippling Poison","After Image","Distraction","PiercingWail","Caltrops","Poisoned Stab","Crippling Poison","Flying Knee","Slice","Adrenaline","Dagger Spray+1"],"relics":["Ring of the Snake","CultistMask","Orichalcum","Kunai","Tiny House","Red Mask","Tiny Chest","HandDrill","Strawberry","Pear","Regal Pillow","Busted Crown","Torii","Ninja Scroll"],"potions_floor_usage":[16,16,33,33],"damage_taken":[{"damage":1,"enemies":"2 Louse","floor":1,"turns":3},{"damage":0,"enemies":"Small Slimes","floor":2,"turns":3},{"damage":0,"enemies":"Cultist","floor":5,"turns":4},{"damage":25,"enemies":"Lagavulin","floor":7,"turns":9},{"damage":2,"enemies":"Blue Slaver","floor":12,"turns":5},{"damage":12,"enemies":"3 Louse","floor":13,"turns":4},{"damage":0,"enemies":"Large Slime","floor":14,"turns":4},{"damage":33,"enemies":"The Guardian","floor":16,"turns":18},{"damage":17,"enemies":"2 Thieves","floor":18,"turns":4},{"damage":32,"enemies":"Masked Bandits","floor":20,"turns":5},{"damage":21,"enemies":"Spheric Guardian","floor":27,"turns":7},{"damage":30,"enemies":"Chosen and Byrds","floor":28,"turns":7},{"damage":11,"enemies":"Shelled Parasite and Fungi","floor":31,"turns":5},{"damage":96,"enemies":"Automaton","floor":33,"turns":11},{"damage":10,"enemies":"Orb Walker","floor":35,"turns":4},{"damage":17,"enemies":"3 Shapes","floor":36,"turns":3},{"damage":17,"enemies":"3 Darklings","floor":38,"turns":5},{"damage":56,"enemies":"Reptomancer","floor":40,"turns":2}],"seed_played":"4612717233705905359","potions_obtained":[{"floor":2,"key":"GamblersBrew"},{"floor":7,"key":"AttackPotion"},{"floor":14,"key":"Dexterity Potion"},{"floor":17,"key":"GamblersBrew"},{"floor":28,"key":"SpeedPotion"},{"floor":33,"key":"Fire Potion"},{"floor":36,"key":"Swift Potion"}],"is_trial":false,"path_per_floor":["M","M","?","?","M","R","E","R","T","?","R","M","M","M","R","B",null,"M","?","?","T","$","R","?","R","T","M","M","R","?","M","R","B",null,"M","M","T","M","?","E"],"character_chosen":"THE_SILENT","items_purchased":["HandDrill","Strawberry","Pear","Poisoned Stab"],"campfire_rested":7,"item_purchase_floors":[22,22,22,22],"current_hp_per_floor":[48,48,48,48,48,69,44,65,65,65,65,63,51,51,70,37,75,58,58,26,26,43,70,52,81,81,60,30,74,74,63,97,1,97,87,70,70,53,53,0],"gold":281,"neow_bonus":"TWO_FIFTY_GOLD","is_prod":false,"is_daily":false,"chose_seed":false,"campfire_upgraded":1,"win_rate":0.0,"timestamp":1544300124,"path_taken":["M","M","?","?","?","R","E","R","T","?","R","M","M","M","R","BOSS","M","?","?","?","$","R","?","R","T","M","?","R","?","M","R","BOSS","M","M","?","?","?","E"],"build_version":"2018-12-06","purchased_purges":0,"victory":false,"max_hp_per_floor":[70,70,70,70,70,70,70,70,70,70,70,70,70,70,70,70,75,75,75,75,75,92,92,97,97,97,97,97,97,97,97,97,97,97,97,97,97,97,97,97],"card_choices":[{"not_picked":["Backflip","Quick Slash"],"picked":"Bane","floor":1},{"not_picked":["Endless Agony","Riddle With Holes"],"picked":"Infinite Blades","floor":2},{"not_picked":["Well Laid Plans","Dagger Throw"],"picked":"Sucker Punch","floor":5},{"not_picked":["Backflip","Masterful Stab"],"picked":"Terror","floor":7},{"not_picked":["Storm of Steel","Sucker Punch"],"picked":"Endless Agony","floor":12},{"not_picked":["Dagger Spray","Dagger Throw"],"picked":"Backstab","floor":13},{"not_picked":["Expertise","Dagger Throw"],"picked":"Crippling Poison","floor":14},{"not_picked":["Tools of the Trade","Venomology"],"picked":"After Image","floor":16},{"not_picked":["Blade Dance","Deflect"],"picked":"Distraction","floor":17},{"not_picked":["Predator+1","Infinite Blades"],"picked":"PiercingWail","floor":18},{"not_picked":["Acrobatics+1","Cloak And Dagger"],"picked":"Caltrops","floor":20},{"not_picked":["Blade Dance","All Out Attack"],"picked":"Crippling Poison","floor":27},{"not_picked":["Terror","Quick Slash"],"picked":"Flying Knee","floor":28},{"not_picked":["Sucker Punch","Dagger Spray"],"picked":"Slice","floor":31},{"not_picked":["Storm of Steel","Die Die Die"],"picked":"Adrenaline","floor":33},{"not_picked":["Setup"],"picked":"SKIP","floor":35},{"not_picked":[],"picked":"Dagger Spray+1","floor":36},{"not_picked":["Prepared"],"picked":"SKIP","floor":38}],"player_experience":164148,"relics_obtained":[{"floor":7,"key":"Orichalcum"},{"floor":9,"key":"Kunai"},{"floor":20,"key":"Red Mask"},{"floor":21,"key":"Tiny Chest"},{"floor":26,"key":"Regal Pillow"},{"floor":37,"key":"Torii"},{"floor":39,"key":"Ninja Scroll"}],"event_choices":[{"damage_healed":0,"gold_gain":0,"player_choice":"Ignored","damage_taken":0,"max_hp_gain":0,"max_hp_loss":0,"event_name":"Golden Wing","floor":3,"gold_loss":0},{"damage_healed":0,"gold_gain":0,"player_choice":"Trade","damage_taken":0,"relics_obtained":["CultistMask"],"max_hp_gain":0,"max_hp_loss":0,"event_name":"FaceTrader","floor":4,"gold_loss":0},{"damage_healed":0,"gold_gain":175,"player_choice":"AGREE","damage_taken":0,"max_hp_gain":0,"max_hp_loss":0,"event_name":"Liars Game","floor":10,"gold_loss":0,"cards_obtained":["Doubt"]},{"cards_removed":["Doubt"],"damage_healed":0,"gold_gain":0,"player_choice":"Gave Gold","damage_taken":0,"max_hp_gain":0,"max_hp_loss":0,"event_name":"Beggar","floor":19,"gold_loss":75},{"damage_healed":0,"gold_gain":0,"player_choice":"Fought Bandits","damage_taken":0,"max_hp_gain":0,"max_hp_loss":0,"event_name":"Masked Bandits","floor":20,"gold_loss":0},{"damage_healed":0,"gold_gain":0,"player_choice":"Shed Blood","damage_taken":23,"max_hp_gain":5,"max_hp_loss":0,"event_name":"Forgotten Altar","floor":24,"gold_loss":0},{"damage_healed":0,"gold_gain":0,"player_choice":"Bet on Owner","damage_taken":0,"max_hp_gain":0,"max_hp_loss":0,"event_name":"The Joust","floor":30,"gold_loss":50},{"damage_healed":0,"gold_gain":0,"player_choice":"Relic","damage_taken":0,"max_hp_gain":0,"max_hp_loss":0,"event_name":"Wheel of Change","floor":39,"gold_loss":0}],"is_beta":false,"boss_relics":[{"not_picked":["Lizard Tail","Sozu"],"picked":"Tiny House"},{"not_picked":["Fusion Hammer","Coffee Dripper"],"picked":"Busted Crown"}],"items_purged_floors":[],"is_endless":false,"potions_floor_spawned":[2,7,14,28,33,36],"killed_by":"Reptomancer","ascension_level":0}