{"gold_per_floor":[117,117,117,133,133,133,152,152,221,221,239,272,292,327,327,327],"floor_reached":16,"playtime":952,"items_purged":[],"score":220,"play_id":"b1b3be8d-b8ff-4426-a6b1-3bd5bfe836f1","local_time":"20190331230424","is_ascension_mode":true,"campfire_choices":[{"data":"Flying Knee","floor":6,"key":"SMITH"},{"data":"Neutralize","floor":8,"key":"SMITH"},{"data":"Dagger Spray","floor":10,"key":"SMITH"},{"floor":15,"key":"REST"}],"neow_cost":"TEN_PERCENT_HP_LOSS","seed_source_timestamp":1995725772175331,"circlet_count":0,"master_deck":["AscendersBane","Defend_G","Defend_G","Defend_G","Defend_G","Defend_G","Strike_G","Strike_G","Strike_G","Strike_G","Strike_G","Survivor","Neutralize+1","After Image","Flying Knee+1","Blade Dance","Dagger Spray+1","Corpse Explosion","Cloak And Dagger","Skewer","PiercingWail"],"relics":["Ring of the Snake","CultistMask","Singing Bowl","Prayer Wheel","Bag of Marbles"],"potions_floor_usage":[13,14,14,16],"damage_taken":[{"damage":6,"enemies":"2 Louse","floor":1,"turns":4},{"damage":0,"enemies":"Jaw Worm","floor":4,"turns":6},{"damage":0,"enemies":"Cultist","floor":7,"turns":4},{"damage":0,"enemies":"Lots of Slimes","floor":11,"turns":1},{"damage":17,"enemies":"3 Sentries","floor":12,"turns":3},{"damage":23,"enemies":"Exordium Wildlife","floor":13,"turns":7},{"damage":23,"enemies":"Gremlin Nob","floor":14,"turns":5},{"damage":35,"enemies":"Slime Boss","floor":16,"turns":9}],"seed_played":"-2018103013744530589","potions_obtained":[{"floor":12,"key":"EntropicBrew"},{"floor":14,"key":"GamblersBrew"}],"is_trial":false,"path_per_floor":["M","?","?","M","?","R","M","R","T","R","M","E","M","E","R","B"],"character_chosen":"THE_SILENT","items_purchased":[],"campfire_rested":1,"item_purchase_floors":[],"current_hp_per_floor":[53,53,58,58,58,58,58,58,58,58,58,41,18,11,31,0],"gold":327,"neow_bonus":"THREE_RARE_CARDS","is_prod":false,"is_daily":false,"chose_seed":false,"campfire_upgraded":3,"win_rate":0,"timestamp":1554069864,"path_taken":["M","?","?","M","?","R","M","R","T","R","?","E","?","E","R","BOSS"],"build_version":"2019-01-23","purchased_purges":0,"victory":false,"max_hp_per_floor":[60,60,65,65,65,65,65,65,65,65,65,65,65,67,67,67],"card_choices":[{"not_picked":["Tools of the Trade","Storm of Steel"],"picked":"After Image","floor":0},{"not_picked":["Deadly Poison","Calculated Gamble"],"picked":"Flying Knee","floor":1},{"not_picked":["Footwork","Dodge and Roll"],"picked":"Blade Dance","floor":4},{"not_picked":["Outmaneuver","Backflip"],"picked":"Dagger Spray","floor":7},{"not_picked":["Cloak And Dagger","Predator"],"picked":"Corpse Explosion","floor":11},{"not_picked":["Distraction","Bouncing Flask"],"picked":"Cloak And Dagger","floor":12},{"not_picked":["Outmaneuver","Caltrops"],"picked":"Skewer","floor":13},{"not_picked":["Masterful Stab","All Out Attack"],"picked":"PiercingWail","floor":13},{"not_picked":["Poisoned Stab","Deflect","Endless Agony"],"picked":"Singing Bowl","floor":14}],"player_experience":1549293,"relics_obtained":[{"floor":9,"key":"Singing Bowl"},{"floor":12,"key":"Prayer Wheel"},{"floor":14,"key":"Bag of Marbles"}],"event_choices":[{"damage_healed":0,"gold_gain":0,"player_choice":"Ignored","damage_taken":0,"max_hp_gain":0,"max_hp_loss":0,"event_name":"Liars Game","floor":2,"gold_loss":0},{"damage_healed":0,"gold_gain":0,"player_choice":"Donut","damage_taken":0,"max_hp_gain":5,"max_hp_loss":0,"event_name":"Big Fish","floor":3,"gold_loss":0},{"damage_healed":0,"gold_gain":0,"player_choice":"Trade","damage_taken":0,"relics_obtained":["CultistMask"],"max_hp_gain":0,"max_hp_loss":0,"event_name":"FaceTrader","floor":5,"gold_loss":0}],"is_beta":false,"boss_relics":[],"items_purged_floors":[],"is_endless":false,"potions_floor_spawned":[12,14],"killed_by":"Slime Boss","ascension_level":20}