{"gold_per_floor":[116,135,62,62,77,77,26,26,26,43,43,43,17,45,45,149,149,161,161,161,171,20,20,38,38,119,219,219,238,252,263,263,263],"floor_reached":33,"playtime":2763,"items_purged":[],"score":245,"play_id":"520e1597-aaa5-4041-b1be-59751118e802","local_time":"20181207145714","is_ascension_mode":false,"campfire_choices":[{"data":"Crippling Poison","floor":6,"key":"SMITH"},{"floor":8,"key":"REST"},{"floor":15,"key":"REST"},{"floor":23,"key":"REST"},{"floor":25,"key":"REST"},{"floor":32,"key":"REST"}],"neow_cost":"NONE","seed_source_timestamp":230884984008049,"circlet_count":0,"master_deck":["Defend_G","Defend_G","Defend_G","Defend_G","Defend_G","Strike_G","Strike_G","Strike_G","Strike_G","Strike_G","Survivor","Neutralize","Adrenaline","Outmaneuver","Dash+1","Crippling Poison+1","Quick Slash","Cloak And Dagger","Backflip","Dagger Throw","Cloak And Dagger","Noxious Fumes","Malaise","Sucker Punch","Shame","Blade Dance+1","Flying Knee","Finisher+1","Bane+1","Masterful Stab","PiercingWail","Slice","Cloak And Dagger","Flying Knee"],"relics":["Ring of the Snake","Matryoshka","Dream Catcher","Mercury Hourglass","Bottled Lightning","Runic Pyramid","Gremlin Horn","Ice Cream","Snake Skull","Pen Nib","Bottled Tornado","Ginger","Pear"],"potions_floor_usage":[14,27,27,33,33],"damage_taken":[{"damage":7,"enemies":"Small Slimes","floor":1,"turns":3},{"damage":0,"enemies":"Cultist","floor":2,"turns":4},{"damage":0,"enemies":"Jaw Worm","floor":5,"turns":4},{"damage":6,"enemies":"Large Slime","floor":10,"turns":7},{"damage":7,"enemies":"Gremlin Nob","floor":14,"turns":4},{"damage":45,"enemies":"Slime Boss","floor":16,"turns":10},{"damage":20,"enemies":"2 Thieves","floor":18,"turns":3},{"damage":42,"enemies":"Spheric Guardian","floor":21,"turns":8},{"damage":2,"enemies":"Snecko","floor":24,"turns":6},{"damage":25,"enemies":"Colosseum Slavers","floor":27,"turns":4},{"damage":14,"enemies":"Colosseum Nobs","floor":27,"turns":3},{"damage":9,"enemies":"Snake Plant","floor":29,"turns":3},{"damage":6,"enemies":"Cultist and Chosen","floor":30,"turns":3},{"damage":20,"enemies":"Sentry and Sphere","floor":31,"turns":5},{"damage":36,"enemies":"Champ","floor":33,"turns":10}],"seed_played":"-4990303870064323652","potions_obtained":[{"floor":5,"key":"Fire Potion"},{"floor":10,"key":"PowerPotion"},{"floor":16,"key":"GamblersBrew"},{"floor":21,"key":"Explosive Potion"},{"floor":27,"key":"Poison Potion"},{"floor":30,"key":"FearPotion"}],"is_trial":false,"path_per_floor":["M","M","$","?","M","R","$","R","T","M","T","?","$","E","R","B",null,"M","?","?","M","$","R","M","R","T","?","?","M","M","M","R","B"],"character_chosen":"THE_SILENT","items_purchased":["Crippling Poison","Cloak And Dagger","Dagger Throw","Snake Skull"],"campfire_rested":5,"item_purchase_floors":[3,7,13,22],"current_hp_per_floor":[63,63,63,56,56,56,56,70,70,64,64,64,64,57,70,25,70,50,50,50,8,8,29,27,48,48,19,45,36,30,10,34,0],"gold":263,"neow_bonus":"ONE_RANDOM_RARE_CARD","is_prod":false,"is_daily":false,"chose_seed":false,"campfire_upgraded":1,"win_rate":0.0,"timestamp":1544223434,"path_taken":["M","M","$","?","M","R","?","R","T","M","?","?","$","E","R","BOSS","M","?","?","M","?","R","M","R","T","?","?","M","M","M","R","BOSS"],"build_version":"2018-12-06","purchased_purges":0,"victory":false,"max_hp_per_floor":[70,70,70,70,70,70,70,70,70,70,70,70,70,70,70,70,70,70,70,70,70,70,70,70,70,70,80,80,80,80,80,80,80],"card_choices":[{"not_picked":["Quick Slash","Blade Dance"],"picked":"Outmaneuver","floor":1},{"not_picked":["Blade Dance","Setup"],"picked":"Dash","floor":2},{"not_picked":["PiercingWail","Reflex"],"picked":"Quick Slash","floor":5},{"not_picked":["Calculated Gamble","Underhanded Strike"],"picked":"Backflip","floor":10},{"not_picked":["Sucker Punch","Dodge and Roll"],"picked":"Cloak And Dagger","floor":14},{"not_picked":["Underhanded Strike","Expertise"],"picked":"Noxious Fumes","floor":15},{"not_picked":["Envenom","Venomology"],"picked":"Malaise","floor":16},{"not_picked":["Accuracy","Prepared"],"picked":"Sucker Punch","floor":18},{"not_picked":["Outmaneuver+1","Deadly Poison"],"picked":"Blade Dance+1","floor":21},{"not_picked":["Dodge and Roll","Blade Dance"],"picked":"Flying Knee","floor":23},{"not_picked":["Prepared","Acrobatics"],"picked":"Finisher+1","floor":24},{"not_picked":["Night Terror","Setup"],"picked":"Bane+1","floor":25},{"not_picked":["Acrobatics","Deflect"],"picked":"Masterful Stab","floor":27},{"not_picked":["Leg Sweep","Bane"],"picked":"PiercingWail","floor":29},{"not_picked":["PiercingWail","Bane"],"picked":"Slice","floor":30},{"not_picked":["Outmaneuver","Dagger Throw"],"picked":"Cloak And Dagger","floor":31},{"not_picked":["Prepared","Glass Knife"],"picked":"Flying Knee","floor":32}],"player_experience":138352,"relics_obtained":[{"floor":9,"key":"Matryoshka"},{"floor":11,"key":"Dream Catcher"},{"floor":11,"key":"Mercury Hourglass"},{"floor":14,"key":"Bottled Lightning"},{"floor":26,"key":"Pen Nib"},{"floor":26,"key":"Bottled Tornado"},{"floor":27,"key":"Ginger"},{"floor":27,"key":"Pear"}],"event_choices":[{"damage_healed":0,"gold_gain":0,"player_choice":"Damaged","damage_taken":7,"max_hp_gain":0,"max_hp_loss":0,"event_name":"Wheel of Change","floor":4,"gold_loss":0},{"damage_healed":0,"gold_gain":0,"player_choice":"Grow","damage_taken":0,"max_hp_gain":0,"max_hp_loss":0,"event_name":"Living Wall","floor":12,"gold_loss":0,"cards_upgraded":["Dash"]},{"damage_healed":0,"gold_gain":0,"player_choice":"Opened","damage_taken":0,"relics_obtained":["Gremlin Horn"],"max_hp_gain":0,"max_hp_loss":0,"event_name":"The Mausoleum","floor":19,"gold_loss":0},{"damage_healed":0,"gold_gain":0,"player_choice":"Stole Relic","damage_taken":0,"relics_obtained":["Ice Cream"],"max_hp_gain":0,"max_hp_loss":0,"event_name":"Addict","floor":20,"gold_loss":0,"cards_obtained":["Shame"]},{"damage_healed":0,"gold_gain":0,"player_choice":"Fight","damage_taken":0,"max_hp_gain":0,"max_hp_loss":0,"event_name":"Colosseum","floor":27,"gold_loss":0},{"damage_healed":0,"gold_gain":0,"player_choice":"Fought Nobs","damage_taken":0,"max_hp_gain":0,"max_hp_loss":0,"event_name":"Colosseum","floor":27,"gold_loss":0},{"damage_healed":26,"gold_gain":0,"player_choice":"Heal","damage_taken":0,"max_hp_gain":0,"max_hp_loss":0,"event_name":"The Library","floor":28,"gold_loss":0}],"is_beta":false,"boss_relics":[{"not_picked":["HoveringKite","Ring of the Serpent"],"picked":"Runic Pyramid"}],"items_purged_floors":[],"is_endless":false,"potions_floor_spawned":[5,10,16,21,27,30],"killed_by":"Champ","ascension_level":0}