{"gold_per_floor":[117,132,132,150,150,150,150,170,170,170,122,138,174,174,174,294,294,312,312,312,312,332,332,363,363,363,387,112,112,151,172,172,302,302,325,177,190,490,511,511,536,569,569,569,594,612,612,628,628,628],"floor_reached":50,"playtime":5391,"items_purged":[],"score":924,"play_id":"ac6c9d0b-85ec-46ec-91ed-53d6c60a49cf","local_time":"20190429184105","is_ascension_mode":true,"campfire_choices":[{"floor":6.0,"key":"REST"},{"data":"Stack","floor":10.0,"key":"SMITH"},{"floor":15.0,"key":"REST"},{"floor":23.0,"key":"REST"},{"floor":25.0,"key":"REST"},{"floor":29.0,"key":"REST"},{"floor":32.0,"key":"REST"},{"data":"Hologram","floor":40.0,"key":"SMITH"},{"floor":44.0,"key":"REST"},{"floor":47.0,"key":"REST"},{"floor":49.0,"key":"REST"}],"neow_cost":"NONE","seed_source_timestamp":320109168679400,"circlet_count":0,"master_deck":["AscendersBane","Strike_B","Strike_B","Strike_B","Strike_B","Defend_B","Defend_B+1","Defend_B","Defend_B+1","Zap","Dualcast","Cold Snap","Stack+1","Compile Driver","Go for the Eyes","Coolheaded","Sunder","Seek","Redo","RitualDagger","Streamline","Leap","Leap","Streamline","Doom and Gloom","Core Surge","Hologram+1","Creative AI","Go for the Eyes","Steam+1","Reinforced Body+1","Stack+1","Writhe","Streamline+1"],"special_seed":0,"relics":["Cracked Core","Boot","Golden Idol","Ice Cream","Peace Pipe","Pear","Snecko Eye","Cables","Meat on the Bone","ClockworkSouvenir","Torii","Cursed Key","Art of War","Pen Nib","Letter Opener"],"potions_floor_usage":[50,50,50],"damage_taken":[{"damage":7.0,"enemies":"Jaw Worm","floor":1.0,"turns":3.0},{"damage":0.0,"enemies":"2 Louse","floor":2.0,"turns":2.0},{"damage":3.0,"enemies":"Small Slimes","floor":4.0,"turns":4.0},{"damage":7.0,"enemies":"3 Louse","floor":8.0,"turns":4.0},{"damage":13.0,"enemies":"Large Slime","floor":12.0,"turns":7.0},{"damage":34.0,"enemies":"3 Sentries","floor":13.0,"turns":9.0},{"damage":0.0,"enemies":"Slime Boss","floor":16.0,"turns":8.0},{"damage":2.0,"enemies":"Chosen","floor":18.0,"turns":5.0},{"damage":2.0,"enemies":"2 Thieves","floor":22.0,"turns":3.0},{"damage":79.0,"enemies":"Slavers","floor":24.0,"turns":9.0},{"damage":5.0,"enemies":"Centurion and Healer","floor":27.0,"turns":8.0},{"damage":48.0,"enemies":"Gremlin Leader","floor":30.0,"turns":11.0},{"damage":2.0,"enemies":"Chosen and Byrds","floor":31.0,"turns":5.0},{"damage":45.0,"enemies":"Automaton","floor":33.0,"turns":12.0},{"damage":7.0,"enemies":"Orb Walker","floor":35.0,"turns":3.0},{"damage":1.0,"enemies":"3 Shapes","floor":37.0,"turns":9.0},{"damage":22.0,"enemies":"3 Darklings","floor":39.0,"turns":6.0},{"damage":16.0,"enemies":"Maw","floor":41.0,"turns":6.0},{"damage":26.0,"enemies":"Reptomancer","floor":42.0,"turns":9.0},{"damage":1.0,"enemies":"4 Shapes","floor":45.0,"turns":5.0},{"damage":17.0,"enemies":"Spire Growth","floor":46.0,"turns":7.0},{"damage":59.0,"enemies":"Transient","floor":48.0,"turns":5.0},{"damage":63,"enemies":"Awakened One","floor":50,"turns":14}],"seed_played":"-821291747895670371","potions_obtained":[{"floor":1.0,"key":"Strength Potion"},{"floor":13.0,"key":"Fire Potion"},{"floor":16.0,"key":"FearPotion"},{"floor":18.0,"key":"Strength Potion"},{"floor":24.0,"key":"EssenceOfSteel"},{"floor":31.0,"key":"Ancient Potion"},{"floor":35.0,"key":"Strength Potion"},{"floor":45.0,"key":"Poison Potion"},{"floor":46.0,"key":"EntropicBrew"}],"is_trial":false,"path_per_floor":["M","M","?","M","T","R","$","M","T","R","$","M","E","?","R","B",null,"M","?","$","?","M","R","E","R","T","M","$","R","E","M","R","B",null,"M","$","M","?","M","R","M","E","T","R","M","M","R","M","R","B"],"character_chosen":"DEFECT","items_purchased":["Strength Potion","ClockworkSouvenir","Doom and Gloom","Art of War"],"campfire_rested":9,"item_purchase_floors":[11,28,28,36],"current_hp_per_floor":[61,61,43,40,40,62,62,55,55,55,55,42,18,1,26,26,70,68,62,62,62,60,85,6,31,31,38,38,63,27,37,62,29,71,64,64,63,63,53,53,49,35,35,60,59,54,79,32,57,0],"gold":628,"neow_bonus":"RANDOM_COMMON_RELIC","is_prod":false,"is_daily":false,"chose_seed":false,"campfire_upgraded":2,"win_rate":0,"timestamp":1556556065,"path_taken":["M","M","?","M","?","R","$","M","T","R","$","M","E","?","R","BOSS","M","?","$","?","M","R","E","R","T","M","$","R","E","M","R","BOSS","M","$","M","?","M","R","?","E","T","R","M","M","R","M","R","BOSS"],"build_version":"2019-01-23","purchased_purges":0,"victory":false,"max_hp_per_floor":[75,75,75,75,75,75,75,75,75,75,75,75,85,85,85,85,85,85,85,85,85,85,85,85,85,85,85,85,85,85,85,85,85,85,85,85,85,85,85,85,85,85,85,85,85,85,85,85,85,85],"card_choices":[{"not_picked":["Loop","Turbo"],"picked":"Cold Snap","floor":1.0},{"not_picked":["Compile Driver","Cold Snap"],"picked":"Stack","floor":2.0},{"not_picked":["Rebound","Gash"],"picked":"Compile Driver","floor":4.0},{"not_picked":["Meteor Strike","Reprogram"],"picked":"Go for the Eyes","floor":8.0},{"not_picked":["Gash","Compile Driver"],"picked":"Coolheaded","floor":12.0},{"not_picked":["Ball Lightning","Reinforced Body"],"picked":"Sunder","floor":13.0},{"not_picked":["Rainbow","Amplify"],"picked":"Seek","floor":16.0},{"not_picked":["Barrage","Static Discharge"],"picked":"Redo","floor":18.0},{"not_picked":["Sweeping Beam","Ball Lightning"],"picked":"Leap","floor":22.0},{"not_picked":["Cold Snap","Loop"],"picked":"Leap","floor":24.0},{"not_picked":["Beam Cell","Redo"],"picked":"Streamline","floor":27.0},{"not_picked":["Force Field","Rebound"],"picked":"Core Surge","floor":30.0},{"not_picked":["Steam","Beam Cell"],"picked":"Hologram","floor":31.0},{"not_picked":["Biased Cognition","Reboot"],"picked":"Creative AI","floor":33.0},{"not_picked":["Compile Driver","Gash+1","Heatsinks"],"picked":"SKIP","floor":35.0},{"not_picked":["Hello World+1","Storm"],"picked":"Go for the Eyes","floor":37.0},{"not_picked":["Capacitor+1","Reprogram"],"picked":"Steam+1","floor":39.0},{"not_picked":["Redo","Recycle"],"picked":"Reinforced Body+1","floor":41.0},{"not_picked":["Compile Driver+1","Core Surge"],"picked":"Stack+1","floor":42.0},{"not_picked":["Beam Cell","Steam Power+1","Leap"],"picked":"SKIP","floor":45.0},{"not_picked":["Steam","Hologram","Ball Lightning"],"picked":"SKIP","floor":46.0},{"not_picked":["Compile Driver","Conserve Battery"],"picked":"Streamline+1","floor":48.0}],"player_experience":716497,"relics_obtained":[{"floor":5.0,"key":"Ice Cream"},{"floor":9.0,"key":"Peace Pipe"},{"floor":13.0,"key":"Pear"},{"floor":24.0,"key":"Cables"},{"floor":26.0,"key":"Meat on the Bone"},{"floor":30.0,"key":"Torii"},{"floor":42.0,"key":"Pen Nib"},{"floor":43.0,"key":"Letter Opener"}],"event_choices":[{"damage_healed":0.0,"max_hp_gain":0.0,"max_hp_loss":0.0,"gold_gain":0.0,"event_name":"Golden Idol","player_choice":"Take Damage","floor":3.0,"gold_loss":0.0,"damage_taken":18.0,"relics_obtained":["Golden Idol"]},{"damage_healed":0.0,"max_hp_gain":0.0,"max_hp_loss":0.0,"gold_gain":0.0,"event_name":"Shining Light","player_choice":"Entered Light","floor":14.0,"gold_loss":0.0,"damage_taken":17.0,"cards_upgraded":["Defend_B","Defend_B"]},{"damage_healed":0.0,"max_hp_gain":0.0,"max_hp_loss":0.0,"gold_gain":0.0,"event_name":"Nest","player_choice":"Joined the Cult","floor":19.0,"gold_loss":0.0,"damage_taken":6.0,"cards_obtained":["RitualDagger"]},{"damage_healed":0.0,"max_hp_gain":0.0,"max_hp_loss":0.0,"gold_gain":0.0,"event_name":"The Library","player_choice":"Read","floor":21.0,"gold_loss":0.0,"damage_taken":0.0,"cards_obtained":["Streamline"]},{"damage_healed":0.0,"max_hp_gain":0.0,"max_hp_loss":0.0,"gold_gain":300.0,"event_name":"Wheel of Change","player_choice":"Gold","floor":38.0,"gold_loss":0.0,"damage_taken":0.0}],"is_beta":false,"boss_relics":[{"not_picked":["Astrolabe","Lizard Tail"],"picked":"Snecko Eye"},{"not_picked":["Philosopher\u0027s Stone","Sozu"],"picked":"Cursed Key"}],"items_purged_floors":[],"is_endless":false,"potions_floor_spawned":[1,13,16,18,24,31,35,41,45,46],"killed_by":"Awakened One","ascension_level":12}