{"gold_per_floor":[111,81,101,101,121,121,132,41,41,76,86,105,59,75,75,170,170,184,184,184,184,172,172,199,6,55,55,55,70,70,81,81,181,181,200,200,220,20,39,39,54,54,54,54,71,71,171,171,171,171],"floor_reached":51,"playtime":4372,"items_purged":[],"score":667,"play_id":"525c8b74-e8c1-4c75-8992-595cd760e092","local_time":"20181207180900","is_ascension_mode":false,"campfire_choices":[{"data":"Flame Barrier","floor":6,"key":"SMITH"},{"floor":15,"key":"REST"},{"floor":23,"key":"REST"},{"floor":28,"key":"REST"},{"floor":30,"key":"REST"},{"floor":32,"key":"REST"},{"floor":40,"key":"REST"},{"floor":42,"key":"REST"},{"floor":44,"key":"REST"},{"floor":49,"key":"REST"}],"neow_cost":"NONE","seed_source_timestamp":240748271038643,"circlet_count":0,"master_deck":["Strike_R","Strike_R","Strike_R","Strike_R","Strike_R","Defend_R","Defend_R","Defend_R","Bash","Perfected Strike","Armaments","Flame Barrier+1","Flex","Enlightenment","Shrug It Off","Pommel Strike","Anger","Thunderclap","Whirlwind","Demon Form","Shockwave+1","Anger","Heavy Blade","Dropkick","Heavy Blade","Barricade","Perfected Strike+1","Anger","Cleave+1","Anger"],"relics":["Burning Blood","Self Forming Clay","Ornamental Fan","Black Star","Orichalcum","Bottled Flame","Vajra","Potion Belt","Bottled Tornado","Busted Crown","Chemical X","Kunai","Charon\u0027s Ashes","Bag of Marbles"],"potions_floor_usage":[24,33,33,33,33,33,39,41,50,50],"damage_taken":[{"damage":10,"enemies":"Cultist","floor":1,"turns":4},{"damage":1,"enemies":"Jaw Worm","floor":3,"turns":3},{"damage":14,"enemies":"2 Louse","floor":5,"turns":3},{"damage":5,"enemies":"Looter","floor":7,"turns":4},{"damage":21,"enemies":"3 Sentries","floor":10,"turns":11},{"damage":16,"enemies":"2 Fungi Beasts","floor":11,"turns":4},{"damage":14,"enemies":"Exordium Wildlife","floor":12,"turns":6},{"damage":4,"enemies":"Exordium Thugs","floor":14,"turns":4},{"damage":62,"enemies":"Slime Boss","floor":16,"turns":12},{"damage":38,"enemies":"Spheric Guardian","floor":18,"turns":6},{"damage":24,"enemies":"2 Thieves","floor":22,"turns":4},{"damage":48,"enemies":"Slavers","floor":24,"turns":7},{"damage":22,"enemies":"Snake Plant","floor":29,"turns":4},{"damage":17,"enemies":"Sentry and Sphere","floor":31,"turns":5},{"damage":75,"enemies":"Automaton","floor":33,"turns":8},{"damage":4,"enemies":"3 Shapes","floor":35,"turns":3},{"damage":43,"enemies":"3 Darklings","floor":37,"turns":5},{"damage":46,"enemies":"4 Shapes","floor":39,"turns":4},{"damage":27,"enemies":"Transient","floor":41,"turns":5},{"damage":26,"enemies":"Jaw Worm Horde","floor":45,"turns":6},{"damage":0,"enemies":"Mind Bloom Boss Battle","floor":47,"turns":5},{"damage":93,"enemies":"Awakened One","floor":50,"turns":11}],"seed_played":"8056749457003616924","potions_obtained":[{"floor":1,"key":"FearPotion"},{"floor":2,"key":"EntropicBrew"},{"floor":2,"key":"EssenceOfSteel"},{"floor":12,"key":"BloodPotion"},{"floor":24,"key":"Block Potion"},{"floor":31,"key":"PowerPotion"},{"floor":33,"key":"Fire Potion"},{"floor":41,"key":"Fire Potion"},{"floor":45,"key":"LiquidBronze"}],"is_trial":false,"path_per_floor":["M","?","M","?","M","R","M","$","T","E","M","M","$","M","R","B",null,"M","?","?","?","M","R","E","$","T","T","R","M","R","M","R","B",null,"M","?","M","$","M","R","M","R","T","R","M","$","?","T","R","B",null],"character_chosen":"IRONCLAD","items_purchased":["Enlightenment","Thunderclap","Vajra","Heavy Blade","Chemical X"],"campfire_rested":9,"item_purchase_floors":[8,13,25,25,38],"current_hp_per_floor":[84,84,88,88,80,80,81,81,81,66,56,48,48,50,76,20,88,56,56,39,70,52,79,37,37,37,37,64,48,75,64,91,22,93,93,93,56,56,16,43,22,49,49,76,56,56,62,62,89,11],"gold":171,"neow_bonus":"TEN_PERCENT_HP_BONUS","is_prod":false,"is_daily":false,"chose_seed":false,"campfire_upgraded":1,"win_rate":0,"timestamp":1544234940,"path_taken":["M","?","?","?","M","R","M","$","T","E","M","M","?","M","R","BOSS","M","?","?","?","?","R","E","$","T","?","R","M","R","M","R","BOSS","M","?","?","$","?","R","M","R","T","R","M","?","?","?","R","BOSS"],"build_version":"2018-12-06","purchased_purges":0,"victory":true,"max_hp_per_floor":[88,88,88,88,88,88,88,88,88,88,88,88,88,88,88,88,88,88,88,93,93,93,93,93,93,93,93,93,93,93,93,93,93,93,93,93,93,93,93,93,93,93,93,93,93,93,93,93,93,93],"card_choices":[{"not_picked":["Feel No Pain","Rupture"],"picked":"Perfected Strike","floor":1},{"not_picked":["Headbutt","Twin Strike"],"picked":"Armaments","floor":3},{"not_picked":["Searing Blow","Whirlwind"],"picked":"Flame Barrier","floor":5},{"not_picked":["Combust","Warcry"],"picked":"Flex","floor":7},{"not_picked":["Havoc","Rupture"],"picked":"Shrug It Off","floor":10},{"not_picked":["Dual Wield","Headbutt"],"picked":"Pommel Strike","floor":11},{"not_picked":["Inflame","Reckless Charge"],"picked":"Anger","floor":12},{"not_picked":["Second Wind","Power Through"],"picked":"Whirlwind","floor":14},{"not_picked":["Feed","Dark Embrace"],"picked":"Demon Form","floor":16},{"not_picked":["Clash","Shrug It Off"],"picked":"Shockwave+1","floor":18},{"not_picked":["True Grit","Flex"],"picked":"Anger","floor":22},{"not_picked":["Clothesline","Cleave","Shrug It Off+1"],"picked":"SKIP","floor":24},{"not_picked":["Sentinel","Pommel Strike"],"picked":"Dropkick","floor":29},{"not_picked":["Clothesline","Headbutt+1"],"picked":"Heavy Blade","floor":31},{"not_picked":["Impervious","Demon Form"],"picked":"Barricade","floor":33},{"not_picked":["Wild Strike+1"],"picked":"SKIP","floor":35},{"not_picked":[],"picked":"Perfected Strike+1","floor":37},{"not_picked":[],"picked":"Anger","floor":39},{"not_picked":[],"picked":"Cleave+1","floor":41},{"not_picked":[],"picked":"Anger","floor":45}],"player_experience":147064,"relics_obtained":[{"floor":9,"key":"Self Forming Clay"},{"floor":10,"key":"Ornamental Fan"},{"floor":24,"key":"Orichalcum"},{"floor":24,"key":"Bottled Flame"},{"floor":26,"key":"Potion Belt"},{"floor":27,"key":"Bottled Tornado"},{"floor":43,"key":"Kunai"},{"floor":47,"key":"Charon\u0027s Ashes"},{"floor":48,"key":"Bag of Marbles"}],"event_choices":[{"damage_healed":0,"gold_gain":0,"player_choice":"Bought 2 Potions","damage_taken":0,"max_hp_gain":0,"max_hp_loss":0,"event_name":"The Woman in Blue","floor":2,"gold_loss":0},{"damage_healed":0,"gold_gain":0,"player_choice":"Got Potions","damage_taken":0,"max_hp_gain":0,"max_hp_loss":0,"event_name":"Lab","floor":4,"gold_loss":0},{"damage_healed":0,"gold_gain":0,"player_choice":"Ignored","damage_taken":0,"max_hp_gain":0,"max_hp_loss":0,"event_name":"Vampires","floor":19,"gold_loss":0},{"damage_healed":0,"gold_gain":0,"player_choice":"Shed Blood","damage_taken":22,"max_hp_gain":5,"max_hp_loss":0,"event_name":"Forgotten Altar","floor":20,"gold_loss":0},{"damage_healed":31,"gold_gain":0,"player_choice":"Heal","damage_taken":0,"max_hp_gain":0,"max_hp_loss":0,"event_name":"The Library","floor":21,"gold_loss":0},{"cards_removed":["Defend_R"],"damage_healed":0,"gold_gain":0,"player_choice":"Purged","damage_taken":0,"max_hp_gain":0,"max_hp_loss":0,"event_name":"Purifier","floor":36,"gold_loss":0},{"damage_healed":0,"gold_gain":0,"player_choice":"Fight","damage_taken":0,"max_hp_gain":0,"max_hp_loss":0,"event_name":"MindBloom","floor":47,"gold_loss":0}],"is_beta":false,"boss_relics":[{"not_picked":["Snecko Eye","Velvet Choker"],"picked":"Black Star"},{"not_picked":["Coffee Dripper","Runic Dome"],"picked":"Busted Crown"}],"items_purged_floors":[],"is_endless":false,"potions_floor_spawned":[1,3,12,16,24,31,33,41,45],"ascension_level":0}