{"gold_per_floor":[217,229,245,260,279,279,354,354,407,433,443,459,459,479,479,583,583,599,610,621,621,621],"floor_reached":22,"playtime":1770,"items_purged":[],"score":182,"play_id":"a4df87e5-0cff-4cf5-8bfd-18b2d093979f","local_time":"20190412005442","is_ascension_mode":false,"campfire_choices":[{"data":"Entrench","floor":6,"key":"SMITH"},{"data":"Flame Barrier","floor":8,"key":"SMITH"},{"data":"Defend_R","floor":13,"key":"SMITH"},{"data":"Bash","floor":15,"key":"SMITH"}],"neow_cost":"NONE","seed_source_timestamp":56013862702711,"circlet_count":0,"master_deck":["Strike_R","Strike_R","Strike_R","Strike_R","Strike_R","Defend_R","Defend_R","Defend_R","Defend_R+1","Bash+1","Flame Barrier+1","Entrench+1"],"relics":["Burning Blood","Regal Pillow","Pen Nib"],"potions_floor_usage":[16,16,16,20],"damage_taken":[{"damage":5,"enemies":"Cultist","floor":1,"turns":4},{"damage":0,"enemies":"Small Slimes","floor":2,"turns":3},{"damage":6,"enemies":"Jaw Worm","floor":3,"turns":6},{"damage":23,"enemies":"Gremlin Gang","floor":4,"turns":7},{"damage":7,"enemies":"Blue Slaver","floor":5,"turns":5},{"damage":9,"enemies":"3 Louse","floor":11,"turns":4},{"damage":3,"enemies":"Red Slaver","floor":12,"turns":5},{"damage":1,"enemies":"Exordium Wildlife","floor":14,"turns":3},{"damage":67,"enemies":"Slime Boss","floor":16,"turns":18},{"damage":11,"enemies":"Chosen","floor":18,"turns":8},{"damage":41,"enemies":"Shell Parasite","floor":19,"turns":13},{"damage":26,"enemies":"Snake Plant","floor":20,"turns":5},{"damage":30,"enemies":"3 Cultists","floor":22,"turns":4}],"seed_played":"1273429262717447861","potions_obtained":[{"floor":2,"key":"SteroidPotion"},{"floor":3,"key":"BloodPotion"},{"floor":12,"key":"BloodPotion"},{"floor":19,"key":"LiquidBronze"},{"floor":20,"key":"FearPotion"}],"is_trial":false,"path_per_floor":["M","M","M","M","M","R","?","R","T","T","M","M","R","M","R","B",null,"M","M","M","?","M"],"character_chosen":"IRONCLAD","items_purchased":[],"campfire_rested":0,"item_purchase_floors":[],"current_hp_per_floor":[80,80,80,63,62,62,51,51,51,51,48,51,51,56,56,11,80,75,40,20,20,0],"gold":621,"neow_bonus":"HUNDRED_GOLD","is_prod":false,"is_daily":false,"chose_seed":false,"campfire_upgraded":4,"win_rate":0.0,"timestamp":1555023282,"path_taken":["M","?","M","M","M","R","?","R","T","?","M","M","R","M","R","BOSS","M","?","M","?","M"],"build_version":"2019-01-23","purchased_purges":0,"victory":false,"max_hp_per_floor":[80,80,80,80,80,80,80,80,80,80,80,80,80,80,80,80,80,80,80,80,80,80],"card_choices":[{"not_picked":["Iron Wave","Corruption","Hemokinesis"],"picked":"SKIP","floor":1},{"not_picked":["Battle Trance","Clash","Clothesline"],"picked":"SKIP","floor":2},{"not_picked":["Perfected Strike","Anger"],"picked":"Flame Barrier","floor":3},{"not_picked":["Pommel Strike","Fire Breathing","Anger"],"picked":"SKIP","floor":4},{"not_picked":["Infernal Blade","Clothesline"],"picked":"Entrench","floor":5},{"not_picked":["True Grit","Anger","Twin Strike"],"picked":"SKIP","floor":11},{"not_picked":["Corruption","Blood for Blood","Battle Trance"],"picked":"SKIP","floor":12},{"not_picked":["Anger","Pummel","Sentinel"],"picked":"SKIP","floor":14},{"not_picked":["True Grit","Cleave","Thunderclap"],"picked":"SKIP","floor":18},{"not_picked":["Combust","Sword Boomerang+1","Blood for Blood"],"picked":"SKIP","floor":19},{"not_picked":["Fire Breathing","Cleave+1","Iron Wave+1"],"picked":"SKIP","floor":20}],"player_experience":65829,"relics_obtained":[{"floor":9,"key":"Regal Pillow"},{"floor":10,"key":"Pen Nib"}],"event_choices":[{"damage_healed":0,"gold_gain":75,"player_choice":"Gather Gold","damage_taken":11,"max_hp_gain":0,"max_hp_loss":0,"event_name":"World of Goop","floor":7,"gold_loss":0},{"damage_healed":0,"gold_gain":0,"player_choice":"Ignored","damage_taken":0,"max_hp_gain":0,"max_hp_loss":0,"event_name":"The Mausoleum","floor":21,"gold_loss":0}],"is_beta":false,"boss_relics":[{"not_picked":["Runic Dome","Philosopher\u0027s Stone","Busted Crown"]}],"items_purged_floors":[],"is_endless":false,"potions_floor_spawned":[2,3,12,19,20],"killed_by":"3 Cultists","ascension_level":0}