{"gold_per_floor":[114,39,54,229,229,229,244,244,244,259,27,27,27,27,27,127,127,112,12,12,12,12,12,12,12,12,12],"floor_reached":27,"playtime":953,"items_purged":["Wraith Form v2","Parasite"],"score":251,"play_id":"9f8f8461-7f38-4bc9-a476-0a15ab4cb488","local_time":"20190422192838","daily_mods":["Shiny","Time Dilation","Binary"],"is_ascension_mode":false,"campfire_choices":[{"data":"Bullet Time","floor":6,"key":"SMITH"},{"data":"A Thousand Cuts","floor":8,"key":"SMITH"},{"floor":13,"key":"REST"},{"floor":15,"key":"REST"}],"neow_cost":"","seed_source_timestamp":0,"circlet_count":0,"master_deck":["Venomology","Corpse Explosion","Malaise","Phantasmal Killer","Die Die Die","Adrenaline","Envenom","Doppelganger","Burst","Tools of the Trade","Night Terror","Unload","After Image","Bullet Time+1","Storm of Steel","Glass Knife","A Thousand Cuts+1","Grand Finale","Master of Strategy+1","Die Die Die","Choke","Deadly Poison+1","Distraction+1"],"special_seed":18009,"relics":["Ring of the Snake","Toxic Egg 2","Ectoplasm","MutagenicStrength","Bottled Tornado"],"potions_floor_usage":[10,16,16,18,22,23,25,27,27],"damage_taken":[{"damage":4,"enemies":"Cultist","floor":1,"turns":4},{"damage":17,"enemies":"Small Slimes","floor":3,"turns":3},{"damage":5,"enemies":"2 Louse","floor":7,"turns":2},{"damage":38,"enemies":"Exordium Thugs","floor":10,"turns":5},{"damage":0,"enemies":"Slime Boss","floor":16,"turns":5},{"damage":0,"enemies":"2 Thieves","floor":18,"turns":2},{"damage":32,"enemies":"Shell Parasite","floor":22,"turns":4},{"damage":10,"enemies":"Chosen and Byrds","floor":23,"turns":2},{"damage":0,"enemies":"Snecko","floor":25,"turns":2},{"damage":16,"enemies":"Slavers","floor":27,"turns":1}],"seed_played":"-6905164264985758512","potions_obtained":[{"floor":7,"key":"Strength Potion"},{"floor":16,"key":"EssenceOfSteel"},{"floor":22,"key":"AttackPotion"},{"floor":23,"key":"Weak Potion"},{"floor":25,"key":"Swift Potion"}],"is_trial":false,"path_per_floor":["M","$","M","?","?","R","M","R","T","M","$","?","R","$","R","B",null,"M","$","?","?","M","M","?","M","T","E"],"character_chosen":"THE_SILENT","items_purchased":["Master of Strategy+1","Poison Potion"],"campfire_rested":2,"item_purchase_floors":[11,11],"current_hp_per_floor":[66,66,49,49,70,70,65,65,65,36,36,36,57,57,70,70,70,70,67,55,41,21,11,11,11,11,0],"gold":12,"neow_bonus":"","is_prod":false,"is_daily":true,"chose_seed":false,"campfire_upgraded":2,"win_rate":0,"timestamp":1555986518,"path_taken":["M","$","?","?","?","R","M","R","T","?","$","?","R","?","R","BOSS","M","$","?","?","?","M","?","M","T","E"],"build_version":"2019-01-23","purchased_purges":2,"victory":false,"max_hp_per_floor":[70,70,70,70,70,70,70,70,70,70,70,70,70,70,70,70,70,70,67,72,72,72,72,72,72,72,72],"card_choices":[{"not_picked":["Flying Knee","Dodge and Roll"],"picked":"SKIP","floor":1},{"not_picked":["Finisher","Acrobatics"],"picked":"SKIP","floor":3},{"not_picked":["Flying Knee","Outmaneuver"],"picked":"SKIP","floor":7},{"not_picked":["Well Laid Plans","PiercingWail+1"],"picked":"SKIP","floor":10},{"not_picked":["Glass Knife"],"picked":"Die Die Die","floor":16},{"not_picked":["Slice"],"picked":"Choke","floor":18},{"not_picked":["Slice","Cloak And Dagger+1"],"picked":"SKIP","floor":22},{"not_picked":["Backflip+1"],"picked":"Deadly Poison+1","floor":23},{"not_picked":["Acrobatics+1"],"picked":"Distraction+1","floor":25}],"player_experience":436828,"relics_obtained":[{"floor":9,"key":"Toxic Egg 2"},{"floor":26,"key":"Bottled Tornado"}],"event_choices":[{"damage_healed":0,"gold_gain":175,"player_choice":"AGREE","damage_taken":0,"max_hp_gain":0,"max_hp_loss":0,"event_name":"Liars Game","floor":4,"gold_loss":0,"cards_obtained":["Doubt"]},{"damage_healed":23,"gold_gain":0,"player_choice":"Banana","damage_taken":0,"max_hp_gain":0,"max_hp_loss":0,"event_name":"Big Fish","floor":5,"gold_loss":0},{"damage_healed":0,"gold_gain":0,"cards_transformed":["Doubt"],"player_choice":"Transformed","damage_taken":0,"max_hp_gain":0,"max_hp_loss":0,"event_name":"Transmorgrifier","floor":12,"gold_loss":0,"cards_obtained":["Parasite"]},{"damage_healed":0,"gold_gain":0,"player_choice":"Shed Blood","damage_taken":17,"max_hp_gain":5,"max_hp_loss":0,"event_name":"Forgotten Altar","floor":20,"gold_loss":0},{"damage_healed":0,"gold_gain":0,"player_choice":"POTION ","damage_taken":14,"max_hp_gain":0,"max_hp_loss":0,"event_name":"Knowing Skull","floor":21,"potions_obtained":["Regen Potion"],"gold_loss":0,"cards_obtained":[]},{"damage_healed":0,"gold_gain":0,"player_choice":"Inject Mutagens","damage_taken":0,"relics_obtained":["MutagenicStrength"],"max_hp_gain":0,"max_hp_loss":0,"event_name":"Drug Dealer","floor":24,"gold_loss":0}],"is_beta":false,"boss_relics":[{"not_picked":["Eternal Feather","Calling Bell"],"picked":"Ectoplasm"}],"items_purged_floors":[2,19],"is_endless":false,"potions_floor_spawned":[7,16,22,23,25],"killed_by":"Slavers","ascension_level":0}