{"gold_per_floor":[114,114,129,49,64,94,94,124,124,184,34,64,64,64,64,164,164,179,29,29,29,44,44],"floor_reached":23,"playtime":971,"items_purged":[],"score":290,"play_id":"21da46fe-74c3-40d3-b2a2-c9be58c06d73","local_time":"20190206170928","daily_mods":["Chimera","Hoarder","Elite Swarm"],"is_ascension_mode":false,"campfire_choices":[{"floor":7,"key":"REST"},{"floor":13,"key":"REST"},{"floor":15,"key":"REST"}],"neow_cost":"","seed_source_timestamp":0,"circlet_count":0,"master_deck":["Bash","Survivor","Zap","Strike_R","Strike_G","Strike_B","Defend_R","Defend_G","Defend_B","Anger","Anger+1","Anger","Armaments","Armaments","Armaments","Ghostly Armor","Ghostly Armor","Ghostly Armor","Inflame","Inflame","Inflame","Limit Break","Limit Break","Limit Break","Demon Form","Demon Form","Limit Break","Limit Break","Limit Break","Exhume","Exhume","Exhume","Rampage","Rampage+1","Rampage"],"special_seed":17934,"relics":["Burning Blood","Gremlin Horn","Self Forming Clay","Red Skull","Tiny Chest","Blood Vial","Lantern","Lizard Tail","Whetstone","MutagenicStrength","CultistMask"],"potions_floor_usage":[6,8,10,16,22],"damage_taken":[{"damage":0,"enemies":"Small Slimes","floor":1,"turns":4},{"damage":0,"enemies":"Cultist","floor":3,"turns":4},{"damage":0,"enemies":"2 Louse","floor":5,"turns":3},{"damage":38,"enemies":"Gremlin Nob","floor":6,"turns":5},{"damage":27,"enemies":"3 Sentries","floor":8,"turns":6},{"damage":11,"enemies":"Gremlin Nob","floor":10,"turns":3},{"damage":40,"enemies":"Lagavulin","floor":12,"turns":7},{"damage":8,"enemies":"Slime Boss","floor":16,"turns":10},{"damage":55,"enemies":"Spheric Guardian","floor":18,"turns":8},{"damage":35,"enemies":"3 Byrds","floor":22,"turns":5},{"damage":49,"enemies":"Slavers","floor":23,"turns":3}],"seed_played":"-7067944116089753152","potions_obtained":[{"floor":5,"key":"Swift Potion"},{"floor":6,"key":"Weak Potion"},{"floor":8,"key":"FearPotion"},{"floor":12,"key":"PowerPotion"},{"floor":18,"key":"PowerPotion"}],"is_trial":false,"path_per_floor":["M","?","M","$","M","E","R","E","T","E","$","E","R","?","R","B",null,"M","$","?","?","M","E"],"character_chosen":"IRONCLAD","items_purchased":["Inflame","Blood Vial","Whetstone"],"campfire_rested":3,"item_purchase_floors":[4,11,19],"current_hp_per_floor":[80,80,80,80,80,48,72,51,51,46,46,14,38,31,55,55,80,31,31,31,31,44,0],"gold":44,"neow_bonus":"","is_prod":false,"is_daily":true,"chose_seed":false,"campfire_upgraded":0,"win_rate":0,"timestamp":1549501768,"path_taken":["M","?","?","$","M","E","R","E","T","E","?","E","R","?","R","BOSS","M","$","?","?","M","E"],"build_version":"2019-01-23","purchased_purges":0,"victory":false,"max_hp_per_floor":[80,80,80,80,80,80,80,80,80,80,80,80,80,80,80,80,80,80,80,80,80,80,80],"card_choices":[{"not_picked":["Headbutt","Cleave"],"picked":"Anger","floor":1},{"not_picked":["Clothesline","Entrench"],"picked":"Ghostly Armor","floor":3},{"not_picked":["Second Wind","Metallicize","Hemokinesis"],"picked":"SKIP","floor":5},{"not_picked":["Exhume","Barricade"],"picked":"Limit Break","floor":6},{"not_picked":["Fiend Fire","Berserk","Bludgeon"],"picked":"SKIP","floor":8},{"not_picked":["Double Tap","Immolate"],"picked":"Demon Form","floor":10},{"not_picked":["Barricade","Berserk"],"picked":"Limit Break","floor":12},{"not_picked":["Offering","Immolate"],"picked":"Exhume","floor":16},{"not_picked":["Armaments","Havoc"],"picked":"Rampage","floor":18},{"not_picked":["Clash","Wild Strike+1","Body Slam"],"picked":"SKIP","floor":22}],"player_experience":351512,"relics_obtained":[{"floor":6,"key":"Gremlin Horn"},{"floor":8,"key":"Self Forming Clay"},{"floor":9,"key":"Red Skull"},{"floor":10,"key":"Tiny Chest"},{"floor":12,"key":"Lantern"}],"event_choices":[{"damage_healed":0,"gold_gain":0,"player_choice":"1 cards matched","damage_taken":0,"max_hp_gain":0,"max_hp_loss":0,"event_name":"Match and Keep!","floor":2,"gold_loss":0,"cards_obtained":["Armaments"]},{"cards_removed":["Demon Form"],"damage_healed":0,"gold_gain":0,"player_choice":"Card Removal","damage_taken":7,"max_hp_gain":0,"max_hp_loss":0,"event_name":"Golden Wing","floor":14,"gold_loss":0},{"damage_healed":0,"gold_gain":0,"player_choice":"Inject Mutagens","damage_taken":0,"relics_obtained":["MutagenicStrength"],"max_hp_gain":0,"max_hp_loss":0,"event_name":"Drug Dealer","floor":20,"gold_loss":0},{"damage_healed":0,"gold_gain":0,"player_choice":"Trade","damage_taken":0,"relics_obtained":["CultistMask"],"max_hp_gain":0,"max_hp_loss":0,"event_name":"FaceTrader","floor":21,"gold_loss":0}],"is_beta":false,"boss_relics":[{"not_picked":["Black Star","Snecko Eye"],"picked":"Lizard Tail"}],"items_purged_floors":[],"is_endless":false,"potions_floor_spawned":[5,6,8,12,18],"killed_by":"Slavers","ascension_level":0}