{"gold_per_floor":[144,43,88,88,137,235,284,284,284,11,11,60,60,109,109,434,434,483,532,532,581,6,6,104,104,129,129,0,49,98,147,147,147],"floor_reached":33,"playtime":1343,"items_purged":["Armaments"],"score":344,"play_id":"101387d7-5583-455c-a6f1-516fe85152a1","local_time":"20190419210259","daily_mods":["Heirloom","Diverse","Midas"],"is_ascension_mode":false,"campfire_choices":[{"floor":8,"key":"REST"},{"floor":11,"key":"REST"},{"floor":15,"key":"REST"},{"floor":23,"key":"REST"},{"floor":27,"key":"REST"},{"floor":32,"key":"REST"}],"neow_cost":"","seed_source_timestamp":0,"circlet_count":0,"master_deck":["Defend_G","Defend_G","Defend_G","Defend_G","Defend_G","Strike_G","Strike_G","Strike_G","Strike_G","Strike_G","Survivor","Neutralize","PiercingWail","Deadly Poison","Sucker Punch","Injury","Poisoned Stab","Endless Agony","Sword Boomerang","Apotheosis","Calculated Gamble","Double Tap","Whirlwind","Buffer","Backstab+1","Acrobatics","Concentrate"],"special_seed":18006,"relics":["Ring of the Snake","Tingsha","Golden Idol","Bronze Scales","Thread and Needle","GremlinMask","Fusion Hammer","Bottled Flame","TwistedFunnel","Gremlin Horn","Singing Bowl","Vajra"],"potions_floor_usage":[16,19,21,24,24,29,31],"damage_taken":[{"damage":5,"enemies":"2 Louse","floor":1,"turns":3},{"damage":0,"enemies":"Small Slimes","floor":3,"turns":3},{"damage":0,"enemies":"Cultist","floor":5,"turns":4},{"damage":35,"enemies":"Gremlin Nob","floor":6,"turns":5},{"damage":0,"enemies":"Large Slime","floor":7,"turns":5},{"damage":1,"enemies":"Exordium Wildlife","floor":12,"turns":2},{"damage":4,"enemies":"3 Louse","floor":14,"turns":2},{"damage":0,"enemies":"Hexaghost","floor":16,"turns":8},{"damage":0,"enemies":"3 Byrds","floor":18,"turns":3},{"damage":1,"enemies":"Chosen","floor":19,"turns":4},{"damage":23,"enemies":"Colosseum Slavers","floor":20,"turns":3},{"damage":0,"enemies":"Snecko","floor":21,"turns":3},{"damage":23,"enemies":"Slavers","floor":24,"turns":5},{"damage":6,"enemies":"Shelled Parasite and Fungi","floor":29,"turns":3},{"damage":6,"enemies":"Centurion and Healer","floor":30,"turns":6},{"damage":0,"enemies":"Chosen and Byrds","floor":31,"turns":3},{"damage":81,"enemies":"Automaton","floor":33,"turns":6}],"seed_played":"-6243713355950561722","potions_obtained":[{"floor":7,"key":"PowerPotion"},{"floor":16,"key":"SneckoOil"},{"floor":18,"key":"Energy Potion"},{"floor":21,"key":"GamblersBrew"},{"floor":24,"key":"Strength Potion"},{"floor":30,"key":"AttackPotion"}],"is_trial":false,"path_per_floor":["M","$","M","?","M","E","M","R","T","$","R","M","?","M","R","B",null,"M","M","?","M","$","R","E","?","T","R","?","M","M","M","R","B"],"character_chosen":"THE_SILENT","items_purchased":["Deadly Poison","Sucker Punch","Apotheosis","Calculated Gamble","Bottled Flame","TwistedFunnel","Poison Potion"],"campfire_rested":6,"item_purchase_floors":[2,2,10,10,22,22,22],"current_hp_per_floor":[65,65,65,65,65,30,30,51,51,51,70,69,69,65,70,70,70,70,69,46,46,46,67,44,44,44,65,65,61,57,57,74,0],"gold":147,"neow_bonus":"","is_prod":false,"is_daily":true,"chose_seed":false,"campfire_upgraded":0,"win_rate":0,"timestamp":1555732979,"path_taken":["M","$","M","?","M","E","M","R","T","$","R","M","?","M","R","BOSS","M","M","?","M","$","R","E","?","T","R","?","M","?","M","R","BOSS"],"build_version":"2019-01-23","purchased_purges":1,"victory":false,"max_hp_per_floor":[70,70,70,70,70,70,70,70,70,70,70,70,70,70,70,70,70,70,70,70,70,70,70,70,70,70,70,70,72,74,74,74,74],"card_choices":[{"not_picked":["Dagger Throw","Blade Dance"],"picked":"PiercingWail","floor":1},{"not_picked":["Gash","Accuracy"],"picked":"Armaments","floor":3},{"not_picked":["FTL","Burning Pact"],"picked":"Poisoned Stab","floor":5},{"not_picked":["Hello World","Slice"],"picked":"Endless Agony","floor":6},{"not_picked":["Warcry","Heatsinks"],"picked":"Sword Boomerang","floor":7},{"not_picked":["Perfected Strike","Stack"],"picked":"Double Tap","floor":12},{"not_picked":["Barrage","Iron Wave"],"picked":"Whirlwind","floor":14},{"not_picked":["Bullet Time","Multi-Cast"],"picked":"Buffer","floor":16},{"not_picked":["Predator","Blur","Sentinel+1"],"picked":"SKIP","floor":18},{"not_picked":["Warcry+1","Ball Lightning"],"picked":"Backstab+1","floor":19},{"not_picked":["Shockwave","Clash+1"],"picked":"Acrobatics","floor":21},{"not_picked":["Sucker Punch","Dodge and Roll","Leg Sweep"],"picked":"SKIP","floor":24},{"not_picked":["Shrug It Off","Flying Knee","Gash"],"picked":"Singing Bowl","floor":29},{"not_picked":["Armaments","Wild Strike+1","Outmaneuver"],"picked":"Singing Bowl","floor":30},{"not_picked":["Body Slam","Iron Wave"],"picked":"Concentrate","floor":31}],"player_experience":435485,"relics_obtained":[{"floor":6,"key":"Bronze Scales"},{"floor":9,"key":"Thread and Needle"},{"floor":24,"key":"Gremlin Horn"},{"floor":26,"key":"Vajra"}],"event_choices":[{"damage_healed":0,"gold_gain":0,"player_choice":"Take Wound","damage_taken":0,"relics_obtained":["Golden Idol"],"max_hp_gain":0,"max_hp_loss":0,"event_name":"Golden Idol","floor":4,"gold_loss":0,"cards_obtained":["Injury"]},{"damage_healed":0,"gold_gain":0,"player_choice":"Trade","damage_taken":0,"relics_obtained":["GremlinMask"],"max_hp_gain":0,"max_hp_loss":0,"event_name":"FaceTrader","floor":13,"gold_loss":0},{"damage_healed":0,"gold_gain":0,"player_choice":"Fight","damage_taken":0,"max_hp_gain":0,"max_hp_loss":0,"event_name":"Colosseum","floor":20,"gold_loss":0},{"damage_healed":0,"gold_gain":0,"player_choice":"Fled From Nobs","damage_taken":0,"max_hp_gain":0,"max_hp_loss":0,"event_name":"Colosseum","floor":20,"gold_loss":0},{"damage_healed":0,"gold_gain":0,"player_choice":"Opened","damage_taken":0,"relics_obtained":["Singing Bowl"],"max_hp_gain":0,"max_hp_loss":0,"event_name":"The Mausoleum","floor":25,"gold_loss":0},{"damage_healed":0,"gold_gain":0,"player_choice":"Paid Fearfully","damage_taken":0,"max_hp_gain":0,"max_hp_loss":0,"event_name":"Masked Bandits","floor":28,"gold_loss":129}],"is_beta":false,"boss_relics":[{"not_picked":["Eternal Feather","Black Star"],"picked":"Fusion Hammer"}],"items_purged_floors":[22],"is_endless":false,"potions_floor_spawned":[7,16,18,21,24,30],"killed_by":"Automaton","ascension_level":0}