{"gold_per_floor":[113,113,123,141,291,291,316,328,328,84,84,40,40,56,56,131,131,146,146,117,117,7,7,27,27,27,42,58,58,71,71,71,71],"floor_reached":33,"playtime":1846,"items_purged":["Doubt"],"score":474,"play_id":"b47323e1-2ca7-4b1b-9432-71873d9c4654","local_time":"20190426215235","is_ascension_mode":true,"campfire_choices":[{"data":"Bash","floor":6,"key":"SMITH"},{"floor":11,"key":"REST"},{"data":"Battle Trance","floor":13,"key":"SMITH"},{"data":"Impervious","floor":15,"key":"SMITH"},{"data":"Armaments","floor":23,"key":"SMITH"},{"data":"Shockwave","floor":25,"key":"SMITH"},{"floor":32,"key":"REST"}],"neow_cost":"NONE","seed_source_timestamp":882930107616700,"circlet_count":0,"master_deck":["AscendersBane","Strike_R+1","Strike_R","Strike_R","Defend_R","Defend_R","Defend_R","Defend_R","Bash+1","Battle Trance+1","Flex","Burning Pact","Wild Strike","Evolve","Impervious+1","Fiend Fire","Armaments+1","Shockwave+1","Cleave","Rampage","Wild Strike","Writhe"],"relics":["Black Blood","Regal Pillow","Bottled Lightning","Lantern","Pocketwatch","Mummified Hand"],"potions_floor_usage":[8,16,20,28,33],"damage_taken":[{"damage":6,"enemies":"Cultist","floor":1,"turns":4},{"damage":7,"enemies":"2 Louse","floor":3,"turns":4},{"damage":4,"enemies":"Jaw Worm","floor":4,"turns":4},{"damage":45,"enemies":"Exordium Wildlife","floor":8,"turns":7},{"damage":6,"enemies":"2 Fungi Beasts","floor":14,"turns":4},{"damage":30,"enemies":"Slime Boss","floor":16,"turns":9},{"damage":0,"enemies":"Chosen","floor":18,"turns":2},{"damage":1,"enemies":"2 Thieves","floor":20,"turns":4},{"damage":26,"enemies":"Centurion and Healer","floor":24,"turns":7},{"damage":5,"enemies":"Sentry and Sphere","floor":27,"turns":4},{"damage":24,"enemies":"Snake Plant","floor":28,"turns":4},{"damage":19,"enemies":"Shelled Parasite and Fungi","floor":30,"turns":6},{"damage":93,"enemies":"Automaton","floor":33,"turns":6}],"seed_played":"-4872371409470079403","potions_obtained":[{"floor":1,"key":"Swift Potion"},{"floor":4,"key":"Explosive Potion"},{"floor":8,"key":"Ancient Potion"},{"floor":16,"key":"AttackPotion"},{"floor":24,"key":"Strength Potion"}],"is_trial":false,"path_per_floor":["M","?","M","M","?","R","T","M","T","$","R","$","R","M","R","B",null,"M","?","M","?","?","R","M","R","T","M","M","?","M","?","R","B"],"character_chosen":"IRONCLAD","items_purchased":["Lantern","Evolve"],"campfire_rested":2,"item_purchase_floors":[10,12],"current_hp_per_floor":[68,68,67,69,69,69,69,30,30,30,67,67,67,67,67,43,67,75,75,75,75,75,75,59,59,59,64,50,29,20,20,59,0],"gold":71,"neow_bonus":"THREE_CARDS","is_prod":false,"is_daily":false,"chose_seed":false,"campfire_upgraded":5,"win_rate":0,"timestamp":1556311955,"path_taken":["M","?","M","M","?","R","?","M","T","$","R","$","R","M","R","BOSS","M","?","M","?","?","R","M","R","T","?","M","?","M","?","R","BOSS"],"build_version":"2019-01-23","purchased_purges":1,"victory":false,"max_hp_per_floor":[75,75,75,75,75,75,75,75,75,75,75,75,75,75,75,75,75,75,75,75,75,75,75,75,75,75,75,75,80,80,80,80,80],"card_choices":[{"not_picked":["Flame Barrier","Cleave"],"picked":"Battle Trance","floor":1},{"not_picked":["Reckless Charge","Clash"],"picked":"Flex","floor":3},{"not_picked":["Fire Breathing","Pommel Strike"],"picked":"Burning Pact","floor":4},{"not_picked":["Corruption","Flex"],"picked":"Wild Strike","floor":8},{"not_picked":["Carnage","Inflame"],"picked":"Impervious","floor":14},{"not_picked":["Impervious","Exhume"],"picked":"Fiend Fire","floor":16},{"not_picked":["Perfected Strike","Body Slam+1"],"picked":"Armaments","floor":18},{"not_picked":["Headbutt","Twin Strike"],"picked":"Shockwave","floor":20},{"not_picked":["Infernal Blade","Sword Boomerang"],"picked":"Cleave","floor":24},{"not_picked":["Flex","Clash"],"picked":"Rampage","floor":27},{"not_picked":["True Grit","Hemokinesis","Twin Strike"],"picked":"SKIP","floor":28},{"not_picked":["Havoc","Whirlwind"],"picked":"Wild Strike","floor":30}],"player_experience":418246,"relics_obtained":[{"floor":7,"key":"Regal Pillow"},{"floor":9,"key":"Bottled Lightning"},{"floor":26,"key":"Pocketwatch"}],"event_choices":[{"cards_removed":["Strike_R"],"damage_healed":0,"gold_gain":0,"player_choice":"Forget","damage_taken":0,"max_hp_gain":0,"max_hp_loss":0,"event_name":"Living Wall","floor":2,"gold_loss":0},{"damage_healed":0,"gold_gain":150,"player_choice":"AGREE","damage_taken":0,"max_hp_gain":0,"max_hp_loss":0,"event_name":"Liars Game","floor":5,"gold_loss":0,"cards_obtained":["Doubt"]},{"damage_healed":0,"gold_gain":0,"player_choice":"Ignored","damage_taken":0,"max_hp_gain":0,"max_hp_loss":0,"event_name":"Ghosts","floor":19,"gold_loss":0},{"damage_healed":0,"gold_gain":0,"player_choice":"Ignored","damage_taken":0,"max_hp_gain":0,"max_hp_loss":0,"event_name":"Vampires","floor":21,"gold_loss":0},{"cards_removed":["Strike_R"],"damage_healed":0,"gold_gain":0,"player_choice":"Upgrade and Remove","damage_taken":0,"max_hp_gain":0,"max_hp_loss":0,"event_name":"Designer","floor":22,"gold_loss":110,"cards_upgraded":["Strike_R"]},{"damage_healed":0,"gold_gain":0,"player_choice":"Shed Blood","damage_taken":26,"max_hp_gain":5,"max_hp_loss":0,"event_name":"Forgotten Altar","floor":29,"gold_loss":0},{"damage_healed":0,"gold_gain":0,"player_choice":"Opened","damage_taken":0,"relics_obtained":["Mummified Hand"],"max_hp_gain":0,"max_hp_loss":0,"event_name":"The Mausoleum","floor":31,"gold_loss":0,"cards_obtained":["Writhe"]}],"is_beta":false,"boss_relics":[{"not_picked":["Runic Pyramid","Orrery"],"picked":"Black Blood"}],"items_purged_floors":[10],"is_endless":false,"potions_floor_spawned":[1,4,8,16,24],"killed_by":"Automaton","ascension_level":20}