{"gold_per_floor":[111,36,36,49,67,67,95,95,95,95,73,108,108,18,18,90,90,105,105,105,120,8,8],"floor_reached":23,"playtime":1959,"items_purged":[],"score":394,"play_id":"4cacae2a-5a3e-4a3a-93fc-a81a0cba1c42","local_time":"20190503185508","is_ascension_mode":true,"campfire_choices":[{"data":"Neutralize","floor":6,"key":"SMITH"},{"data":"Envenom","floor":8,"key":"SMITH"},{"floor":13,"key":"REST"},{"floor":15,"key":"REST"}],"neow_cost":"NONE","seed_source_timestamp":189095309006165,"circlet_count":0,"master_deck":["AscendersBane","Defend_G","Defend_G","Defend_G","Defend_G","Defend_G","Strike_G","Strike_G","Strike_G","Survivor","Neutralize+1","Dagger Throw","Quick Slash","Dash","Envenom+1","Backstab","Deadly Poison","Well Laid Plans","PiercingWail","A Thousand Cuts","Dodge and Roll","Dagger Spray","Footwork","Flying Knee"],"relics":["Dodecahedron","Pantograph","Pen Nib","Cursed Key","Enchiridion","Nloth\u0027s Gift"],"potions_floor_usage":[7,7,11,11,18,21,21],"damage_taken":[{"damage":0,"enemies":"2 Louse","floor":1,"turns":3},{"damage":1,"enemies":"Cultist","floor":4,"turns":4},{"damage":7,"enemies":"Small Slimes","floor":5,"turns":4},{"damage":17,"enemies":"3 Sentries","floor":7,"turns":7},{"damage":12,"enemies":"Exordium Thugs","floor":11,"turns":4},{"damage":32,"enemies":"Lagavulin","floor":12,"turns":8},{"damage":30,"enemies":"The Guardian","floor":16,"turns":12},{"damage":4,"enemies":"Chosen","floor":18,"turns":5},{"damage":5,"enemies":"Shell Parasite","floor":21,"turns":6},{"damage":50,"enemies":"Slavers","floor":23,"turns":6}],"seed_played":"391068193894614358","potions_obtained":[{"floor":4,"key":"SteroidPotion"},{"floor":5,"key":"Ancient Potion"},{"floor":10,"key":"Weak Potion"},{"floor":10,"key":"Fruit Juice"},{"floor":12,"key":"Ancient Potion"},{"floor":16,"key":"Weak Potion"},{"floor":18,"key":"LiquidBronze"}],"is_trial":false,"path_per_floor":["M","?","?","M","M","R","E","R","T","?","M","E","R","$","R","B",null,"M","?","?","M","$","E"],"character_chosen":"THE_SILENT","items_purchased":["Well Laid Plans","PiercingWail","Footwork","Flying Knee"],"campfire_rested":2,"item_purchase_floors":[14,14,22,22],"current_hp_per_floor":[65,65,65,64,57,57,40,40,40,40,33,1,24,24,47,42,68,64,43,43,38,38,0],"gold":8,"neow_bonus":"TEN_PERCENT_HP_BONUS","is_prod":false,"is_daily":false,"chose_seed":false,"campfire_upgraded":2,"win_rate":0,"timestamp":1556902508,"path_taken":["M","?","?","M","?","R","E","R","T","?","?","E","R","$","R","BOSS","M","?","?","M","$","E"],"build_version":"2019-01-23","purchased_purges":0,"victory":false,"max_hp_per_floor":[72,72,72,72,72,72,72,72,72,72,77,77,77,77,77,77,77,77,77,77,77,77,77],"card_choices":[{"not_picked":["Outmaneuver","Bane"],"picked":"Dagger Throw","floor":1},{"not_picked":["Cloak And Dagger","Deflect"],"picked":"Quick Slash","floor":4},{"not_picked":["Outmaneuver","Dagger Throw"],"picked":"Dash","floor":5},{"not_picked":["Blade Dance","Escape Plan"],"picked":"Envenom","floor":7},{"not_picked":["Deflect","Dagger Throw"],"picked":"Backstab","floor":11},{"not_picked":["Quick Slash","Accuracy"],"picked":"Deadly Poison","floor":12},{"not_picked":["Glass Knife","Grand Finale"],"picked":"A Thousand Cuts","floor":16},{"not_picked":["Flying Knee","PiercingWail"],"picked":"Dodge and Roll","floor":18},{"not_picked":["Prepared","Underhanded Strike+1"],"picked":"Dagger Spray","floor":21}],"player_experience":1953744,"relics_obtained":[{"floor":7,"key":"Dodecahedron"},{"floor":9,"key":"Pantograph"},{"floor":12,"key":"Pen Nib"},{"floor":19,"key":"Enchiridion"}],"event_choices":[{"cards_removed":["Strike_G"],"damage_healed":0,"gold_gain":0,"player_choice":"Card Removal","damage_taken":0,"max_hp_gain":0,"max_hp_loss":0,"event_name":"The Cleric","floor":2,"gold_loss":75},{"cards_removed":["Strike_G"],"damage_healed":0,"gold_gain":0,"player_choice":"Purged","damage_taken":0,"max_hp_gain":0,"max_hp_loss":0,"event_name":"Purifier","floor":3,"gold_loss":0},{"damage_healed":0,"gold_gain":0,"player_choice":"Got Potions","damage_taken":0,"max_hp_gain":0,"max_hp_loss":0,"event_name":"Lab","floor":10,"gold_loss":0},{"damage_healed":0,"gold_gain":0,"player_choice":"Obtained Book","damage_taken":21,"max_hp_gain":0,"max_hp_loss":0,"event_name":"Cursed Tome","floor":19,"gold_loss":0},{"damage_healed":0,"gold_gain":0,"player_choice":"Traded Relic","damage_taken":0,"relics_obtained":["Nloth\u0027s Gift"],"max_hp_gain":0,"max_hp_loss":0,"event_name":"N\u0027loth","floor":20,"relics_lost":["Ring of the Snake"],"gold_loss":0}],"is_beta":false,"boss_relics":[{"not_picked":["White Beast Statue","Runic Pyramid"],"picked":"Cursed Key"}],"items_purged_floors":[],"is_endless":false,"potions_floor_spawned":[4,5,12,16,18],"killed_by":"Slavers","ascension_level":20}