{"gold_per_floor":[119,137,157,174,135,135,161,161,161,15,32,32,66,81,81,176,176,187,187,198,208,208,208,222,237,237,237],"floor_reached":27,"playtime":2703,"items_purged":[],"score":227,"play_id":"b42c27c3-54fb-4641-bc4f-cbe2899fda65","local_time":"20190504223013","daily_mods":["Draft"],"is_ascension_mode":false,"campfire_choices":[{"data":"Hologram","floor":6.0,"key":"SMITH"},{"data":"Capacitor","floor":8,"key":"SMITH"},{"data":"Loop","floor":12,"key":"SMITH"},{"data":"Conserve Battery","floor":15,"key":"SMITH"},{"floor":23,"key":"REST"}],"neow_cost":"","seed_source_timestamp":0,"circlet_count":0,"master_deck":["Coolheaded","Hologram+1","Redo","Ball Lightning","Leap","Leap","Loop+1","Rebound","Capacitor+1","Ball Lightning","Auto Shields","Storm","Conserve Battery+1","Hologram","Streamline","Genetic Algorithm","Genetic Algorithm","Redo","Genetic Algorithm","Loop","Barrage","Seek","Steam Power","Doom and Gloom","Echo Form+1","Capacitor+1","Loop","Conserve Battery+1"],"special_seed":0,"relics":["Cracked Core","Cables","Question Card","Mummified Hand","Velvet Choker","Torii"],"potions_floor_usage":[7,27],"damage_taken":[{"damage":3.0,"enemies":"2 Louse","floor":1.0,"turns":3.0},{"damage":0.0,"enemies":"Cultist","floor":2.0,"turns":3.0},{"damage":0.0,"enemies":"Small Slimes","floor":3.0,"turns":3.0},{"damage":2.0,"enemies":"Blue Slaver","floor":4.0,"turns":4.0},{"damage":10,"enemies":"Gremlin Nob","floor":7,"turns":3},{"damage":0,"enemies":"2 Fungi Beasts","floor":11,"turns":3},{"damage":10,"enemies":"Lagavulin","floor":13,"turns":6},{"damage":1,"enemies":"Looter","floor":14,"turns":3},{"damage":20,"enemies":"The Guardian","floor":16,"turns":8},{"damage":17,"enemies":"2 Thieves","floor":18,"turns":4},{"damage":0,"enemies":"Shell Parasite","floor":20,"turns":4},{"damage":27,"enemies":"Centurion and Healer","floor":21,"turns":9},{"damage":3,"enemies":"Snecko","floor":24,"turns":4},{"damage":7,"enemies":"Cultist and Chosen","floor":25,"turns":6},{"damage":31,"enemies":"Gremlin Leader","floor":27,"turns":5}],"seed_played":"-1613318988221853753","potions_obtained":[{"floor":3.0,"key":"Weak Potion"},{"floor":7,"key":"Ancient Potion"},{"floor":11,"key":"Fire Potion"},{"floor":13,"key":"LiquidBronze"},{"floor":16,"key":"SpeedPotion"}],"is_trial":true,"path_per_floor":["M","M","M","M","$","R","E","R","T","$","M","R","E","M","R","B",null,"M","?","M","M","?","R","M","M","T","E"],"character_chosen":"DEFECT","items_purchased":["Loop","Seek"],"campfire_rested":1,"item_purchase_floors":[5,10],"current_hp_per_floor":[72,72,72,70,70,70,60,60,60,60,60,60,50,49,49,29,75,58,44,44,17,17,41,38,31,31,0],"gold":237,"neow_bonus":"","is_prod":false,"is_daily":false,"chose_seed":false,"campfire_upgraded":4,"win_rate":0,"timestamp":1557001813,"path_taken":["M","M","M","M","$","R","E","R","T","$","M","R","E","M","R","BOSS","M","?","M","M","?","R","?","M","T","E"],"build_version":"2019-01-23","purchased_purges":0,"victory":false,"max_hp_per_floor":[75,75,75,75,75,75,75,75,75,75,75,75,75,75,75,75,75,75,80,80,80,80,80,80,80,80,80],"card_choices":[{"not_picked":["Sweeping Beam","Turbo"],"picked":"Coolheaded","floor":0.0},{"not_picked":["Recycle","Tempest"],"picked":"Hologram","floor":0.0},{"not_picked":["Sweeping Beam","Sunder"],"picked":"Redo","floor":0.0},{"not_picked":["Sweeping Beam","Streamline"],"picked":"Ball Lightning","floor":0.0},{"not_picked":["Fusion","Compile Driver"],"picked":"Leap","floor":0.0},{"not_picked":["Barrage","Cold Snap"],"picked":"Leap","floor":0.0},{"not_picked":["Beam Cell","Cold Snap"],"picked":"Loop","floor":0.0},{"not_picked":["Steam","Rip and Tear"],"picked":"Rebound","floor":0.0},{"not_picked":["Steam","Compile Driver"],"picked":"Capacitor","floor":0.0},{"not_picked":["White Noise","Cold Snap"],"picked":"Ball Lightning","floor":0.0},{"not_picked":["Rebound","Force Field"],"picked":"Auto Shields","floor":0.0},{"not_picked":["Rebound","White Noise"],"picked":"Storm","floor":0.0},{"not_picked":["Loop","Leap"],"picked":"Conserve Battery","floor":0.0},{"not_picked":["Steam","Double Energy"],"picked":"Hologram","floor":0.0},{"not_picked":["Stack","White Noise"],"picked":"Streamline","floor":0.0},{"not_picked":["Leap","Cold Snap"],"picked":"Genetic Algorithm","floor":1.0},{"not_picked":["Ball Lightning","Steam"],"picked":"Genetic Algorithm","floor":2.0},{"not_picked":["Ball Lightning","Recycle"],"picked":"Redo","floor":3.0},{"not_picked":["Stack","Leap"],"picked":"Genetic Algorithm","floor":4.0},{"not_picked":["Coolheaded","Reprogram"],"picked":"Barrage","floor":7},{"not_picked":["Steam","Compile Driver","Hello World"],"picked":"Steam Power","floor":11},{"not_picked":["Reprogram","Double Energy","Glacier"],"picked":"Doom and Gloom","floor":13},{"not_picked":["Recycle","Redo","Leap","Meteor Strike"],"picked":"SKIP","floor":14},{"not_picked":["Rainbow","Thunder Strike","All For One"],"picked":"Echo Form","floor":16},{"not_picked":["Redo","Rip and Tear+1","Steam","Ball Lightning+1"],"picked":"SKIP","floor":18},{"not_picked":["Fusion","Hologram+1","Rebound"],"picked":"Capacitor+1","floor":20},{"not_picked":["Turbo","Gash","Darkness"],"picked":"Loop","floor":21},{"not_picked":["Hyperbeam","Reprogram+1","Genetic Algorithm+1"],"picked":"Conserve Battery+1","floor":24},{"not_picked":["Coolheaded+1","Cold Snap","Redo","Compile Driver"],"picked":"SKIP","floor":25}],"player_experience":176539,"relics_obtained":[{"floor":7,"key":"Cables"},{"floor":9,"key":"Question Card"},{"floor":13,"key":"Mummified Hand"},{"floor":26,"key":"Torii"}],"event_choices":[{"damage_healed":0,"gold_gain":0,"player_choice":"Shed Blood","damage_taken":19,"max_hp_gain":5,"max_hp_loss":0,"event_name":"Forgotten Altar","floor":19,"gold_loss":0},{"damage_healed":0,"gold_gain":0,"player_choice":"Forge","damage_taken":0,"max_hp_gain":0,"max_hp_loss":0,"event_name":"Accursed Blacksmith","floor":22,"gold_loss":0,"cards_upgraded":["Echo Form"]}],"is_beta":false,"boss_relics":[{"not_picked":["Calling Bell","Busted Crown"],"picked":"Velvet Choker"}],"items_purged_floors":[],"is_endless":false,"potions_floor_spawned":[3,7,11,13,16,18,25],"killed_by":"Gremlin Leader","ascension_level":0}