{"gold_per_floor":[115,115,1,76,94,125,145,31,57,57,68,101,114,125,125,230,230,247,262,262,262,2,2,31,41,65,80,80,80,80,92,92,92],"floor_reached":33,"playtime":2010,"items_purged":[],"score":277,"play_id":"e66d8e53-bf18-40d6-8edf-d7c0a6899a65","local_time":"20180815211428","is_ascension_mode":false,"campfire_choices":[{"floor":10,"key":"REST"},{"floor":15,"key":"REST"},{"floor":23,"key":"REST"},{"floor":29,"key":"REST"},{"floor":32,"key":"REST"}],"neow_cost":"","seed_source_timestamp":117093929929209,"circlet_count":0,"master_deck":["Strike_R","Strike_R","Strike_R","Strike_R","Strike_R","Defend_R+1","Defend_R","Defend_R","Defend_R+1","Bash","Cleave","Juggernaut","Perfected Strike","Thunderclap","Carnage+1","Rage","Dual Wield","Metallicize","Whirlwind","Berserk","Pommel Strike","Searing Blow","Barricade","Headbutt+1","Headbutt","Shrug It Off","Pommel Strike","Uppercut","Iron Wave+1","Body Slam+1","Feed"],"relics":["Burning Blood","Boot","War Paint","Anchor","Oddly Smooth Stone","Sozu","Bag of Marbles","Vajra","Bag of Preparation","Darkstone Periapt"],"potions_floor_usage":[16,16,16],"damage_taken":[{"damage":6,"enemies":"Cultist","floor":1,"turns":3},{"damage":11,"enemies":"Jaw Worm","floor":5,"turns":2},{"damage":32,"enemies":"Gremlin Nob","floor":6,"turns":5},{"damage":0,"enemies":"2 Louse","floor":7,"turns":2},{"damage":3,"enemies":"Lots of Slimes","floor":11,"turns":3},{"damage":24,"enemies":"3 Sentries","floor":12,"turns":6},{"damage":18,"enemies":"Gremlin Gang","floor":13,"turns":3},{"damage":9,"enemies":"Exordium Wildlife","floor":14,"turns":3},{"damage":74,"enemies":"The Guardian","floor":16,"turns":10},{"damage":21,"enemies":"2 Thieves","floor":18,"turns":4},{"damage":23,"enemies":"Spheric Guardian","floor":19,"turns":5},{"damage":57,"enemies":"Book of Stabbing","floor":24,"turns":4},{"damage":8,"enemies":"Snake Plant","floor":25,"turns":3},{"damage":12,"enemies":"Centurion and Healer","floor":27,"turns":11},{"damage":3,"enemies":"Cultist and Chosen","floor":31,"turns":6},{"damage":71,"enemies":"Champ","floor":33,"turns":9}],"seed_played":"-4130068032136805313","potions_obtained":[{"floor":7,"key":"FearPotion"},{"floor":11,"key":"Regen Potion"},{"floor":12,"key":"SpeedPotion"},{"floor":13,"key":"Block Potion"}],"is_trial":false,"path_per_floor":["M","T","$","?","M","E","M","$","T","R","M","E","M","M","R","B",null,"M","M","?","?","$","R","E","M","T","M","T","R","?","M","R"],"character_chosen":"IRONCLAD","items_purchased":["Juggernaut","Perfected Strike","Dual Wield","Metallicize","Bag of Marbles","Shrug It Off","Pommel Strike"],"campfire_rested":5,"item_purchase_floors":[3,3,8,8,22,22,22],"current_hp_per_floor":[80,80,80,72,67,41,47,47,47,71,74,56,44,41,65,12,80,65,48,48,48,48,72,21,19,19,13,13,37,37,40,64,0],"gold":92,"neow_bonus":"","is_prod":false,"is_daily":false,"chose_seed":false,"campfire_upgraded":0,"win_rate":0.0,"timestamp":1534392868,"path_taken":["M","?","$","?","M","E","M","$","T","R","?","E","M","M","R","BOSS","M","?","?","?","$","R","E","?","T","M","?","R","?","M","R","BOSS"],"build_version":"2018-08-09","purchased_purges":0,"victory":false,"max_hp_per_floor":[80,80,80,80,80,80,80,80,80,80,80,80,80,80,80,80,80,80,80,80,80,80,80,80,80,80,80,80,80,80,80,80,80],"card_choices":[{"not_picked":["Pommel Strike","Twin Strike"],"picked":"Cleave","floor":1},{"not_picked":["Perfected Strike","Warcry"],"picked":"Thunderclap","floor":5},{"not_picked":["Ghostly Armor","Seeing Red"],"picked":"Carnage","floor":6},{"not_picked":["Pummel","Warcry"],"picked":"Rage","floor":7},{"not_picked":["True Grit","Perfected Strike"],"picked":"Whirlwind","floor":11},{"not_picked":["Carnage","Headbutt"],"picked":"Berserk","floor":12},{"not_picked":["Second Wind","Bloodletting"],"picked":"Pommel Strike","floor":13},{"not_picked":["Body Slam","Sword Boomerang"],"picked":"Searing Blow","floor":14},{"not_picked":["Brutality","Berserk"],"picked":"Barricade","floor":16},{"not_picked":["Rampage","Sword Boomerang+1"],"picked":"Headbutt+1","floor":18},{"not_picked":["Anger","Armaments"],"picked":"Headbutt","floor":19},{"not_picked":["Thunderclap","Armaments+1"],"picked":"Uppercut","floor":24},{"not_picked":["Flex","Thunderclap"],"picked":"Iron Wave+1","floor":25},{"not_picked":["Warcry+1","Perfected Strike"],"picked":"Body Slam+1","floor":27},{"not_picked":["Dual Wield","Fire Breathing+1"],"picked":"Feed","floor":31}],"player_experience":5107,"relics_obtained":[{"floor":2,"key":"Boot"},{"floor":6,"key":"War Paint"},{"floor":9,"key":"Anchor"},{"floor":12,"key":"Oddly Smooth Stone"},{"floor":24,"key":"Vajra"},{"floor":26,"key":"Bag of Preparation"},{"floor":28,"key":"Darkstone Periapt"}],"event_choices":[{"event_name":"FaceTrader","player_choice":"Touch","floor":4,"damage_taken":0},{"event_name":"Ghosts","player_choice":"Ignored","floor":20,"damage_taken":0},{"event_name":"Upgrade Shrine","player_choice":"Upgraded","floor":21,"damage_taken":0},{"event_name":"Addict","player_choice":"Ignored","floor":30,"damage_taken":0}],"is_beta":false,"boss_relics":[{"not_picked":["Runic Dome","Cursed Key"],"picked":"Sozu"}],"items_purged_floors":[],"is_endless":false,"potions_floor_spawned":[7,11,12,13,14,18,24,31],"killed_by":"Champ","ascension_level":0}