{"gold_per_floor":[112,112,128,203,223,223,258,270,337,367,419,455,505,517,529,637,649,681,693,705,24,47,47,82,96,96,116,116,132,132,167,167,167],"floor_reached":33,"playtime":2284,"items_purged":["Sucker Punch"],"score":578,"play_id":"702204fb-68fe-4b05-9bf1-494ef037df0a","local_time":"20190505004716","daily_mods":["Draft"],"is_ascension_mode":true,"campfire_choices":[{"data":"Dagger Spray","floor":6,"key":"SMITH"},{"floor":8,"key":"REST"},{"floor":15,"key":"REST"},{"data":"Adrenaline","floor":23,"key":"SMITH"},{"floor":28,"key":"REST"},{"floor":30,"key":"REST"},{"data":"Well Laid Plans","floor":32,"key":"SMITH"}],"neow_cost":"","seed_source_timestamp":0,"circlet_count":0,"master_deck":["AscendersBane","Well Laid Plans+1","Dagger Spray+1","Footwork","Endless Agony","Blur","Dagger Throw","Sucker Punch","Flying Knee","Cloak And Dagger","Escape Plan","Dagger Throw","Poisoned Stab","Backflip","Quick Slash","Reflex","Dodge and Roll","Crippling Poison+1","Adrenaline+1","Footwork","Dark Shackles","Deadly Poison","Deadly Poison","Regret","Backflip+1","Dodge and Roll+1"],"relics":["Ring of the Snake","Golden Idol","MawBank","PreservedInsect","Darkstone Periapt","Regal Pillow","Cursed Key","Prayer Wheel","Happy Flower","Potion Belt","Toxic Egg 2","Unceasing Top"],"potions_floor_usage":[7,10,16,18,27,29,31],"damage_taken":[{"damage":12,"enemies":"Small Slimes","floor":1,"turns":2},{"damage":9,"enemies":"Jaw Worm","floor":3,"turns":2},{"damage":0,"enemies":"2 Louse","floor":5,"turns":2},{"damage":0,"enemies":"Gremlin Nob","floor":7,"turns":2},{"damage":0,"enemies":"Gremlin Gang","floor":10,"turns":2},{"damage":5,"enemies":"3 Sentries","floor":11,"turns":4},{"damage":4,"enemies":"2 Fungi Beasts","floor":12,"turns":3},{"damage":6,"enemies":"Gremlin Nob","floor":13,"turns":3},{"damage":34,"enemies":"Slime Boss","floor":16,"turns":9},{"damage":2,"enemies":"Spheric Guardian","floor":18,"turns":4},{"damage":7,"enemies":"2 Thieves","floor":22,"turns":4},{"damage":19,"enemies":"Book of Stabbing","floor":24,"turns":5},{"damage":0,"enemies":"Cultist and Chosen","floor":25,"turns":6},{"damage":22,"enemies":"Sentry and Sphere","floor":27,"turns":6},{"damage":3,"enemies":"Shelled Parasite and Fungi","floor":29,"turns":4},{"damage":13,"enemies":"Slavers","floor":31,"turns":3},{"damage":54,"enemies":"Champ","floor":33,"turns":13}],"seed_played":"-461154531532084186","potions_obtained":[{"floor":1,"key":"FearPotion"},{"floor":7,"key":"Strength Potion"},{"floor":13,"key":"SkillPotion"},{"floor":16,"key":"Ancient Potion"},{"floor":22,"key":"AttackPotion"},{"floor":24,"key":"Block Potion"},{"floor":29,"key":"Energy Potion"}],"is_trial":true,"path_per_floor":["M","?","M","?","M","R","E","R","T","M","E","M","E","?","R","B",null,"M","?","?","$","M","R","E","M","T","M","R","M","R","E","R","B"],"character_chosen":"THE_SILENT","items_purchased":["Prayer Wheel","Happy Flower","Footwork","Dark Shackles"],"campfire_rested":4,"item_purchase_floors":[21,21,21,21],"current_hp_per_floor":[47,47,38,27,27,27,27,45,45,45,40,36,30,25,58,24,51,49,49,49,49,42,42,23,23,29,7,41,38,66,53,53,0],"gold":167,"neow_bonus":"","is_prod":false,"is_daily":false,"chose_seed":false,"campfire_upgraded":3,"win_rate":0,"timestamp":1557031636,"path_taken":["M","?","M","?","M","R","E","R","T","M","E","M","E","?","R","BOSS","M","?","?","$","M","R","E","?","T","M","R","M","R","E","R","BOSS"],"build_version":"2019-01-23","purchased_purges":1,"victory":false,"max_hp_per_floor":[66,60,60,60,60,60,60,60,60,60,60,60,60,60,60,60,60,60,60,60,60,60,60,60,60,66,66,66,66,66,66,66,66],"card_choices":[{"not_picked":["Footwork","Deadly Poison"],"picked":"Well Laid Plans","floor":0},{"not_picked":["Dodge and Roll","Caltrops"],"picked":"Sucker Punch","floor":0},{"not_picked":["Dodge and Roll","Acrobatics"],"picked":"Dagger Spray","floor":0},{"not_picked":["Underhanded Strike","Catalyst"],"picked":"Footwork","floor":0},{"not_picked":["PiercingWail","Dagger Spray"],"picked":"Endless Agony","floor":0},{"not_picked":["Well Laid Plans","Backflip"],"picked":"Blur","floor":0},{"not_picked":["Slice","Bouncing Flask"],"picked":"Dagger Throw","floor":0},{"not_picked":["Predator","Deflect"],"picked":"Sucker Punch","floor":0},{"not_picked":["Acrobatics","Leg Sweep"],"picked":"Flying Knee","floor":0},{"not_picked":["Dagger Throw","Outmaneuver"],"picked":"Cloak And Dagger","floor":0},{"not_picked":["Blur","Backflip"],"picked":"Escape Plan","floor":0},{"not_picked":["Bane","Calculated Gamble"],"picked":"Dagger Throw","floor":0},{"not_picked":["Sucker Punch","Infinite Blades"],"picked":"Poisoned Stab","floor":0},{"not_picked":["Acrobatics","Sucker Punch"],"picked":"Backflip","floor":0},{"not_picked":["Acrobatics","Prepared"],"picked":"Quick Slash","floor":0},{"not_picked":["Accuracy","Dagger Spray","Endless Agony"],"picked":"SKIP","floor":1},{"not_picked":["Dodge and Roll","Expertise"],"picked":"Reflex","floor":3},{"not_picked":["Masterful Stab","Sucker Punch","Quick Slash"],"picked":"SKIP","floor":5},{"not_picked":["Dagger Spray","Bane","Caltrops"],"picked":"SKIP","floor":7},{"not_picked":["Dagger Spray","Bane"],"picked":"Dodge and Roll","floor":10},{"not_picked":["Bullet Time","Dodge and Roll"],"picked":"Crippling Poison","floor":11},{"not_picked":["Acrobatics","Blade Dance","Finisher"],"picked":"SKIP","floor":12},{"not_picked":["Accuracy","Predator","All Out Attack"],"picked":"SKIP","floor":13},{"not_picked":["Unload","Phantasmal Killer"],"picked":"Adrenaline","floor":16},{"not_picked":["Distraction+1","Underhanded Strike","Calculated Gamble"],"picked":"SKIP","floor":18},{"not_picked":["Bouncing Flask","Prepared+1"],"picked":"Deadly Poison","floor":22},{"not_picked":["Quick Slash+1","Dagger Spray+1","Bane"],"picked":"SKIP","floor":22},{"not_picked":["Glass Knife","Riddle With Holes","Flechettes"],"picked":"SKIP","floor":24},{"not_picked":["Underhanded Strike","Outmaneuver"],"picked":"Deadly Poison","floor":25},{"not_picked":["Dash","Quick Slash","Dagger Spray+1"],"picked":"SKIP","floor":25},{"not_picked":["Prepared+1","Blade Dance+1"],"picked":"Backflip+1","floor":27},{"not_picked":["Poisoned Stab","Underhanded Strike","Outmaneuver+1"],"picked":"SKIP","floor":27},{"not_picked":["Predator","Flying Knee"],"picked":"Dodge and Roll+1","floor":29},{"not_picked":["Endless Agony","Envenom","Flying Knee"],"picked":"SKIP","floor":29},{"not_picked":["Bane","Terror+1","Backstab"],"picked":"SKIP","floor":31}],"player_experience":908662,"relics_obtained":[{"floor":7,"key":"MawBank"},{"floor":9,"key":"PreservedInsect"},{"floor":11,"key":"Darkstone Periapt"},{"floor":13,"key":"Regal Pillow"},{"floor":24,"key":"Potion Belt"},{"floor":26,"key":"Toxic Egg 2"},{"floor":31,"key":"Unceasing Top"}],"event_choices":[{"damage_healed":0,"gold_gain":0,"player_choice":"Lose Max HP","damage_taken":0,"relics_obtained":["Golden Idol"],"max_hp_gain":0,"max_hp_loss":6,"event_name":"Golden Idol","floor":2,"gold_loss":0},{"damage_healed":0,"gold_gain":75,"player_choice":"Gather Gold","damage_taken":11,"max_hp_gain":0,"max_hp_loss":0,"event_name":"World of Goop","floor":4,"gold_loss":0},{"damage_healed":0,"gold_gain":0,"player_choice":"Fled","damage_taken":5,"max_hp_gain":0,"max_hp_loss":0,"event_name":"Scrap Ooze","floor":14,"gold_loss":0},{"damage_healed":0,"gold_gain":0,"player_choice":"Ignored","damage_taken":0,"max_hp_gain":0,"max_hp_loss":0,"event_name":"Vampires","floor":19,"gold_loss":0},{"damage_healed":0,"gold_gain":0,"player_choice":"Upgraded","damage_taken":0,"max_hp_gain":0,"max_hp_loss":0,"event_name":"Upgrade Shrine","floor":20,"gold_loss":0,"cards_upgraded":["Crippling Poison"]}],"is_beta":false,"boss_relics":[{"not_picked":["Coffee Dripper","Fusion Hammer"],"picked":"Cursed Key"}],"items_purged_floors":[21],"is_endless":false,"potions_floor_spawned":[1,7,13,16,22,24,29],"killed_by":"Champ","ascension_level":15}