{"gold_per_floor":[109,123,17,37,37,37,2,2,75,86,86,96,124,0,0,99,99,80,4,19,37,37],"floor_reached":22,"playtime":1004,"items_purged":[],"score":186,"play_id":"50169a07-6f27-4365-a73f-159f0a74ec37","local_time":"20180826151142","is_ascension_mode":false,"campfire_choices":[{"data":"Chaos","floor":6.0,"key":"SMITH"},{"data":"Zap","floor":8.0,"key":"SMITH"},{"data":"Loop","floor":11.0,"key":"SMITH"},{"floor":15.0,"key":"REST"}],"neow_cost":"","seed_source_timestamp":0,"circlet_count":0,"master_deck":["Strike_B","Strike_B","Strike_B","Strike_B","Defend_B","Defend_B","Defend_B","Defend_B","Zap+1","Leap","Chaos+1","BootSequence","Loop+1","Sweeping Beam","Coolheaded","Beam Cell","BootSequence","Glacier","Capacitor","Steam","Fission","Gash","Rebound","Gash","Beam Cell+1"],"special_seed":0,"relics":["Cracked Core","Gremlin Horn","Matryoshka","Velvet Choker"],"potions_floor_usage":[],"damage_taken":[{"damage":0.0,"enemies":"Cultist","floor":1.0,"turns":3.0},{"damage":0.0,"enemies":"2 Louse","floor":2.0,"turns":3.0},{"damage":0.0,"enemies":"Small Slimes","floor":4.0,"turns":4.0},{"damage":0.0,"enemies":"Exordium Wildlife","floor":10.0,"turns":3.0},{"damage":0.0,"enemies":"Looter","floor":12.0,"turns":3.0},{"damage":49.0,"enemies":"Gremlin Nob","floor":13.0,"turns":5.0},{"damage":25.0,"enemies":"Slime Boss","floor":16.0,"turns":11.0},{"damage":8.0,"enemies":"2 Thieves","floor":18.0,"turns":5.0},{"damage":29.0,"enemies":"Chosen","floor":20.0,"turns":9.0},{"damage":18,"enemies":"Snecko","floor":21,"turns":5},{"damage":26,"enemies":"Chosen and Byrds","floor":22,"turns":8}],"seed_played":"-5150055555911922640","potions_obtained":[{"floor":2.0,"key":"FocusPotion"},{"floor":10.0,"key":"Swift Potion"},{"floor":16.0,"key":"Dexterity Potion"},{"floor":21,"key":"Explosive Potion"}],"is_trial":false,"path_per_floor":["M","M","$","M","?","R","?","R","T","M","R","M","E","$","R","B",null,"M","$","M","M"],"character_chosen":"DEFECT","items_purchased":["BootSequence","Loop","Capacitor","Steam","AttackPotion","Rebound"],"campfire_rested":1,"item_purchase_floors":[3,3,14,14,19,19],"current_hp_per_floor":[75,75,75,75,75,75,75,75,75,75,75,75,26,26,48,23,75,67,67,38,20,0],"gold":37,"neow_bonus":"","is_prod":false,"is_daily":false,"chose_seed":false,"campfire_upgraded":3,"win_rate":0,"timestamp":1535321502,"path_taken":["M","M","$","?","?","R","?","R","T","?","R","M","E","$","R","BOSS","M","$","M","M","M"],"build_version":"2018-08-23v2","purchased_purges":0,"victory":false,"max_hp_per_floor":[75,75,75,75,75,75,75,75,75,75,75,75,75,75,75,75,75,75,75,75,75,75],"card_choices":[{"not_picked":["Coolheaded","Fusion"],"picked":"Leap","floor":1.0},{"not_picked":["Force Field","Steam"],"picked":"Chaos","floor":2.0},{"not_picked":["Aggregate","Stack"],"picked":"Sweeping Beam","floor":4.0},{"not_picked":["Fusion","Heatsinks"],"picked":"Beam Cell","floor":10.0},{"not_picked":["Barrage","Cold Snap"],"picked":"BootSequence","floor":12.0},{"not_picked":["Hologram","Undo"],"picked":"Glacier","floor":13.0},{"not_picked":["Echo Form","Machine Learning"],"picked":"Fission","floor":16.0},{"not_picked":["Rip and Tear","Cold Snap+1"],"picked":"Gash","floor":18.0},{"not_picked":["Coolheaded","Force Field"],"picked":"Gash","floor":20},{"not_picked":["Chaos","Undo"],"picked":"Beam Cell+1","floor":21}],"player_experience":40540,"relics_obtained":[{"floor":9.0,"key":"Gremlin Horn"},{"floor":13.0,"key":"Matryoshka"}],"event_choices":[{"event_name":"Transmorgrifier","player_choice":"Transform","floor":5.0,"damage_taken":0.0},{"event_name":"The Cleric","player_choice":"Healed","floor":7.0,"damage_taken":0.0}],"is_beta":false,"boss_relics":[{"not_picked":["Eternal Feather","Calling Bell"],"picked":"Velvet Choker"}],"items_purged_floors":[],"is_endless":false,"potions_floor_spawned":[2,10,16,18,21],"killed_by":"Chosen and Byrds","ascension_level":0}