{"gold_per_floor":[109,38,38,38,38,48,48,102,102,122,137,137,170,170,170,275,275,261,274,274,274,294,294,321,321,346,446,472,492,505,521,521,617,617,628,628,639,285,295,295,295,312,312,312,323,323,80,93,93,93],"floor_reached":50,"playtime":4567,"items_purged":[],"score":512,"play_id":"190a2444-0500-4827-8c6b-afbfa203041a","local_time":"20181208110054","is_ascension_mode":false,"campfire_choices":[{"floor":7.0,"key":"REST"},{"floor":12,"key":"REST"},{"data":"After Image","floor":15,"key":"SMITH"},{"floor":23,"key":"REST"},{"floor":25,"key":"REST"},{"data":"Bouncing Flask","floor":32,"key":"SMITH"},{"floor":40,"key":"REST"},{"floor":46,"key":"REST"},{"data":"Noxious Fumes","floor":49,"key":"SMITH"}],"neow_cost":"PERCENT_DAMAGE","seed_source_timestamp":0,"circlet_count":0,"master_deck":["Defend_G","Defend_G","Defend_G+1","Defend_G","Survivor","Neutralize+1","Slice","Noxious Fumes+1","Night Terror","Bane","Deadly Poison","Bouncing Flask+1","After Image+1","Unload","PiercingWail","Leg Sweep","Bite","Bite","Bite","Bite","Bite","Dagger Spray+1","Slice","Bane","Cloak And Dagger","Bane","Dagger Throw+1","Distraction+1","Dash","Dagger Spray+1","Masterful Stab+1"],"special_seed":0,"relics":["Ring of the Snake","Tiny Chest","Paper Crane","Omamori","Shuriken","Busted Crown","Nilry\u0027s Codex","Bottled Flame","Juzu Bracelet","The Specimen","Pear","Anchor","Runic Pyramid","Toxic Egg 2","Pocketwatch","Molten Egg 2","Bottled Lightning"],"potions_floor_usage":[27,27,50],"damage_taken":[{"damage":1.0,"enemies":"Cultist","floor":1.0,"turns":4.0},{"damage":9.0,"enemies":"Jaw Worm","floor":6.0,"turns":4.0},{"damage":10.0,"enemies":"Small Slimes","floor":10.0,"turns":3.0},{"damage":0,"enemies":"Blue Slaver","floor":11,"turns":3},{"damage":5,"enemies":"Lagavulin","floor":13,"turns":5},{"damage":23,"enemies":"The Guardian","floor":16,"turns":8},{"damage":8,"enemies":"2 Thieves","floor":18,"turns":4},{"damage":14,"enemies":"Spheric Guardian","floor":19,"turns":4},{"damage":15,"enemies":"Snecko","floor":22,"turns":5},{"damage":34,"enemies":"Slavers","floor":24,"turns":5},{"damage":10,"enemies":"Colosseum Slavers","floor":27,"turns":5},{"damage":14,"enemies":"Colosseum Nobs","floor":27,"turns":4},{"damage":5,"enemies":"Snake Plant","floor":29,"turns":4},{"damage":4,"enemies":"Centurion and Healer","floor":30,"turns":6},{"damage":14,"enemies":"Snecko","floor":31,"turns":5},{"damage":50,"enemies":"Automaton","floor":33,"turns":9},{"damage":2,"enemies":"3 Shapes","floor":35,"turns":3},{"damage":5,"enemies":"3 Darklings","floor":37,"turns":6},{"damage":36,"enemies":"Spire Growth","floor":39,"turns":6},{"damage":14,"enemies":"Jaw Worm Horde","floor":42,"turns":4},{"damage":28,"enemies":"Transient","floor":45,"turns":5},{"damage":4,"enemies":"Sphere and 2 Shapes","floor":48,"turns":5},{"damage":58,"enemies":"Donu and Deca","floor":50,"turns":6}],"seed_played":"8737718961376207433","potions_obtained":[{"floor":6.0,"key":"Weak Potion"},{"floor":22,"key":"Explosive Potion"},{"floor":24,"key":"Weak Potion"},{"floor":27,"key":"GamblersBrew"},{"floor":33,"key":"SkillPotion"},{"floor":35,"key":"LiquidBronze"}],"is_trial":false,"path_per_floor":["M","$","?","?","$","M","R","T","T","M","M","R","E","T","R","B",null,"M","M","?","?","M","R","E","R","T","?","T","M","M","M","R","B",null,"M","?","M","$","M","R","T","M","T","?","M","R","$","M","R","B"],"character_chosen":"THE_SILENT","items_purchased":["Noxious Fumes","Toxic Egg 2","Distraction+1","Dash","Bottled Lightning"],"campfire_rested":6,"item_purchase_floors":[2,38,38,38,47],"current_hp_per_floor":[62,62,45,45,45,36,61,61,61,51,51,76,71,71,71,48,84,76,62,58,42,41,58,32,49,49,49,49,54,62,60,60,26,68,68,68,65,65,32,52,52,46,46,46,26,46,46,50,50,0],"gold":93,"neow_bonus":"TWENTY_PERCENT_HP_BONUS","is_prod":false,"is_daily":false,"chose_seed":false,"campfire_upgraded":3,"win_rate":0.0,"timestamp":1544295654,"path_taken":["M","?","?","?","?","?","R","?","T","?","M","R","E","?","R","BOSS","M","M","?","?","?","R","E","R","T","?","?","M","M","M","R","BOSS","M","?","M","$","M","R","?","M","T","?","M","R","$","M","R","BOSS"],"build_version":"2018-12-06","purchased_purges":0,"victory":false,"max_hp_per_floor":[84,84,84,84,84,84,84,84,84,84,84,84,84,84,84,84,84,84,84,58,58,58,58,58,58,58,68,68,68,68,68,68,68,68,68,68,68,68,68,68,68,68,68,68,68,68,68,68,68,68],"card_choices":[{"not_picked":["Underhanded Strike","Sucker Punch"],"picked":"Slice","floor":1.0},{"not_picked":["Concentrate","Deadly Poison"],"picked":"Bane","floor":6.0},{"not_picked":["Dodge and Roll","Prepared"],"picked":"Deadly Poison","floor":10.0},{"not_picked":["Poisoned Stab","Distraction"],"picked":"Bouncing Flask","floor":11},{"not_picked":["Sucker Punch","Blade Dance"],"picked":"After Image","floor":13},{"not_picked":["Grand Finale","Wraith Form v2"],"picked":"Unload","floor":16},{"not_picked":[],"picked":"PiercingWail","floor":18},{"not_picked":[],"picked":"Leg Sweep","floor":19},{"not_picked":[],"picked":"Dagger Spray+1","floor":22},{"not_picked":[],"picked":"Slice","floor":24},{"not_picked":[],"picked":"Bane","floor":27},{"not_picked":["Underhanded Strike"],"picked":"SKIP","floor":29},{"not_picked":[],"picked":"Cloak And Dagger","floor":30},{"not_picked":[],"picked":"Bane","floor":31},{"not_picked":["Backflip"],"picked":"SKIP","floor":35},{"not_picked":[],"picked":"Dagger Throw+1","floor":37},{"not_picked":["Prepared+1"],"picked":"SKIP","floor":39},{"not_picked":[],"picked":"Dagger Spray+1","floor":42},{"not_picked":["Reflex+1"],"picked":"SKIP","floor":45},{"not_picked":[],"picked":"Masterful Stab+1","floor":48}],"player_experience":158071,"relics_obtained":[{"floor":8.0,"key":"Tiny Chest"},{"floor":9.0,"key":"Paper Crane"},{"floor":13,"key":"Omamori"},{"floor":14,"key":"Shuriken"},{"floor":21,"key":"Nilry\u0027s Codex"},{"floor":24,"key":"Bottled Flame"},{"floor":26,"key":"Juzu Bracelet"},{"floor":27,"key":"The Specimen"},{"floor":27,"key":"Pear"},{"floor":28,"key":"Anchor"},{"floor":41,"key":"Pocketwatch"},{"floor":43,"key":"Molten Egg 2"}],"event_choices":[{"damage_healed":0.0,"max_hp_gain":0.0,"max_hp_loss":0.0,"gold_gain":0.0,"event_name":"Shining Light","player_choice":"Entered Light","floor":3.0,"gold_loss":0.0,"damage_taken":17.0,"cards_upgraded":["Defend_G","Neutralize"]},{"damage_healed":0.0,"max_hp_gain":0.0,"max_hp_loss":0.0,"gold_gain":0.0,"cards_transformed":["Defend_G"],"event_name":"Living Wall","player_choice":"Change","floor":4.0,"gold_loss":0.0,"damage_taken":0.0,"cards_obtained":["Night Terror"]},{"damage_healed":0,"gold_gain":0,"player_choice":"Became a vampire","damage_taken":0,"max_hp_gain":0,"max_hp_loss":26,"event_name":"Vampires","floor":20,"gold_loss":0,"cards_obtained":["Bite","Bite","Bite","Bite","Bite"]},{"damage_healed":0,"gold_gain":0,"player_choice":"Obtained Book","damage_taken":16,"max_hp_gain":0,"max_hp_loss":0,"event_name":"Cursed Tome","floor":21,"gold_loss":0},{"damage_healed":0,"gold_gain":0,"player_choice":"Fight","damage_taken":0,"max_hp_gain":0,"max_hp_loss":0,"event_name":"Colosseum","floor":27,"gold_loss":0},{"damage_healed":0,"gold_gain":0,"player_choice":"Fought Nobs","damage_taken":0,"max_hp_gain":0,"max_hp_loss":0,"event_name":"Colosseum","floor":27,"gold_loss":0},{"damage_healed":0,"gold_gain":0,"player_choice":"Ignored","damage_taken":0,"max_hp_gain":0,"max_hp_loss":0,"event_name":"Tomb of Lord Red Mask","floor":36,"gold_loss":0},{"damage_healed":0,"gold_gain":0,"player_choice":"Bought 0 Potions","damage_taken":0,"max_hp_gain":0,"max_hp_loss":0,"event_name":"The Woman in Blue","floor":44,"gold_loss":0}],"is_beta":false,"boss_relics":[{"not_picked":["Coffee Dripper","Lizard Tail"],"picked":"Busted Crown"},{"not_picked":["HoveringKite","Cursed Key"],"picked":"Runic Pyramid"}],"items_purged_floors":[],"is_endless":false,"potions_floor_spawned":[6,22,24,27,33,35,42],"killed_by":"Donu and Deca","ascension_level":0}