{"gold_per_floor":[109,125,4,15,15,15,44,44,44,55,55,88,99,115,115,213,263,283,208,123,11,22,22,22,22,97,107,0,0,17,17,17,113,113,128,128,5,20,34,34,34,34,34,45,62,62,73,86,86,86,86,86,38,66,66],"floor_reached":55,"playtime":2050,"items_purged":["Strike_B"],"score":692,"play_id":"757f831b-4d78-4294-b239-09c4c751f797","local_time":"20190409232305","is_ascension_mode":true,"campfire_choices":[{"data":"Loop","floor":6,"key":"SMITH"},{"floor":11,"key":"REST"},{"floor":15,"key":"REST"},{"floor":23,"key":"REST"},{"data":"Buffer","floor":25,"key":"SMITH"},{"data":"Consume","floor":29,"key":"SMITH"},{"floor":32,"key":"REST"},{"floor":40,"key":"REST"},{"floor":42,"key":"RECALL"},{"floor":46,"key":"REST"},{"floor":49,"key":"REST"},{"data":"Echo Form","floor":52,"key":"SMITH"}],"neow_cost":"NONE","seed_source_timestamp":16595977974173,"circlet_count":0,"master_deck":["Strike_B","Strike_B+1","Defend_B","Defend_B","Defend_B","Zap+1","Dualcast","Sweeping Beam+1","Leap","Capacitor","Loop+1","Ball Lightning","Chill","Consume+1","White Noise+1","Melter","Electrodynamics","Conserve Battery","Capacitor","Darkness","Capacitor","Buffer+1","BootSequence+1","Glacier","Seek","Defragment+1","Echo Form+1","Auto Shields"],"relics":["Cracked Core","NeowsBlessing","Emotion Chip","Bottled Flame","Regal Pillow","Tiny House","Bag of Preparation","Bottled Lightning","Lizard Tail","Shovel","Cables"],"potions_floor_usage":[7,10,13,16,18,18,22,33,35,38,45,47,50,54,54],"damage_taken":[{"damage":0,"enemies":"Jaw Worm","floor":1,"turns":1},{"damage":0,"enemies":"2 Louse","floor":2,"turns":1},{"damage":0,"enemies":"Small Slimes","floor":4,"turns":1},{"damage":30,"enemies":"3 Sentries","floor":7,"turns":5},{"damage":9,"enemies":"Red Slaver","floor":10,"turns":2},{"damage":11,"enemies":"Lagavulin","floor":12,"turns":6},{"damage":6,"enemies":"Exordium Thugs","floor":13,"turns":3},{"damage":7,"enemies":"2 Fungi Beasts","floor":14,"turns":3},{"damage":27,"enemies":"Hexaghost","floor":16,"turns":7},{"damage":11,"enemies":"3 Byrds","floor":18,"turns":4},{"damage":31,"enemies":"2 Thieves","floor":22,"turns":3},{"damage":15,"enemies":"Centurion and Healer","floor":27,"turns":6},{"damage":20,"enemies":"Shelled Parasite and Fungi","floor":30,"turns":6},{"damage":28,"enemies":"Automaton","floor":33,"turns":11},{"damage":2,"enemies":"Orb Walker","floor":35,"turns":4},{"damage":0,"enemies":"3 Shapes","floor":38,"turns":3},{"damage":36,"enemies":"Jaw Worm Horde","floor":39,"turns":5},{"damage":29,"enemies":"4 Shapes","floor":44,"turns":6},{"damage":34,"enemies":"3 Darklings","floor":45,"turns":3},{"damage":48,"enemies":"Transient","floor":47,"turns":5},{"damage":14,"enemies":"Spire Growth","floor":48,"turns":7},{"damage":70,"enemies":"Time Eater","floor":50,"turns":11},{"damage":48,"enemies":"Shield and Spear","floor":54,"turns":8},{"damage":33,"enemies":"The Heart","floor":55,"turns":2}],"seed_played":"-3218572287015439149","potions_obtained":[{"floor":7,"key":"FocusPotion"},{"floor":12,"key":"FocusPotion"},{"floor":13,"key":"Ancient Potion"},{"floor":14,"key":"AttackPotion"},{"floor":16,"key":"Weak Potion"},{"floor":17,"key":"SteroidPotion"},{"floor":18,"key":"Block Potion"},{"floor":27,"key":"GamblersBrew"},{"floor":33,"key":"SkillPotion"},{"floor":35,"key":"SteroidPotion"},{"floor":44,"key":"LiquidBronze"},{"floor":45,"key":"SkillPotion"},{"floor":54,"key":"Ancient Potion"}],"is_trial":false,"path_per_floor":["M","M","$","M","?","R","E","?","T","M","R","E","M","M","R","B",null,"M","?","?","$","M","R","?","R","T","M","?","R","M","$","R","B",null,"M","?","$","M","M","R","T","R","T","M","M","R","M","M","R","B",null,"R","$","E","B"],"character_chosen":"DEFECT","items_purchased":["Capacitor","AttackPotion","Capacitor","Darkness","Energy Potion","Energy Potion"],"campfire_rested":7,"item_purchase_floors":[3,3,21,21,37,53],"current_hp_per_floor":[75,75,75,75,60,60,30,23,23,14,36,25,19,12,49,22,80,69,69,69,69,38,77,77,77,77,62,62,62,42,42,80,52,80,78,78,78,78,42,80,80,80,80,51,17,56,8,35,74,4,80,80,80,32,0],"gold":66,"neow_bonus":"THREE_ENEMY_KILL","is_prod":false,"is_daily":false,"chose_seed":false,"campfire_upgraded":4,"win_rate":0,"timestamp":1554877385,"path_taken":["M","M","$","M","?","R","E","?","T","M","R","E","M","M","R","BOSS","M","?","?","$","?","R","?","R","T","M","?","R","M","$","R","BOSS","M","?","$","?","M","R","?","R","T","M","M","R","M","M","R","BOSS","R","$","E","BOSS"],"build_version":"2019-01-23","purchased_purges":1,"victory":false,"max_hp_per_floor":[75,75,75,75,75,75,75,75,75,75,75,75,75,75,75,75,80,80,80,80,80,80,80,80,80,80,80,80,80,80,80,80,80,80,80,80,80,80,80,80,80,80,80,80,80,80,80,80,80,80,80,80,80,80,80],"card_choices":[{"not_picked":["Streamline","Storm"],"picked":"Sweeping Beam","floor":1},{"not_picked":["Aggregate","Force Field"],"picked":"Leap","floor":2},{"not_picked":["Steam Power","Aggregate"],"picked":"Loop","floor":4},{"not_picked":["Undo","Fission"],"picked":"Ball Lightning","floor":7},{"not_picked":["Conserve Battery","Ball Lightning"],"picked":"Chill","floor":10},{"not_picked":["Meteor Strike","Sweeping Beam"],"picked":"Consume","floor":12},{"not_picked":["Gash","Genetic Algorithm"],"picked":"White Noise","floor":13},{"not_picked":["Ball Lightning","Beam Cell"],"picked":"Melter","floor":14},{"not_picked":["Multi-Cast","Meteor Strike"],"picked":"Electrodynamics","floor":16},{"not_picked":["Undo","Compile Driver+1"],"picked":"Conserve Battery","floor":18},{"not_picked":["Barrage","Conserve Battery"],"picked":"Capacitor","floor":22},{"not_picked":["Rebound","Steam"],"picked":"BootSequence+1","floor":27},{"not_picked":["Storm","Coolheaded"],"picked":"Glacier","floor":30},{"not_picked":["Multi-Cast","Core Surge"],"picked":"Seek","floor":33},{"not_picked":["Gash+1","Melter+1","Ball Lightning"],"picked":"SKIP","floor":35},{"not_picked":["Heatsinks","Hello World+1"],"picked":"Defragment+1","floor":38},{"not_picked":["Conserve Battery+1","Fusion+1","Go for the Eyes"],"picked":"SKIP","floor":39},{"not_picked":["Leap+1","Go for the Eyes","Steam Power"],"picked":"SKIP","floor":44},{"not_picked":["Streamline","Turbo"],"picked":"Echo Form","floor":45},{"not_picked":["Leap","Rebound","Heatsinks+1"],"picked":"SKIP","floor":47},{"not_picked":["Loop+1","Redo+1","Cold Snap"],"picked":"SKIP","floor":48},{"not_picked":["Hologram+1","Steam"],"picked":"Auto Shields","floor":54}],"player_experience":413323,"relics_obtained":[{"floor":7,"key":"Emotion Chip"},{"floor":9,"key":"Bottled Flame"},{"floor":12,"key":"Regal Pillow"},{"floor":26,"key":"Bottled Lightning"},{"floor":43,"key":"Shovel"},{"floor":54,"key":"Cables"}],"event_choices":[{"damage_healed":0,"gold_gain":0,"player_choice":"Entered Light","damage_taken":15,"max_hp_gain":0,"max_hp_loss":0,"event_name":"Shining Light","floor":5,"gold_loss":0,"cards_upgraded":["Zap","Sweeping Beam"]},{"cards_removed":["Strike_B"],"damage_healed":0,"gold_gain":0,"player_choice":"Card Removal","damage_taken":7,"max_hp_gain":0,"max_hp_loss":0,"event_name":"Golden Wing","floor":8,"gold_loss":0},{"cards_removed":["Defend_B"],"damage_healed":0,"gold_gain":0,"player_choice":"Gave Gold","damage_taken":0,"max_hp_gain":0,"max_hp_loss":0,"event_name":"Beggar","floor":19,"gold_loss":75},{"damage_healed":0,"gold_gain":0,"player_choice":"Obtained Relic","damage_taken":0,"relics_obtained":["Bag of Preparation"],"max_hp_gain":0,"max_hp_loss":0,"event_name":"Addict","floor":20,"gold_loss":85},{"damage_healed":0,"gold_gain":0,"player_choice":"Read","damage_taken":0,"max_hp_gain":0,"max_hp_loss":0,"event_name":"The Library","floor":24,"gold_loss":0,"cards_obtained":["Buffer"]},{"damage_healed":0,"gold_gain":0,"player_choice":"Paid Fearfully","damage_taken":0,"max_hp_gain":0,"max_hp_loss":0,"event_name":"Masked Bandits","floor":28,"gold_loss":107},{"damage_healed":0,"gold_gain":0,"player_choice":"Forge","damage_taken":0,"max_hp_gain":0,"max_hp_loss":0,"event_name":"Accursed Blacksmith","floor":36,"gold_loss":0,"cards_upgraded":["White Noise"]}],"is_beta":false,"boss_relics":[{"not_picked":["Calling Bell","Philosopher\u0027s Stone"],"picked":"Tiny House"},{"not_picked":["Runic Dome","Fusion Hammer"],"picked":"Lizard Tail"}],"items_purged_floors":[37],"is_endless":false,"potions_floor_spawned":[7,12,13,14,16,18,27,33,35,44,45,54],"killed_by":"The Heart","ascension_level":2}