{"gold_per_floor":[114,2,2,27,27,27,27,27,27,57,57,72,72,102,102,202,202,217,17,17,17,32,62,62,77,152,152,152,152,182,182,182,282,282,297,167,17,32,32,62,62,62,62,62,62,62,62,12,12,12],"floor_reached":51,"playtime":1398,"items_purged":[],"score":859,"play_id":"4dc17f5c-bb80-401f-b798-993809f271e6","local_time":"20181219221516","daily_mods":["Heirloom","Flight","Elite Swarm"],"is_ascension_mode":false,"campfire_choices":[{"data":"Genetic Algorithm","floor":6,"key":"SMITH"},{"data":"Defragment","floor":7,"key":"SMITH"},{"data":"Auto Shields","floor":8,"key":"SMITH"},{"data":"Tempest","floor":13,"key":"SMITH"},{"data":"Rainbow","floor":15,"key":"SMITH"},{"floor":24,"key":"REST"},{"data":"Creative AI","floor":27,"key":"SMITH"},{"floor":28,"key":"REST"},{"data":"Hologram","floor":29,"key":"SMITH"},{"floor":32,"key":"REST"},{"floor":41,"key":"REST"},{"floor":42,"key":"REST"},{"floor":44,"key":"REST"},{"data":"Buffer","floor":45,"key":"SMITH"},{"floor":47,"key":"REST"},{"data":"Defend_B+1","floor":49,"key":"PURGE"}],"neow_cost":"","seed_source_timestamp":0,"circlet_count":0,"master_deck":["Strike_B+1","Strike_B+1","Defend_B+1","Defend_B+1","Defend_B+1","Dualcast+1","Auto Shields+1","Defragment+1","Genetic Algorithm+1","Electrodynamics+1","Tempest+1","Rainbow+1","Buffer+1","Hologram+1","Rebound+1","Creative AI+1","Capacitor+1","Consume+1"],"special_seed":17885,"relics":["Cracked Core","Bird Faced Urn","Potion Belt","Shuriken","Centennial Puzzle","Boot","Lizard Tail","Orichalcum","MutagenicStrength","Peace Pipe","Singing Bowl","Bottled Flame","Busted Crown","Mummified Hand","Vajra","Cables","Sundial","Mark of the Bloom"],"potions_floor_usage":[10,22,22,30,33,38,40,50],"damage_taken":[{"damage":10,"enemies":"Small Slimes","floor":1,"turns":2},{"damage":11,"enemies":"Lagavulin","floor":10,"turns":6},{"damage":7,"enemies":"Jaw Worm","floor":12,"turns":3},{"damage":5,"enemies":"3 Sentries","floor":14,"turns":4},{"damage":0,"enemies":"Slime Boss","floor":16,"turns":5},{"damage":8,"enemies":"Chosen","floor":18,"turns":6},{"damage":10,"enemies":"Spheric Guardian","floor":22,"turns":4},{"damage":41,"enemies":"Slavers","floor":23,"turns":3},{"damage":9,"enemies":"Chosen and Byrds","floor":25,"turns":5},{"damage":56,"enemies":"Book of Stabbing","floor":30,"turns":6},{"damage":29,"enemies":"Champ","floor":33,"turns":10},{"damage":20,"enemies":"Orb Walker","floor":35,"turns":5},{"damage":4,"enemies":"3 Darklings","floor":38,"turns":4},{"damage":85,"enemies":"Nemesis","floor":40,"turns":9},{"damage":32,"enemies":"Donu and Deca","floor":50,"turns":7}],"seed_played":"7173682322352967117","potions_obtained":[{"floor":1,"key":"Weak Potion"},{"floor":16,"key":"Dexterity Potion"},{"floor":25,"key":"AttackPotion"},{"floor":30,"key":"Dexterity Potion"},{"floor":33,"key":"FairyPotion"},{"floor":35,"key":"Weak Potion"},{"floor":38,"key":"Poison Potion"}],"is_trial":false,"path_per_floor":["M","$","?","T","?","R","R","R","T","E","?","M","R","E","R","B",null,"M","$","?","?","M","E","R","M","T","R","R","R","E","?","R","B",null,"M","?","$","M","?","E","R","R","T","R","R","?","R","$","R","B",null],"character_chosen":"DEFECT","items_purchased":["Defragment","Genetic Algorithm","Orichalcum","Energy Potion","Vajra","Fire Potion"],"campfire_rested":7,"item_purchase_floors":[2,2,19,19,37,48],"current_hp_per_floor":[65,65,65,65,65,65,65,65,65,56,49,46,46,45,45,49,75,69,69,69,69,63,28,50,47,47,47,69,69,31,22,45,42,79,65,65,65,73,73,6,30,54,54,78,78,78,78,78,78,46],"gold":12,"neow_bonus":"","is_prod":false,"is_daily":true,"chose_seed":false,"campfire_upgraded":8,"win_rate":0,"timestamp":1545286516,"path_taken":["M","$","?","?","?","R","R","R","T","E","?","?","R","E","R","BOSS","M","$","?","?","?","E","R","M","T","R","R","R","E","?","R","BOSS","M","?","$","?","?","E","R","R","T","R","R","?","R","$","R","BOSS"],"build_version":"2018-12-13","purchased_purges":0,"victory":true,"max_hp_per_floor":[75,75,75,75,75,75,75,75,75,75,75,75,75,75,75,75,75,75,75,75,75,75,75,75,75,75,75,75,75,77,77,77,79,79,81,81,81,81,81,83,83,83,83,83,83,83,83,83,83,83],"card_choices":[{"not_picked":["Cold Snap","Sweeping Beam"],"picked":"Auto Shields","floor":1},{"not_picked":["Machine Learning","Multi-Cast"],"picked":"Electrodynamics","floor":10},{"not_picked":["Turbo","Streamline"],"picked":"Tempest","floor":12},{"not_picked":["Biased Cognition","Fission"],"picked":"Rainbow","floor":14},{"not_picked":["All For One","Reboot"],"picked":"Buffer","floor":16},{"not_picked":["Steam","Compile Driver+1"],"picked":"Hologram","floor":18},{"not_picked":["Beam Cell","Amplify"],"picked":"Rebound","floor":22},{"not_picked":["Multi-Cast","Meteor Strike"],"picked":"Creative AI","floor":23},{"not_picked":["Leap","Conserve Battery"],"picked":"Capacitor","floor":25},{"not_picked":["All For One","Core Surge","Thunder Strike"],"picked":"Singing Bowl","floor":30},{"not_picked":["Echo Form","Core Surge","Machine Learning"],"picked":"Singing Bowl","floor":33},{"not_picked":["Rebound"],"picked":"Singing Bowl","floor":35},{"not_picked":[],"picked":"Consume+1","floor":38},{"not_picked":["Hyperbeam"],"picked":"Singing Bowl","floor":40}],"player_experience":301748,"relics_obtained":[{"floor":4,"key":"Potion Belt"},{"floor":9,"key":"Shuriken"},{"floor":10,"key":"Centennial Puzzle"},{"floor":14,"key":"Boot"},{"floor":23,"key":"Peace Pipe"},{"floor":26,"key":"Singing Bowl"},{"floor":30,"key":"Bottled Flame"},{"floor":40,"key":"Cables"},{"floor":43,"key":"Sundial"}],"event_choices":[{"damage_healed":0,"gold_gain":0,"player_choice":"Ignored","damage_taken":0,"max_hp_gain":0,"max_hp_loss":0,"event_name":"Golden Idol","floor":3,"gold_loss":0},{"damage_healed":0,"gold_gain":0,"player_choice":"Leave","damage_taken":0,"max_hp_gain":0,"max_hp_loss":0,"event_name":"The Cleric","floor":5,"gold_loss":0},{"cards_removed":["Strike_B"],"damage_healed":0,"gold_gain":0,"player_choice":"Card Removal","damage_taken":7,"max_hp_gain":0,"max_hp_loss":0,"event_name":"Golden Wing","floor":11,"gold_loss":0},{"damage_healed":0,"gold_gain":0,"player_choice":"Inject Mutagens","damage_taken":0,"relics_obtained":["MutagenicStrength"],"max_hp_gain":0,"max_hp_loss":0,"event_name":"Drug Dealer","floor":20,"gold_loss":0},{"cards_removed":["Zap"],"damage_healed":0,"gold_gain":0,"player_choice":"Offered Basic","damage_taken":0,"max_hp_gain":0,"max_hp_loss":0,"event_name":"Bonfire Elementals","floor":21,"gold_loss":0},{"damage_healed":0,"gold_gain":0,"player_choice":"Stopped","damage_taken":9,"max_hp_gain":0,"max_hp_loss":0,"event_name":"Cursed Tome","floor":31,"gold_loss":0},{"damage_healed":0,"gold_gain":0,"player_choice":"Paid Gold","damage_taken":0,"relics_obtained":["Mummified Hand"],"max_hp_gain":0,"max_hp_loss":0,"event_name":"WeMeetAgain","floor":36,"gold_loss":130},{"cards_removed":["Strike_B"],"damage_healed":0,"gold_gain":0,"player_choice":"Removed Attack","damage_taken":0,"max_hp_gain":0,"max_hp_loss":0,"event_name":"Falling","floor":39,"gold_loss":0},{"damage_healed":0,"gold_gain":0,"player_choice":"Upgrade","damage_taken":0,"relics_obtained":["Mark of the Bloom"],"max_hp_gain":0,"max_hp_loss":0,"event_name":"MindBloom","floor":46,"gold_loss":0,"cards_upgraded":["Strike_B","Strike_B","Defend_B","Defend_B","Defend_B","Defend_B","Dualcast","Electrodynamics","Rebound","Capacitor"]}],"is_beta":false,"boss_relics":[{"not_picked":["Snecko Eye","White Beast Statue"],"picked":"Lizard Tail"},{"not_picked":["Eternal Feather","Astrolabe"],"picked":"Busted Crown"}],"items_purged_floors":[],"is_endless":false,"potions_floor_spawned":[1,16,25,30,33,35,38],"ascension_level":0}