{"gold_per_floor":[114,124,124,199,217,217,232,244,271,283,283,318,10,26,26,124,124,143,21,21,21,44,75,75,89,112,112,131,147,165,177,177,177],"floor_reached":33,"playtime":1169,"items_purged":["Defend_B"],"score":321,"play_id":"40c1850f-8f34-46f4-b998-3091f98a7aef","local_time":"20180902000508","is_ascension_mode":false,"campfire_choices":[{"data":"Dualcast","floor":6,"key":"SMITH"},{"floor":11,"key":"REST"},{"floor":15,"key":"REST"},{"floor":24,"key":"REST"},{"floor":32,"key":"REST"}],"neow_cost":"NONE","seed_source_timestamp":1596954556010100,"circlet_count":0,"master_deck":["Strike_B","Strike_B","Strike_B","Strike_B","Defend_B","Defend_B+1","Defend_B","Zap+1","Steam","Turbo","Rebound","Glacier","White Noise","Lockon","Hyperbeam+1","Hyperbeam+1","Undo+1","Go for the Eyes","Go for the Eyes","Necronomicurse","Steam+1","Gash","Beam Cell","Electrodynamics"],"relics":["Cracked Core","War Paint","FaceOfCleric","Orichalcum","Vajra","HandDrill","Astrolabe","Necronomicon","Bronze Scales","Potion Belt","Lantern","MutagenicStrength"],"potions_floor_usage":[23,23],"damage_taken":[{"damage":0,"enemies":"Small Slimes","floor":1,"turns":3},{"damage":0,"enemies":"Cultist","floor":2,"turns":3},{"damage":0,"enemies":"2 Louse","floor":5,"turns":3},{"damage":2,"enemies":"Looter","floor":7,"turns":3},{"damage":15,"enemies":"3 Louse","floor":8,"turns":4},{"damage":0,"enemies":"2 Fungi Beasts","floor":10,"turns":5},{"damage":14,"enemies":"Lagavulin","floor":12,"turns":7},{"damage":0,"enemies":"Exordium Wildlife","floor":14,"turns":3},{"damage":7,"enemies":"Slime Boss","floor":16,"turns":11},{"damage":19,"enemies":"2 Thieves","floor":18,"turns":4},{"damage":0,"enemies":"Slavers","floor":23,"turns":1},{"damage":0,"enemies":"3 Byrds","floor":25,"turns":1},{"damage":0,"enemies":"Shelled Parasite and Fungi","floor":28,"turns":3},{"damage":2,"enemies":"Snecko","floor":29,"turns":3},{"damage":8,"enemies":"3 Cultists","floor":30,"turns":4},{"damage":10,"enemies":"Centurion and Healer","floor":31,"turns":3},{"damage":79,"enemies":"Collector","floor":33,"turns":7}],"seed_played":"-1219413905305062014","potions_obtained":[{"floor":2,"key":"Explosive Potion"},{"floor":5,"key":"FearPotion"},{"floor":12,"key":"FearPotion"},{"floor":23,"key":"Ancient Potion"},{"floor":29,"key":"SteroidPotion"}],"is_trial":false,"path_per_floor":["M","M","?","?","M","R","M","M","T","M","R","E","$","M","R","B",null,"M","$","?","?","T","E","R","M","T","?","M","M","M","M","R"],"character_chosen":"DEFECT","items_purchased":["HandDrill","BootSequence","Doom and Gloom","Go for the Eyes"],"campfire_rested":4,"item_purchase_floors":[13,13,13,19],"current_hp_per_floor":[75,75,75,64,65,65,64,50,50,51,74,61,61,62,81,75,82,64,64,48,32,32,33,59,60,60,60,61,60,53,44,72,0],"gold":177,"neow_bonus":"RANDOM_COMMON_RELIC","is_prod":false,"is_daily":false,"chose_seed":false,"campfire_upgraded":1,"win_rate":0,"timestamp":1535871908,"path_taken":["M","M","?","?","M","R","?","M","T","M","R","E","$","M","R","BOSS","M","$","?","?","?","E","R","?","T","?","M","M","?","M","R","BOSS"],"build_version":"2018-08-30","purchased_purges":1,"victory":false,"max_hp_per_floor":[75,75,75,75,76,76,77,78,78,79,79,80,80,81,81,82,82,83,83,83,88,88,89,89,90,90,90,91,92,93,94,94,94],"card_choices":[{"not_picked":["Conserve Battery","Skim"],"picked":"Steam","floor":1},{"not_picked":["Stack","Steam"],"picked":"Turbo","floor":2},{"not_picked":["Defragment","Barrage","Coolheaded"],"picked":"SKIP","floor":5},{"not_picked":["Self Repair","Aggregate"],"picked":"Rebound","floor":7},{"not_picked":["Consume","Barrage"],"picked":"Glacier","floor":8},{"not_picked":["Sweeping Beam","Turbo"],"picked":"White Noise","floor":10},{"not_picked":["Sweeping Beam","Leap"],"picked":"Lockon","floor":12},{"not_picked":["Compile Driver","Barrage","Hologram"],"picked":"SKIP","floor":14},{"not_picked":["Recycle","Leap"],"picked":"Go for the Eyes","floor":18},{"not_picked":["Rebound","Consume","White Noise"],"picked":"SKIP","floor":23},{"not_picked":["Streamline","Glacier"],"picked":"Steam+1","floor":25},{"not_picked":["Static Discharge","Rebound"],"picked":"Gash","floor":28},{"not_picked":["Streamline","Aggregate"],"picked":"Beam Cell","floor":29},{"not_picked":["Cold Snap","Barrage","Leap+1"],"picked":"SKIP","floor":30},{"not_picked":["Streamline","Cold Snap"],"picked":"Electrodynamics","floor":31}],"player_experience":57110,"relics_obtained":[{"floor":9,"key":"Orichalcum"},{"floor":12,"key":"Vajra"},{"floor":20,"key":"Necronomicon"},{"floor":22,"key":"Bronze Scales"},{"floor":23,"key":"Potion Belt"},{"floor":26,"key":"Lantern"}],"event_choices":[{"event_name":"FaceTrader","player_choice":"Trade","floor":3,"damage_taken":0},{"event_name":"World of Goop","player_choice":"Gather Gold","floor":4,"damage_taken":0},{"event_name":"Cursed Tome","player_choice":"Obtained Book","floor":20,"damage_taken":0},{"event_name":"Forgotten Altar","player_choice":"Shed Blood","floor":21,"damage_taken":0},{"event_name":"Drug Dealer","player_choice":"Inject Mutagens","floor":27,"damage_taken":0}],"is_beta":false,"boss_relics":[{"not_picked":["Black Star","Snecko Eye"],"picked":"Astrolabe"}],"items_purged_floors":[19],"is_endless":false,"potions_floor_spawned":[2,5,12,14,18,23,29],"killed_by":"Collector","ascension_level":0}