{"gold_per_floor":[414,589,7,22,22,22,52,52,52,67,67,97,22,22,22,122,122,137,137,137,152,182,182,281,281,281,281,28,28,28,43,43,43],"floor_reached":33,"playtime":2308,"items_purged":[],"score":292,"play_id":"44db22fc-8642-4f8c-a6a1-cfa90e9d1a68","local_time":"20190121213139","daily_mods":["Heirloom","Flight","DeadlyEvents"],"is_ascension_mode":false,"campfire_choices":[{"data":"Distraction","floor":6,"key":"SMITH"},{"data":"Noxious Fumes","floor":8,"key":"SMITH"},{"floor":15,"key":"REST"},{"floor":23,"key":"REST"},{"floor":25,"key":"REST"},{"floor":27,"key":"REST"},{"data":"Doppelganger","floor":29,"key":"SMITH"},{"data":"Poisoned Stab","floor":30,"key":"SMITH"},{"floor":32,"key":"REST"}],"neow_cost":"","seed_source_timestamp":0,"circlet_count":0,"master_deck":["Defend_G","Defend_G","Defend_G","Defend_G","Defend_G","Strike_G","Strike_G","Strike_G","Strike_G","Strike_G","Survivor","Neutralize","Distraction+1","Doubt","The Bomb+1","Sucker Punch","Noxious Fumes+1","Backstab","Flying Knee","Finisher","Poisoned Stab+1","Slice","Doppelganger+1","Blade Dance","Caltrops+1","Deadly Poison+1","Dodge and Roll","Skim"],"special_seed":17918,"relics":["Ring of the Snake","Old Coin","Lantern","Dodecahedron","Bottled Lightning","Frozen Egg 2","PreservedInsect","Ancient Tea Set","Lizard Tail","Darkstone Periapt","Centennial Puzzle","PrismaticShard"],"potions_floor_usage":[12,16,31],"damage_taken":[{"damage":6,"enemies":"Small Slimes","floor":1,"turns":4},{"damage":3,"enemies":"Jaw Worm","floor":4,"turns":3},{"damage":8,"enemies":"3 Sentries","floor":7,"turns":3},{"damage":0,"enemies":"2 Louse","floor":10,"turns":3},{"damage":0,"enemies":"Gremlin Nob","floor":12,"turns":3},{"damage":37,"enemies":"Hexaghost","floor":16,"turns":9},{"damage":30,"enemies":"2 Thieves","floor":18,"turns":3},{"damage":10,"enemies":"Spheric Guardian","floor":21,"turns":3},{"damage":52,"enemies":"Gremlin Leader","floor":22,"turns":4},{"damage":12,"enemies":"3 Cultists","floor":31,"turns":3},{"damage":83,"enemies":"Champ","floor":33,"turns":8}],"seed_played":"-6286355576629178474","potions_obtained":[{"floor":1,"key":"GhostInAJar"},{"floor":12,"key":"AttackPotion"},{"floor":16,"key":"AttackPotion"}],"is_trial":false,"path_per_floor":["M","?","$","M","?","R","E","R","T","M","?","E","$","T","R","B",null,"M","?","?","M","E","R","?","R","T","R","$","R","R","M","R","B"],"character_chosen":"THE_SILENT","items_purchased":["Lantern","Dodecahedron","The Bomb","Poisoned Stab","Slice","PrismaticShard","Dodge and Roll"],"campfire_rested":5,"item_purchase_floors":[3,3,3,13,13,28,28],"current_hp_per_floor":[64,64,64,61,61,61,53,53,53,53,53,53,53,53,70,33,70,40,40,27,17,2,24,24,46,46,68,68,68,68,56,75,0],"gold":43,"neow_bonus":"","is_prod":false,"is_daily":true,"chose_seed":false,"campfire_upgraded":4,"win_rate":0,"timestamp":1548135099,"path_taken":["M","?","$","M","?","R","?","R","T","?","?","?","$","?","R","BOSS","M","?","?","?","?","R","?","R","T","R","$","R","R","M","R","BOSS"],"build_version":"2019-01-17v2","purchased_purges":0,"victory":false,"max_hp_per_floor":[70,70,70,70,70,70,70,70,70,70,70,70,70,70,70,70,70,70,70,75,75,75,75,75,75,75,75,75,75,75,75,75,75],"card_choices":[{"not_picked":["Accuracy","Eviscerate"],"picked":"Distraction","floor":1},{"not_picked":["Well Laid Plans","All Out Attack"],"picked":"Sucker Punch","floor":4},{"not_picked":["Dodge and Roll","Flying Knee"],"picked":"Noxious Fumes","floor":7},{"not_picked":["Prepared","Cloak And Dagger"],"picked":"Backstab","floor":10},{"not_picked":["Flying Knee","Tools of the Trade+1"],"picked":"Finisher","floor":12},{"not_picked":["Glass Knife","Unload"],"picked":"Doppelganger","floor":16},{"not_picked":["Heel Hook","Underhanded Strike"],"picked":"Blade Dance","floor":18},{"not_picked":["Skewer","Quick Slash+1"],"picked":"Caltrops+1","floor":21},{"not_picked":["Blade Dance","Slice"],"picked":"Deadly Poison+1","floor":22},{"not_picked":["Wild Strike","Acrobatics"],"picked":"Skim","floor":31}],"player_experience":336545,"relics_obtained":[{"floor":7,"key":"Bottled Lightning"},{"floor":9,"key":"Frozen Egg 2"},{"floor":12,"key":"PreservedInsect"},{"floor":14,"key":"Ancient Tea Set"},{"floor":22,"key":"Darkstone Periapt"},{"floor":26,"key":"Centennial Puzzle"}],"event_choices":[{"damage_healed":0,"gold_gain":175,"player_choice":"AGREE","damage_taken":0,"max_hp_gain":0,"max_hp_loss":0,"event_name":"Liars Game","floor":2,"gold_loss":0,"cards_obtained":["Doubt"]},{"damage_healed":0,"gold_gain":0,"player_choice":"Grow","damage_taken":0,"max_hp_gain":0,"max_hp_loss":0,"event_name":"Living Wall","floor":5,"gold_loss":0,"cards_upgraded":["The Bomb"]},{"damage_healed":0,"gold_gain":0,"player_choice":"1 cards matched","damage_taken":0,"max_hp_gain":0,"max_hp_loss":0,"event_name":"Match and Keep!","floor":11,"gold_loss":0,"cards_obtained":["Flying Knee"]},{"damage_healed":0,"gold_gain":0,"player_choice":"Ignored","damage_taken":0,"max_hp_gain":0,"max_hp_loss":0,"event_name":"Cursed Tome","floor":19,"gold_loss":0},{"damage_healed":0,"gold_gain":0,"player_choice":"Shed Blood","damage_taken":18,"max_hp_gain":5,"max_hp_loss":0,"event_name":"Forgotten Altar","floor":20,"gold_loss":0},{"damage_healed":0,"gold_gain":99,"player_choice":"Stole From Cult","damage_taken":0,"max_hp_gain":0,"max_hp_loss":0,"event_name":"Nest","floor":24,"gold_loss":0}],"is_beta":false,"boss_relics":[{"not_picked":["Calling Bell","White Beast Statue"],"picked":"Lizard Tail"}],"items_purged_floors":[],"is_endless":false,"potions_floor_spawned":[1,12,16],"killed_by":"Champ","ascension_level":0}