{"gold_per_floor":[119,129,140,11,25,25,52,52,52,67,79,44,61,79,79,178,178,160,67,84,44,56,56,75,75,100,129,157,175,175,175,175,274,274,285,285,285,310,320,320,242,252,252,252,252,53,53,69,69,69],"floor_reached":51,"playtime":1865,"items_purged":["Strike_B"],"score":744,"play_id":"16f6e866-22dd-4ae8-8c5f-83af50c6a8da","local_time":"20190503195813","is_ascension_mode":false,"campfire_choices":[{"data":"Fusion","floor":6,"key":"SMITH"},{"data":"Loop","floor":8,"key":"SMITH"},{"data":"Coolheaded","floor":15,"key":"SMITH"},{"floor":23,"key":"REST"},{"data":"Coolheaded","floor":25,"key":"SMITH"},{"floor":32,"key":"REST"},{"floor":40,"key":"REST"},{"floor":47,"key":"REST"},{"data":"Apotheosis","floor":49,"key":"SMITH"}],"neow_cost":"NONE","seed_source_timestamp":3998781242790088,"circlet_count":0,"master_deck":["Strike_B","Strike_B","Defend_B","Defend_B","Defend_B","Defend_B","Zap","Dualcast","Gash","Loop+1","Cold Snap","Cold Snap","Fusion+1","Conserve Battery","Gash","Gash","All For One","Hologram+1","Coolheaded+1","Biased Cognition","Coolheaded+1","Cold Snap","Hologram","Compile Driver","Scrape","Reinforced Body","Steam Power","Coolheaded","Electrodynamics","Loop+1","Gash","Aggregate","Leap+1","Apotheosis+1"],"relics":["Cracked Core","NeowsBlessing","Incense Burner","StoneCalendar","Inserter","Lantern","Red Mask","Prayer Wheel","Matryoshka","Orrery","Happy Flower","Vajra","Smiling Mask","Bottled Lightning"],"potions_floor_usage":[24,27,50,50,50],"damage_taken":[{"damage":0,"enemies":"2 Louse","floor":1,"turns":1},{"damage":0,"enemies":"Jaw Worm","floor":2,"turns":1},{"damage":0,"enemies":"Cultist","floor":3,"turns":1},{"damage":6,"enemies":"3 Louse","floor":5,"turns":3},{"damage":21,"enemies":"3 Sentries","floor":7,"turns":9},{"damage":5,"enemies":"Looter","floor":10,"turns":3},{"damage":6,"enemies":"Blue Slaver","floor":11,"turns":4},{"damage":6,"enemies":"Exordium Wildlife","floor":13,"turns":4},{"damage":0,"enemies":"Large Slime","floor":14,"turns":5},{"damage":0,"enemies":"Slime Boss","floor":16,"turns":5},{"damage":25,"enemies":"2 Thieves","floor":18,"turns":4},{"damage":3,"enemies":"Chosen","floor":20,"turns":6},{"damage":4,"enemies":"Centurion and Healer","floor":22,"turns":7},{"damage":10,"enemies":"Snake Plant","floor":24,"turns":7},{"damage":0,"enemies":"Masked Bandits","floor":27,"turns":2},{"damage":17,"enemies":"Slavers","floor":28,"turns":7},{"damage":14,"enemies":"Sentry and Sphere","floor":29,"turns":5},{"damage":14,"enemies":"Champ","floor":33,"turns":13},{"damage":28,"enemies":"3 Darklings","floor":35,"turns":6},{"damage":8,"enemies":"Orb Walker","floor":39,"turns":4},{"damage":24,"enemies":"Spire Growth","floor":42,"turns":5},{"damage":5,"enemies":"Writhing Mass","floor":48,"turns":6},{"damage":34,"enemies":"Time Eater","floor":50,"turns":40}],"seed_played":"-885583800911640416","potions_obtained":[{"floor":1,"key":"SteroidPotion"},{"floor":7,"key":"PowerPotion"},{"floor":10,"key":"SkillPotion"},{"floor":11,"key":"Block Potion"},{"floor":24,"key":"Poison Potion"},{"floor":28,"key":"Strength Potion"}],"is_trial":false,"path_per_floor":["M","M","M","$","M","R","E","R","T","M","M","?","M","M","R","B",null,"M","$","M","?","M","R","M","R","T","?","E","M","?","T","R","B",null,"M","?","?","T","M","R","$","M","T","?","?","$","R","M","R","B",null],"character_chosen":"DEFECT","items_purchased":["Cold Snap","Fusion","Cold Snap","Hologram","LiquidBronze","FocusPotion","GamblersBrew"],"campfire_rested":4,"item_purchase_floors":[4,4,19,19,41,46,46],"current_hp_per_floor":[75,75,75,75,69,69,48,48,48,43,37,55,49,49,49,49,75,50,50,47,47,43,65,55,55,55,55,38,24,49,49,71,57,75,47,47,47,47,39,61,61,37,37,37,37,37,58,53,53,19],"gold":69,"neow_bonus":"THREE_ENEMY_KILL","is_prod":false,"is_daily":false,"chose_seed":false,"campfire_upgraded":5,"win_rate":0,"timestamp":1556909893,"path_taken":["M","M","M","$","M","R","E","R","T","M","M","?","M","M","R","BOSS","M","$","M","?","M","R","?","R","T","?","E","M","?","?","R","BOSS","M","?","?","?","?","R","$","M","T","?","?","?","R","M","R","BOSS"],"build_version":"2019-01-23","purchased_purges":1,"victory":true,"max_hp_per_floor":[75,75,75,75,75,75,75,75,75,75,75,75,75,75,75,75,75,75,75,75,75,75,75,75,75,75,75,75,75,75,75,75,75,75,75,75,75,75,75,75,75,75,75,71,71,71,71,71,71,71],"card_choices":[{"not_picked":["Scrape","Sweeping Beam"],"picked":"Gash","floor":1},{"not_picked":["Self Repair","Turbo"],"picked":"Loop","floor":2},{"not_picked":["Beam Cell","Go for the Eyes"],"picked":"Cold Snap","floor":3},{"not_picked":["Static Discharge","Double Energy"],"picked":"Conserve Battery","floor":5},{"not_picked":["Cold Snap","Ball Lightning"],"picked":"Gash","floor":7},{"not_picked":["Streamline","Go for the Eyes"],"picked":"Gash","floor":10},{"not_picked":["Leap","Beam Cell"],"picked":"All For One","floor":11},{"not_picked":["Cold Snap","Doom and Gloom"],"picked":"Hologram","floor":13},{"not_picked":["Leap","Auto Shields"],"picked":"Coolheaded","floor":14},{"not_picked":["Core Surge","Meteor Strike"],"picked":"Biased Cognition","floor":16},{"not_picked":["Barrage","Beam Cell"],"picked":"Coolheaded","floor":18},{"not_picked":["Double Energy","Cold Snap"],"picked":"Compile Driver","floor":20},{"not_picked":["Steam","Redo+1"],"picked":"Scrape","floor":22},{"not_picked":["Turbo","Heatsinks"],"picked":"Reinforced Body","floor":24},{"not_picked":["Streamline","Hologram"],"picked":"Steam Power","floor":27},{"not_picked":["Echo Form","Ball Lightning","Sweeping Beam"],"picked":"SKIP","floor":28},{"not_picked":["Hologram","Barrage"],"picked":"Coolheaded","floor":29},{"not_picked":["Barrage","Ball Lightning","Doom and Gloom"],"picked":"SKIP","floor":29},{"not_picked":["Multi-Cast","Rainbow"],"picked":"Electrodynamics","floor":33},{"not_picked":["Coolheaded+1","Chaos+1"],"picked":"Loop+1","floor":34},{"not_picked":["Hologram+1","Redo+1"],"picked":"Gash","floor":34},{"not_picked":["Go for the Eyes+1","Redo+1"],"picked":"Aggregate","floor":35},{"not_picked":["Static Discharge","Ball Lightning"],"picked":"Leap+1","floor":35},{"not_picked":["Sadistic Nature","Blind"],"picked":"Apotheosis","floor":36},{"not_picked":["Coolheaded","Beam Cell+1","Ball Lightning+1"],"picked":"SKIP","floor":39},{"not_picked":["Doom and Gloom+1","Rip and Tear","Steam"],"picked":"SKIP","floor":39},{"not_picked":["Force Field+1","Beam Cell+1","Steam"],"picked":"SKIP","floor":42},{"not_picked":["Leap","Compile Driver+1","Heatsinks+1"],"picked":"SKIP","floor":42},{"not_picked":["Ball Lightning","Buffer","Go for the Eyes"],"picked":"SKIP","floor":48},{"not_picked":["Ball Lightning","Streamline","Stack+1"],"picked":"SKIP","floor":48}],"player_experience":800662,"relics_obtained":[{"floor":7,"key":"Incense Burner"},{"floor":9,"key":"StoneCalendar"},{"floor":26,"key":"Lantern"},{"floor":27,"key":"Red Mask"},{"floor":28,"key":"Prayer Wheel"},{"floor":31,"key":"Matryoshka"},{"floor":38,"key":"Happy Flower"},{"floor":38,"key":"Vajra"},{"floor":43,"key":"Smiling Mask"},{"floor":43,"key":"Bottled Lightning"}],"event_choices":[{"damage_healed":18,"gold_gain":0,"player_choice":"Healed","damage_taken":0,"max_hp_gain":0,"max_hp_loss":0,"event_name":"The Cleric","floor":12,"gold_loss":35},{"damage_healed":0,"gold_gain":0,"player_choice":"Upgrade","damage_taken":0,"max_hp_gain":0,"max_hp_loss":0,"event_name":"Designer","floor":21,"gold_loss":40,"cards_upgraded":["Hologram"]},{"damage_healed":0,"gold_gain":0,"player_choice":"Fought Bandits","damage_taken":0,"max_hp_gain":0,"max_hp_loss":0,"event_name":"Masked Bandits","floor":27,"gold_loss":0},{"damage_healed":25,"gold_gain":0,"player_choice":"Heal","damage_taken":0,"max_hp_gain":0,"max_hp_loss":0,"event_name":"The Library","floor":30,"gold_loss":0},{"damage_healed":0,"gold_gain":0,"player_choice":"Memory 1","damage_taken":0,"max_hp_gain":0,"max_hp_loss":0,"event_name":"SensoryStone","floor":36,"gold_loss":0},{"cards_removed":["Strike_B"],"damage_healed":0,"gold_gain":0,"player_choice":"Removed Attack","damage_taken":0,"max_hp_gain":0,"max_hp_loss":0,"event_name":"Falling","floor":37,"gold_loss":0},{"damage_healed":0,"gold_gain":0,"player_choice":"Max HP","damage_taken":0,"max_hp_gain":0,"max_hp_loss":4,"event_name":"Winding Halls","floor":44,"gold_loss":0},{"damage_healed":0,"gold_gain":0,"player_choice":"Ignored","damage_taken":0,"max_hp_gain":0,"max_hp_loss":0,"event_name":"Mysterious Sphere","floor":45,"gold_loss":0}],"is_beta":false,"boss_relics":[{"not_picked":["Black Star","Runic Dome"],"picked":"Inserter"},{"not_picked":["Snecko Eye","Empty Cage"],"picked":"Orrery"}],"items_purged_floors":[46],"is_endless":false,"potions_floor_spawned":[1,7,10,11,13,24,28,33,48],"ascension_level":0}