{"gold_per_floor":[114,129,129,5,5,5,5,20,20,45,10,25,25,55,55,155,155,170,170,185,200,0,0,0,0,25,40,41,56,71,71],"floor_reached":31,"playtime":911,"items_purged":[],"score":235,"play_id":"982df665-f69b-4bb7-8fa9-d331b9533c81","local_time":"20181209205429","daily_mods":["Chimera","Hoarder","Night Terrors"],"is_ascension_mode":false,"campfire_choices":[{"data":"Loop","floor":7,"key":"SMITH"},{"data":"Self Repair","floor":13,"key":"SMITH"},{"data":"Static Discharge","floor":15,"key":"SMITH"},{"data":"Loop","floor":24,"key":"SMITH"}],"neow_cost":"","seed_source_timestamp":0,"circlet_count":0,"master_deck":["Bash","Survivor","Zap","Strike_R","Defend_R","Static Discharge+1","Static Discharge","Static Discharge","Loop+1","Loop+1","Loop","Self Repair+1","Self Repair","Self Repair","Go for the Eyes","Go for the Eyes","Go for the Eyes","Recycle","Recycle","Recycle","Core Surge","Core Surge","Core Surge","Sunder","Sunder","Sunder","Darkness+1","Darkness+1","Darkness+1","Capacitor","Capacitor","Capacitor"],"special_seed":17875,"relics":["Cracked Core","Potion Belt","Anchor","Centennial Puzzle","Empty Cage","Oddly Smooth Stone","Symbiotic Virus","PreservedInsect","Red Mask"],"potions_floor_usage":[8,12,29,30,30,30],"damage_taken":[{"damage":11,"enemies":"Jaw Worm","floor":1,"turns":4},{"damage":6,"enemies":"Cultist","floor":2,"turns":3},{"damage":8,"enemies":"2 Louse","floor":8,"turns":3},{"damage":18,"enemies":"Lots of Slimes","floor":12,"turns":3},{"damage":23,"enemies":"Lagavulin","floor":14,"turns":5},{"damage":50,"enemies":"The Guardian","floor":16,"turns":7},{"damage":12,"enemies":"Chosen","floor":18,"turns":4},{"damage":30,"enemies":"Spheric Guardian","floor":20,"turns":3},{"damage":19,"enemies":"Chosen and Byrds","floor":21,"turns":4},{"damage":22,"enemies":"Snecko","floor":27,"turns":4},{"damage":25,"enemies":"Masked Bandits","floor":28,"turns":3},{"damage":19,"enemies":"Sentry and Sphere","floor":29,"turns":3},{"damage":19,"enemies":"3 Cultists","floor":30,"turns":3},{"damage":14,"enemies":"Snake Plant","floor":31,"turns":2}],"seed_played":"-7146687675477179986","potions_obtained":[{"floor":8,"key":"FocusPotion"},{"floor":27,"key":"EssenceOfSteel"},{"floor":28,"key":"FocusPotion"},{"floor":29,"key":"Fire Potion"}],"is_trial":false,"path_per_floor":["M","M","?","$","?","$","R","M","T","T","?","M","R","E","R","B",null,"M","?","M","M","$","?","R","T","T","M","?","M","M","M"],"character_chosen":"DEFECT","items_purchased":["Loop","Fire Potion","Oddly Smooth Stone","Block Potion"],"campfire_rested":0,"item_purchase_floors":[4,4,22,22],"current_hp_per_floor":[64,58,51,51,51,51,51,64,64,64,75,71,71,65,65,32,75,75,75,62,60,60,60,60,60,60,52,34,22,10,0],"gold":71,"neow_bonus":"","is_prod":false,"is_daily":true,"chose_seed":false,"campfire_upgraded":4,"win_rate":0,"timestamp":1544417669,"path_taken":["M","M","?","$","?","$","R","?","T","?","?","M","R","E","R","BOSS","M","?","M","?","$","?","R","?","T","M","?","M","?","M"],"build_version":"2018-12-06","purchased_purges":0,"victory":false,"max_hp_per_floor":[75,75,75,75,75,75,75,75,75,75,75,75,75,75,75,75,75,75,75,75,75,75,75,75,75,75,75,75,75,75,75],"card_choices":[{"not_picked":["Stack","Barrage"],"picked":"Static Discharge","floor":1},{"not_picked":["Ball Lightning","Conserve Battery","Stack"],"picked":"SKIP","floor":2},{"not_picked":["Auto Shields","Reinforced Body","Reprogram"],"picked":"SKIP","floor":8},{"not_picked":["Ball Lightning","Genetic Algorithm","Turbo"],"picked":"SKIP","floor":12},{"not_picked":["Sweeping Beam","Cold Snap"],"picked":"Go for the Eyes","floor":14},{"not_picked":["Genetic Algorithm","Leap"],"picked":"Recycle","floor":18},{"not_picked":["Steam","Go for the Eyes","Leap"],"picked":"SKIP","floor":20},{"not_picked":["Barrage","Hologram"],"picked":"Core Surge","floor":21},{"not_picked":["Steam","Compile Driver"],"picked":"Sunder","floor":27},{"not_picked":["Conserve Battery","Cold Snap+1"],"picked":"Darkness+1","floor":28},{"not_picked":["Rebound","Turbo","Beam Cell"],"picked":"SKIP","floor":29},{"not_picked":["Hologram","Steam+1"],"picked":"Capacitor","floor":30}],"player_experience":187339,"relics_obtained":[{"floor":9,"key":"Potion Belt"},{"floor":10,"key":"Anchor"},{"floor":14,"key":"Centennial Puzzle"},{"floor":25,"key":"Symbiotic Virus"},{"floor":26,"key":"PreservedInsect"},{"floor":28,"key":"Red Mask"}],"event_choices":[{"cards_removed":["Defend_G"],"damage_healed":0,"gold_gain":0,"player_choice":"Card Removal","damage_taken":7,"max_hp_gain":0,"max_hp_loss":0,"event_name":"Golden Wing","floor":3,"gold_loss":0},{"damage_healed":0,"gold_gain":0,"cards_transformed":["Strike_G"],"player_choice":"Transformed","damage_taken":0,"max_hp_gain":0,"max_hp_loss":0,"event_name":"Transmorgrifier","floor":5,"gold_loss":0,"cards_obtained":["Self Repair"]},{"damage_healed":18,"gold_gain":0,"player_choice":"Healed","damage_taken":0,"max_hp_gain":0,"max_hp_loss":0,"event_name":"The Cleric","floor":11,"gold_loss":35},{"damage_healed":0,"gold_gain":0,"player_choice":"Ignored","damage_taken":0,"max_hp_gain":0,"max_hp_loss":0,"event_name":"Duplicator","floor":19,"gold_loss":0},{"damage_healed":0,"gold_gain":0,"player_choice":"Fought Bandits","damage_taken":0,"max_hp_gain":0,"max_hp_loss":0,"event_name":"Masked Bandits","floor":28,"gold_loss":0}],"is_beta":false,"boss_relics":[{"not_picked":["Snecko Eye","Runic Dome"],"picked":"Empty Cage"}],"items_purged_floors":[],"is_endless":false,"potions_floor_spawned":[8,27,28,29],"killed_by":"Snake Plant","ascension_level":0}