{"gold_per_floor":[111,111,131,146,165,196,224,236,316,328,340,367,392,424,436,448],"floor_reached":16,"playtime":1733,"items_purged":[],"score":106,"play_id":"113b241b-507e-4b20-a9b9-c41d384e9a44","local_time":"20190408170226","is_ascension_mode":false,"campfire_choices":[{"floor":8,"key":"REST"},{"data":"Searing Blow","floor":10,"key":"SMITH"},{"floor":15,"key":"REST"}],"neow_cost":"NONE","seed_source_timestamp":18548114347741,"circlet_count":0,"master_deck":["Strike_R","Strike_R","Strike_R","Strike_R","Strike_R","Defend_R","Defend_R","Defend_R","Bash","Ghostly Armor","Iron Wave","Armaments","Flex","Flex","Searing Blow+1","Flex","Seeing Red"],"relics":["Burning Blood","MawBank","Gremlin Horn"],"potions_floor_usage":[16],"damage_taken":[{"damage":11,"enemies":"Jaw Worm","floor":1,"turns":3},{"damage":1,"enemies":"Cultist","floor":3,"turns":4},{"damage":5,"enemies":"Small Slimes","floor":4,"turns":3},{"damage":35,"enemies":"Gremlin Gang","floor":5,"turns":9},{"damage":35,"enemies":"Lagavulin","floor":6,"turns":6},{"damage":0,"enemies":"2 Fungi Beasts","floor":7,"turns":3},{"damage":0,"enemies":"3 Louse","floor":12,"turns":4},{"damage":14,"enemies":"Large Slime","floor":13,"turns":8},{"damage":0,"enemies":"Gremlin Gang","floor":14,"turns":3},{"damage":82,"enemies":"Slime Boss","floor":16,"turns":10}],"seed_played":"5177558849514976417","potions_obtained":[{"floor":1,"key":"FearPotion"},{"floor":3,"key":"AttackPotion"},{"floor":5,"key":"SpeedPotion"},{"floor":7,"key":"Weak Potion"}],"is_trial":false,"path_per_floor":["M","?","M","M","M","E","M","R","T","R","?","M","M","M","R","B"],"character_chosen":"IRONCLAD","items_purchased":[],"campfire_rested":2,"item_purchase_floors":[],"current_hp_per_floor":[75,75,80,80,51,22,28,52,52,52,52,58,50,56,80,0],"gold":448,"neow_bonus":"TRANSFORM_CARD","is_prod":false,"is_daily":false,"chose_seed":false,"campfire_upgraded":1,"win_rate":0.0,"timestamp":1554735746,"path_taken":["M","?","M","M","M","E","?","R","T","R","?","M","M","M","R","BOSS"],"build_version":"2019-01-23","purchased_purges":0,"victory":false,"max_hp_per_floor":[80,80,80,80,80,80,80,80,80,80,80,80,80,80,80,80],"card_choices":[{"not_picked":["Dual Wield","Headbutt"],"picked":"Ghostly Armor","floor":1},{"not_picked":["Corruption","Twin Strike"],"picked":"Armaments","floor":3},{"not_picked":["Dual Wield","Pommel Strike"],"picked":"Flex","floor":4},{"not_picked":["True Grit","Twin Strike"],"picked":"Flex","floor":5},{"not_picked":["Corruption","Dark Embrace","Headbutt"],"picked":"SKIP","floor":6},{"not_picked":["Iron Wave","Clash"],"picked":"Searing Blow","floor":7},{"not_picked":["Clash","Clothesline"],"picked":"Flex","floor":12},{"not_picked":["Pommel Strike","Carnage"],"picked":"Seeing Red","floor":13},{"not_picked":["Hemokinesis","Thunderclap","Searing Blow"],"picked":"SKIP","floor":14}],"player_experience":8487,"relics_obtained":[{"floor":6,"key":"MawBank"},{"floor":9,"key":"Gremlin Horn"}],"event_choices":[{"cards_removed":["Inflame"],"damage_healed":0,"gold_gain":0,"player_choice":"Took Card","damage_taken":0,"max_hp_gain":0,"max_hp_loss":0,"event_name":"NoteForYourself","floor":2,"gold_loss":0,"cards_obtained":["Iron Wave"]},{"damage_healed":0,"gold_gain":0,"player_choice":"Got Potions","damage_taken":0,"max_hp_gain":0,"max_hp_loss":0,"event_name":"Lab","floor":11,"gold_loss":0}],"is_beta":false,"boss_relics":[],"items_purged_floors":[],"is_endless":false,"potions_floor_spawned":[1,3,5,7,14],"killed_by":"Slime Boss","ascension_level":0}