{"gold_per_floor":[109,109,109,109,124,124,44,44,44,74,90,90,115,57,57,130,130,143,58,49,65,65],"floor_reached":22,"playtime":1570,"items_purged":[],"score":384,"play_id":"6b014ae8-09bf-4285-b6b9-41e43661af6f","local_time":"20190505143435","is_ascension_mode":true,"campfire_choices":[{"data":"Bouncing Flask","floor":6,"key":"SMITH"},{"data":"Noxious Fumes","floor":8,"key":"SMITH"},{"data":"Envenom","floor":12,"key":"SMITH"},{"data":"Neutralize","floor":15,"key":"SMITH"}],"neow_cost":"NONE","seed_source_timestamp":284443793181541,"circlet_count":0,"master_deck":["AscendersBane","Defend_G","Defend_G+1","Defend_G","Defend_G","Defend_G","Strike_G+1","Strike_G","Strike_G","Survivor","Neutralize+1","Outmaneuver","Dodge and Roll","Bouncing Flask+1","Noxious Fumes+1","Envenom+1","Footwork","Dodge and Roll","Glass Knife","Choke","Footwork"],"relics":["Ring of the Snake","Mummified Hand","Unceasing Top","Darkstone Periapt","Fusion Hammer","Anchor"],"potions_floor_usage":[10,16,18],"damage_taken":[{"damage":4,"enemies":"Small Slimes","floor":1,"turns":5},{"damage":0,"enemies":"2 Louse","floor":5,"turns":5},{"damage":13,"enemies":"3 Sentries","floor":10,"turns":8},{"damage":0,"enemies":"Jaw Worm","floor":11,"turns":4},{"damage":8,"enemies":"Lagavulin","floor":13,"turns":7},{"damage":14,"enemies":"The Guardian","floor":16,"turns":9},{"damage":15,"enemies":"3 Byrds","floor":18,"turns":5},{"damage":14,"enemies":"2 Thieves","floor":20,"turns":4},{"damage":9,"enemies":"Snake Plant","floor":21,"turns":5},{"damage":27,"enemies":"3 Cultists","floor":22,"turns":3}],"seed_played":"-5628385208748178704","potions_obtained":[{"floor":1,"key":"GhostInAJar"},{"floor":11,"key":"GhostInAJar"},{"floor":13,"key":"LiquidBronze"},{"floor":21,"key":"Dexterity Potion"}],"is_trial":false,"path_per_floor":["M","?","?","?","M","R","$","R","T","E","M","R","E","?","R","B",null,"M","?","M","M","M"],"character_chosen":"THE_SILENT","items_purchased":["Noxious Fumes"],"campfire_rested":0,"item_purchase_floors":[7],"current_hp_per_floor":[55,35,57,57,57,57,57,57,57,44,44,44,36,36,36,22,55,40,40,26,17,0],"gold":65,"neow_bonus":"TRANSFORM_CARD","is_prod":false,"is_daily":false,"chose_seed":false,"campfire_upgraded":4,"win_rate":0,"timestamp":1557059675,"path_taken":["M","?","?","?","M","R","$","R","T","E","?","R","E","?","R","BOSS","M","?","M","M","M"],"build_version":"2019-01-23","purchased_purges":0,"victory":false,"max_hp_per_floor":[66,66,66,66,66,66,66,66,66,66,66,66,66,66,66,66,66,66,66,66,66,66],"card_choices":[{"not_picked":["Terror","Distraction","Cloak And Dagger"],"picked":"SKIP","floor":1},{"not_picked":["Finisher","Bane"],"picked":"Bouncing Flask","floor":5},{"not_picked":["Bane","PiercingWail"],"picked":"Envenom","floor":10},{"not_picked":["Underhanded Strike","Escape Plan"],"picked":"Footwork","floor":11},{"not_picked":["Deadly Poison","Underhanded Strike"],"picked":"Dodge and Roll","floor":13},{"not_picked":["Phantasmal Killer","Envenom"],"picked":"Glass Knife","floor":16},{"not_picked":["Cloak And Dagger","Poisoned Stab"],"picked":"Choke","floor":18},{"not_picked":["Flying Knee","Deadly Poison"],"picked":"Footwork","floor":20},{"not_picked":["Dagger Spray","Deadly Poison","Terror"],"picked":"SKIP","floor":21}],"player_experience":2039877,"relics_obtained":[{"floor":9,"key":"Mummified Hand"},{"floor":10,"key":"Unceasing Top"},{"floor":13,"key":"Darkstone Periapt"}],"event_choices":[{"damage_healed":0,"gold_gain":0,"player_choice":"Entered Light","damage_taken":20,"max_hp_gain":0,"max_hp_loss":0,"event_name":"Shining Light","floor":2,"gold_loss":0,"cards_upgraded":["Defend_G","Strike_G"]},{"damage_healed":22,"gold_gain":0,"player_choice":"Banana","damage_taken":0,"max_hp_gain":0,"max_hp_loss":0,"event_name":"Big Fish","floor":3,"gold_loss":0},{"damage_healed":0,"gold_gain":0,"cards_transformed":["Strike_G"],"player_choice":"Change","damage_taken":0,"max_hp_gain":0,"max_hp_loss":0,"event_name":"Living Wall","floor":4,"gold_loss":0,"cards_obtained":["Dodge and Roll"]},{"damage_healed":0,"gold_gain":0,"player_choice":"Left Gold","damage_taken":0,"max_hp_gain":0,"max_hp_loss":0,"event_name":"World of Goop","floor":14,"gold_loss":58},{"damage_healed":0,"gold_gain":0,"player_choice":"Obtained Relic","damage_taken":0,"relics_obtained":["Anchor"],"max_hp_gain":0,"max_hp_loss":0,"event_name":"Addict","floor":19,"gold_loss":85}],"is_beta":false,"boss_relics":[{"not_picked":["Philosopher\u0027s Stone","Runic Pyramid"],"picked":"Fusion Hammer"}],"items_purged_floors":[],"is_endless":false,"potions_floor_spawned":[1,11,13,21],"killed_by":"3 Cultists","ascension_level":20}