{"gold_per_floor":[113,4,4,22,22,53,53,83,83,83,97,97,14,46,46,121,121,132,132,145,159,159,159,0,29,29,56,56,71,71,89,89,160,160,170,187,202,213,231,231,241,241,268,268,268,1,21,73,73,73],"floor_reached":50,"playtime":2140,"items_purged":["Strike_R"],"score":1050,"play_id":"d9ad54de-c035-4f0e-9ab6-16b660f7011b","local_time":"20190501123037","is_ascension_mode":true,"campfire_choices":[{"floor":7,"key":"REST"},{"data":"Defend_R","floor":10,"key":"SMITH"},{"data":"Defend_R","floor":12,"key":"SMITH"},{"floor":15,"key":"REST"},{"floor":23,"key":"REST"},{"data":"Juggernaut","floor":28,"key":"SMITH"},{"floor":32,"key":"REST"},{"data":"J.A.X.","floor":40,"key":"SMITH"},{"floor":49,"key":"REST"}],"neow_cost":"NONE","seed_source_timestamp":3798850843943105,"circlet_count":0,"master_deck":["AscendersBane","Defend_R+1","Defend_R+1","Defend_R","Defend_R+1","Bash","Cleave","Shrug It Off","Inflame","Dropkick","Shrug It Off","Juggernaut+1","Immolate+1","Rage+1","Flex+1","Heavy Blade+1","Body Slam+1","Cleave+1","Thunderclap+1","Seeing Red+1","J.A.X.+1","Infernal Blade+1","Impervious","Battle Trance+1","Shrug It Off+1","Parasite","Cleave+1","Madness","Madness","Seeing Red+1"],"relics":["Burning Blood","Ancient Tea Set","Pear","Pocketwatch","Molten Egg 2","Pen Nib","Astrolabe","Nilry\u0027s Codex","Incense Burner","Red Skull","Lantern","Busted Crown","Omamori","Smiling Mask","Pantograph","Dead Branch"],"potions_floor_usage":[6,14,14,25,29,33,36,38,47],"damage_taken":[{"damage":6,"enemies":"Cultist","floor":1,"turns":3},{"damage":1,"enemies":"Small Slimes","floor":4,"turns":4},{"damage":55,"enemies":"Lagavulin","floor":6,"turns":8},{"damage":24,"enemies":"3 Sentries","floor":8,"turns":7},{"damage":0,"enemies":"2 Louse","floor":11,"turns":3},{"damage":28,"enemies":"Lagavulin","floor":14,"turns":4},{"damage":28,"enemies":"The Guardian","floor":16,"turns":12},{"damage":0,"enemies":"Chosen","floor":18,"turns":3},{"damage":27,"enemies":"Shell Parasite","floor":20,"turns":5},{"damage":0,"enemies":"Chosen and Byrds","floor":21,"turns":2},{"damage":0,"enemies":"Gremlin Leader","floor":25,"turns":5},{"damage":22,"enemies":"Slavers","floor":27,"turns":4},{"damage":0,"enemies":"Snecko","floor":29,"turns":3},{"damage":5,"enemies":"Snake Plant","floor":31,"turns":3},{"damage":47,"enemies":"Champ","floor":33,"turns":12},{"damage":0,"enemies":"Orb Walker","floor":35,"turns":3},{"damage":1,"enemies":"3 Shapes","floor":36,"turns":5},{"damage":5,"enemies":"Transient","floor":37,"turns":6},{"damage":4,"enemies":"3 Darklings","floor":38,"turns":2},{"damage":5,"enemies":"Writhing Mass","floor":39,"turns":6},{"damage":3,"enemies":"Jaw Worm Horde","floor":41,"turns":2},{"damage":22,"enemies":"Sphere and 2 Shapes","floor":47,"turns":4},{"damage":19,"enemies":"2 Orb Walkers","floor":48,"turns":4},{"damage":97,"enemies":"Donu and Deca","floor":50,"turns":8}],"seed_played":"-307672170471045285","potions_obtained":[{"floor":4,"key":"Regen Potion"},{"floor":8,"key":"Block Potion"},{"floor":16,"key":"SteroidPotion"},{"floor":18,"key":"Dexterity Potion"},{"floor":29,"key":"SpeedPotion"},{"floor":31,"key":"Swift Potion"},{"floor":33,"key":"FearPotion"},{"floor":36,"key":"Regen Potion"},{"floor":41,"key":"Ancient Potion"}],"is_trial":false,"path_per_floor":["M","$","?","M","?","E","R","E","T","R","M","R","$","E","R","B",null,"M","?","M","M","?","R","$","E","T","E","R","M","?","M","R","B",null,"M","M","M","M","M","R","M","?","T","?","T","$","M","?","R","B"],"character_chosen":"IRONCLAD","items_purchased":["Shrug It Off","GamblersBrew","Infernal Blade","Ancient Potion","Pantograph"],"campfire_rested":5,"item_purchase_floors":[2,2,13,24,46],"current_hp_per_floor":[68,68,45,50,50,26,51,33,33,33,39,39,39,17,42,20,69,75,75,54,60,39,64,64,70,70,54,54,60,60,61,85,44,75,81,85,85,85,85,85,85,85,85,70,70,70,59,46,71,0],"gold":73,"neow_bonus":"RANDOM_COMMON_RELIC","is_prod":false,"is_daily":false,"chose_seed":false,"campfire_upgraded":4,"win_rate":0,"timestamp":1556710237,"path_taken":["M","$","?","M","?","E","R","E","T","R","M","R","$","E","R","BOSS","M","?","M","M","?","R","$","E","T","E","R","M","?","M","R","BOSS","M","M","M","M","M","R","M","?","T","?","?","$","M","?","R","BOSS"],"build_version":"2019-01-23","purchased_purges":1,"victory":false,"max_hp_per_floor":[75,75,75,75,75,85,85,85,85,85,85,85,85,85,85,85,85,85,85,85,85,85,85,85,85,85,85,85,85,85,85,85,85,85,85,85,85,85,85,85,85,85,85,85,85,85,85,85,85,85],"card_choices":[{"not_picked":["Wild Strike","Clothesline"],"picked":"Cleave","floor":1},{"not_picked":["Dual Wield","Flex"],"picked":"Inflame","floor":4},{"not_picked":["Headbutt","True Grit"],"picked":"Dropkick","floor":6},{"not_picked":["Spot Weakness","Dark Embrace","Carnage"],"picked":"SKIP","floor":8},{"not_picked":["Anger+1","Reckless Charge+1"],"picked":"Shrug It Off","floor":11},{"not_picked":["Rupture","Spot Weakness"],"picked":"Juggernaut","floor":14},{"not_picked":["Juggernaut","Fiend Fire+1"],"picked":"Immolate+1","floor":16},{"not_picked":["Wild Strike+1","Armaments"],"picked":"Body Slam+1","floor":18},{"not_picked":["Evolve","Rupture"],"picked":"Cleave+1","floor":20},{"not_picked":["Rupture","Spot Weakness"],"picked":"Thunderclap+1","floor":21},{"not_picked":["Bloodletting+1","Blood for Blood+1"],"picked":"Seeing Red+1","floor":25},{"not_picked":["Demon Form","Twin Strike+1","Cleave+1"],"picked":"SKIP","floor":27},{"not_picked":["Armaments","Warcry","Perfected Strike+1"],"picked":"SKIP","floor":29},{"not_picked":["Thunderclap+1","Battle Trance"],"picked":"Infernal Blade+1","floor":31},{"not_picked":["Reaper+1","Exhume"],"picked":"Impervious","floor":33},{"not_picked":["Infernal Blade"],"picked":"SKIP","floor":35},{"not_picked":[],"picked":"Battle Trance+1","floor":36},{"not_picked":["Twin Strike+1"],"picked":"SKIP","floor":37},{"not_picked":[],"picked":"Shrug It Off+1","floor":38},{"not_picked":[],"picked":"Cleave+1","floor":39},{"not_picked":["Warcry+1"],"picked":"SKIP","floor":41},{"not_picked":["Clothesline+1"],"picked":"SKIP","floor":47},{"not_picked":[],"picked":"Seeing Red+1","floor":48}],"player_experience":764741,"relics_obtained":[{"floor":6,"key":"Pear"},{"floor":8,"key":"Pocketwatch"},{"floor":9,"key":"Molten Egg 2"},{"floor":14,"key":"Pen Nib"},{"floor":22,"key":"Nilry\u0027s Codex"},{"floor":25,"key":"Incense Burner"},{"floor":26,"key":"Red Skull"},{"floor":27,"key":"Lantern"},{"floor":43,"key":"Omamori"},{"floor":45,"key":"Smiling Mask"},{"floor":48,"key":"Dead Branch"}],"event_choices":[{"damage_healed":0,"gold_gain":0,"player_choice":"Entered Light","damage_taken":23,"max_hp_gain":0,"max_hp_loss":0,"event_name":"Shining Light","floor":3,"gold_loss":0,"cards_upgraded":["Strike_R","Defend_R"]},{"cards_removed":["Strike_R"],"damage_healed":0,"gold_gain":0,"player_choice":"Card Removal","damage_taken":0,"max_hp_gain":0,"max_hp_loss":0,"event_name":"Wheel of Change","floor":5,"gold_loss":0},{"damage_healed":0,"gold_gain":0,"player_choice":"Ignored","damage_taken":0,"max_hp_gain":0,"max_hp_loss":0,"event_name":"Ghosts","floor":19,"gold_loss":0},{"damage_healed":0,"gold_gain":0,"player_choice":"Obtained Book","damage_taken":21,"max_hp_gain":0,"max_hp_loss":0,"event_name":"Cursed Tome","floor":22,"gold_loss":0},{"damage_healed":0,"gold_gain":0,"player_choice":"Obtain J.A.X.","damage_taken":0,"max_hp_gain":0,"max_hp_loss":0,"event_name":"Drug Dealer","floor":30,"gold_loss":0,"cards_obtained":["J.A.X."]},{"cards_removed":["Strike_R"],"damage_healed":0,"gold_gain":0,"player_choice":"Removed Attack","damage_taken":0,"max_hp_gain":0,"max_hp_loss":0,"event_name":"Falling","floor":42,"gold_loss":0},{"damage_healed":0,"gold_gain":0,"player_choice":"Embrace Madness","damage_taken":15,"max_hp_gain":0,"max_hp_loss":0,"event_name":"Winding Halls","floor":44,"gold_loss":0,"cards_obtained":["Madness","Madness"]},{"damage_healed":0,"gold_gain":0,"player_choice":"Fight","damage_taken":0,"max_hp_gain":0,"max_hp_loss":0,"event_name":"Mysterious Sphere","floor":48,"gold_loss":0}],"is_beta":false,"boss_relics":[{"not_picked":["Eternal Feather","Pandora\u0027s Box"],"picked":"Astrolabe"},{"not_picked":["Philosopher\u0027s Stone","White Beast Statue"],"picked":"Busted Crown"}],"items_purged_floors":[24],"is_endless":false,"potions_floor_spawned":[4,8,16,18,29,31,33,35,36,41],"killed_by":"Donu and Deca","ascension_level":20}