{"gold_per_floor":[216,227,7,19,19,47,47,67,142,142,170,181,191,225,237,323,335,366,166,179,179,197,197,247,247,270,23,23,23,23,58,58,135,135,150,0,0,12,12,12,12],"floor_reached":41,"playtime":3109,"items_purged":["Strike_G"],"score":854,"play_id":"7309abe0-7cb5-4b1c-ac21-de8b6c4bc450","local_time":"20190505081917","is_ascension_mode":true,"campfire_choices":[{"data":"Predator","floor":7.0,"key":"SMITH"},{"data":"Dagger Spray","floor":10.0,"key":"SMITH"},{"floor":15.0,"key":"REST"},{"floor":23.0,"key":"REST"},{"data":"Noxious Fumes","floor":25.0,"key":"SMITH"},{"data":"Die Die Die","floor":28.0,"key":"SMITH"},{"floor":32.0,"key":"REST"},{"data":"Bandage Up","floor":40.0,"key":"SMITH"}],"neow_cost":"NONE","seed_source_timestamp":264866650592612,"circlet_count":0,"master_deck":["AscendersBane","Defend_G","Defend_G","Defend_G","Defend_G","Defend_G","Strike_G","Survivor","Neutralize","Masterful Stab","Well Laid Plans","Predator+1","Poisoned Stab","Deflect","Dagger Spray+1","Sucker Punch","Die Die Die+1","Noxious Fumes+1","Well Laid Plans","Footwork+1","PiercingWail","Sadistic Nature","Unload","Malaise","Backflip","Night Terror","Deflect","Bandage Up+1","Crippling Poison"],"special_seed":0,"relics":["Ring of the Snake","Mango","Vajra","MawBank","Velvet Choker","Pen Nib","Orichalcum","Black Star","Red Mask"],"potions_floor_usage":[41],"damage_taken":[{"damage":4.0,"enemies":"Jaw Worm","floor":1.0,"turns":5.0},{"damage":0.0,"enemies":"Small Slimes","floor":2.0,"turns":3.0},{"damage":0.0,"enemies":"2 Louse","floor":4.0,"turns":2.0},{"damage":3.0,"enemies":"3 Sentries","floor":6.0,"turns":7.0},{"damage":4.0,"enemies":"Large Slime","floor":8.0,"turns":5.0},{"damage":27.0,"enemies":"Lagavulin","floor":11.0,"turns":6.0},{"damage":3.0,"enemies":"Blue Slaver","floor":12.0,"turns":3.0},{"damage":1.0,"enemies":"Looter","floor":13.0,"turns":3.0},{"damage":3.0,"enemies":"Gremlin Nob","floor":14.0,"turns":3.0},{"damage":25.0,"enemies":"Slime Boss","floor":16.0,"turns":9.0},{"damage":8.0,"enemies":"Chosen","floor":18.0,"turns":5.0},{"damage":12.0,"enemies":"2 Thieves","floor":20.0,"turns":3.0},{"damage":36.0,"enemies":"Snake Plant","floor":22.0,"turns":4.0},{"damage":21.0,"enemies":"Gremlin Leader","floor":31.0,"turns":7.0},{"damage":35.0,"enemies":"Collector","floor":33.0,"turns":12.0},{"damage":4.0,"enemies":"3 Darklings","floor":35.0,"turns":3.0},{"damage":2.0,"enemies":"Orb Walker","floor":38.0,"turns":2.0},{"damage":67,"enemies":"Giant Head","floor":41,"turns":8}],"seed_played":"-2595195828353000451","potions_obtained":[{"floor":1.0,"key":"EssenceOfSteel"},{"floor":13.0,"key":"FearPotion"},{"floor":22.0,"key":"Ancient Potion"},{"floor":33.0,"key":"GhostInAJar"},{"floor":35.0,"key":"Swift Potion"}],"is_trial":false,"path_per_floor":["M","M","$","M","?","E","R","M","T","R","E","M","M","E","R","B",null,"M","$","M","?","M","R","?","R","T","$","R","?","?","E","R","B",null,"M","?","?","M","?","R","E"],"character_chosen":"THE_SILENT","items_purchased":["Well Laid Plans","Predator","AttackPotion","Noxious Fumes","PowerPotion","PiercingWail","Sadistic Nature"],"campfire_rested":3,"item_purchase_floors":[3,3,3,19,19,27,27],"current_hp_per_floor":[55,55,55,55,48,59,59,55,55,55,28,25,24,21,45,20,65,57,57,45,45,9,33,33,33,33,33,33,33,33,12,36,1,60,56,56,56,54,54,54,0],"gold":12,"neow_bonus":"HUNDRED_GOLD","is_prod":false,"is_daily":false,"chose_seed":false,"campfire_upgraded":5,"win_rate":0,"timestamp":1557037157,"path_taken":["M","M","$","M","?","E","R","M","T","R","E","M","M","E","R","BOSS","M","$","M","?","M","R","?","R","T","$","R","?","?","E","R","BOSS","M","?","?","M","?","R","E"],"build_version":"2019-01-23","purchased_purges":1,"victory":false,"max_hp_per_floor":[66,66,66,66,66,80,80,80,80,80,80,80,80,80,80,80,80,80,80,80,80,80,80,80,80,80,80,80,80,80,80,80,80,80,80,80,80,80,80,80,80],"card_choices":[{"not_picked":["Calculated Gamble","Tactician"],"picked":"Masterful Stab","floor":1.0},{"not_picked":["PiercingWail","Reflex","Distraction"],"picked":"SKIP","floor":2.0},{"not_picked":["Outmaneuver","Quick Slash"],"picked":"Poisoned Stab","floor":4.0},{"not_picked":["Prepared","Underhanded Strike"],"picked":"Deflect","floor":6.0},{"not_picked":["Storm of Steel","Reflex"],"picked":"Dagger Spray","floor":8.0},{"not_picked":["Riddle With Holes","Setup"],"picked":"Endless Agony","floor":11.0},{"not_picked":["Dagger Throw","Deflect","Underhanded Strike"],"picked":"SKIP","floor":12.0},{"not_picked":["Quick Slash","Deflect","Dagger Throw"],"picked":"SKIP","floor":13.0},{"not_picked":["Poisoned Stab","Deflect"],"picked":"Sucker Punch","floor":14.0},{"not_picked":["Doppelganger","Unload"],"picked":"Die Die Die","floor":16.0},{"not_picked":["Endless Agony","Terror","Flying Knee"],"picked":"SKIP","floor":18.0},{"not_picked":["Masterful Stab","Quick Slash"],"picked":"Well Laid Plans","floor":20.0},{"not_picked":["Dodge and Roll+1","Underhanded Strike"],"picked":"Footwork+1","floor":22.0},{"not_picked":["Dodge and Roll","Finisher+1"],"picked":"Backflip","floor":31.0},{"not_picked":["Corpse Explosion","Phantasmal Killer"],"picked":"Night Terror","floor":33.0},{"not_picked":["Bane","Dagger Throw"],"picked":"Deflect","floor":35.0},{"not_picked":["Swift Strike","Forethought"],"picked":"Bandage Up","floor":37.0},{"not_picked":["Quick Slash","Terror"],"picked":"Crippling Poison","floor":38.0}],"player_experience":2022221,"relics_obtained":[{"floor":6.0,"key":"Mango"},{"floor":11.0,"key":"Vajra"},{"floor":14.0,"key":"MawBank"},{"floor":26.0,"key":"Pen Nib"},{"floor":31.0,"key":"Orichalcum"}],"event_choices":[{"cards_removed":["Strike_G"],"damage_healed":0.0,"max_hp_gain":0.0,"max_hp_loss":0.0,"gold_gain":0.0,"event_name":"Golden Wing","player_choice":"Card Removal","floor":5.0,"gold_loss":0.0,"damage_taken":7.0},{"damage_healed":0.0,"max_hp_gain":0.0,"max_hp_loss":0.0,"gold_gain":0.0,"event_name":"The Mausoleum","player_choice":"Ignored","floor":21.0,"gold_loss":0.0,"damage_taken":0.0},{"damage_healed":0.0,"max_hp_gain":0.0,"max_hp_loss":0.0,"gold_gain":50.0,"event_name":"Nest","player_choice":"Stole From Cult","floor":24.0,"gold_loss":0.0,"damage_taken":0.0},{"damage_healed":0.0,"max_hp_gain":0.0,"max_hp_loss":0.0,"gold_gain":0.0,"cards_transformed":["Strike_G","Strike_G"],"event_name":"Drug Dealer","player_choice":"Became Test Subject","floor":29.0,"gold_loss":0.0,"damage_taken":0.0,"cards_obtained":["Unload","Malaise"]},{"damage_healed":0.0,"max_hp_gain":0.0,"max_hp_loss":0.0,"gold_gain":0.0,"event_name":"Vampires","player_choice":"Ignored","floor":30.0,"gold_loss":0.0,"damage_taken":0.0},{"damage_healed":0.0,"max_hp_gain":0.0,"max_hp_loss":0.0,"gold_gain":0.0,"event_name":"Tomb of Lord Red Mask","player_choice":"Paid","floor":36.0,"gold_loss":150.0,"damage_taken":0.0,"relics_obtained":["Red Mask"]},{"damage_healed":0.0,"max_hp_gain":0.0,"max_hp_loss":0.0,"gold_gain":0.0,"event_name":"SensoryStone","player_choice":"Memory 1","floor":37.0,"gold_loss":0.0,"damage_taken":0.0},{"cards_removed":["Endless Agony"],"damage_healed":0.0,"max_hp_gain":0.0,"max_hp_loss":0.0,"gold_gain":0.0,"event_name":"Falling","player_choice":"Removed Attack","floor":39.0,"gold_loss":0.0,"damage_taken":0.0}],"is_beta":false,"boss_relics":[{"not_picked":["Eternal Feather","Astrolabe"],"picked":"Velvet Choker"},{"not_picked":["White Beast Statue","Lizard Tail"],"picked":"Black Star"}],"items_purged_floors":[19],"is_endless":false,"potions_floor_spawned":[1,4,13,22,33,35],"killed_by":"Giant Head","ascension_level":20}