{"gold_per_floor":[113,130,142,159,159,159,175,175,175,197,209,65,85,85,85,186,186,206,219,140,140,150,150,169,169,169,169,196,209,228,247,247,347,347,367,380,390,19,19,119,119,138,138,151,161,161,176,196,196,196],"floor_reached":51,"playtime":6483,"items_purged":[],"score":599,"play_id":"390087d9-6000-45be-a955-961ac4fda70e","local_time":"20190503182448","is_ascension_mode":false,"campfire_choices":[{"data":"Poisoned Stab","floor":6.0,"key":"SMITH"},{"data":"Endless Agony","floor":8.0,"key":"SMITH"},{"floor":11.0,"key":"REST"},{"data":"Glass Knife","floor":15.0,"key":"SMITH"},{"floor":23.0,"key":"REST"},{"data":"Envenom","floor":25.0,"key":"SMITH"},{"data":"Tools of the Trade","floor":27.0,"key":"SMITH"},{"data":"Footwork","floor":32.0,"key":"SMITH"},{"data":"1","floor":41,"key":"LIFT"},{"data":"2","floor":46,"key":"LIFT"},{"floor":49,"key":"REST"}],"neow_cost":"NONE","seed_source_timestamp":25606948890071,"circlet_count":0,"master_deck":["Defend_G","Defend_G","Defend_G","Defend_G","Defend_G","Strike_G","Strike_G","Strike_G","Strike_G","Strike_G","Survivor","Neutralize","Wraith Form v2","Endless Agony+1","Poisoned Stab+1","Outmaneuver","Riddle With Holes","Glass Knife+1","Envenom+1","Footwork+1","Noxious Fumes","Well Laid Plans","Tools of the Trade+1","Bane","Caltrops","Blur+1","Night Terror","Deflect+1","Prepared+1","Backflip+1","Crippling Poison","Terror+1","Deflect+1"],"special_seed":0,"relics":["Ring of the Snake","MawBank","Snake Skull","White Beast Statue","Meat on the Bone","Red Mask","Busted Crown","Torii","Girya","Tough Bandages"],"potions_floor_usage":[36,36,37,44,45,45,47,48,50,50],"damage_taken":[{"damage":10.0,"enemies":"Jaw Worm","floor":1.0,"turns":6.0},{"damage":1.0,"enemies":"Cultist","floor":2.0,"turns":4.0},{"damage":1.0,"enemies":"2 Louse","floor":3.0,"turns":3.0},{"damage":2.0,"enemies":"Looter","floor":4.0,"turns":4.0},{"damage":19.0,"enemies":"2 Fungi Beasts","floor":7.0,"turns":5.0},{"damage":22.0,"enemies":"Exordium Wildlife","floor":10.0,"turns":6.0},{"damage":2.0,"enemies":"Looter","floor":13.0,"turns":4.0},{"damage":22.0,"enemies":"Slime Boss","floor":16.0,"turns":16.0},{"damage":4.0,"enemies":"2 Thieves","floor":18.0,"turns":4.0},{"damage":6.0,"enemies":"3 Byrds","floor":19.0,"turns":6.0},{"damage":20.0,"enemies":"Centurion and Healer","floor":22.0,"turns":8.0},{"damage":12.0,"enemies":"Cultist and Chosen","floor":24.0,"turns":6.0},{"damage":27.0,"enemies":"Masked Bandits","floor":28.0,"turns":5.0},{"damage":9.0,"enemies":"3 Cultists","floor":29.0,"turns":5.0},{"damage":1.0,"enemies":"Chosen and Byrds","floor":30.0,"turns":4.0},{"damage":0.0,"enemies":"Centurion and Healer","floor":31.0,"turns":5.0},{"damage":38.0,"enemies":"Champ","floor":33.0,"turns":13.0},{"damage":22,"enemies":"Orb Walker","floor":35,"turns":4},{"damage":6,"enemies":"3 Shapes","floor":36,"turns":2},{"damage":15,"enemies":"Writhing Mass","floor":37,"turns":7},{"damage":0,"enemies":"Mind Bloom Boss Battle","floor":40,"turns":8},{"damage":8,"enemies":"3 Darklings","floor":42,"turns":7},{"damage":1,"enemies":"Sphere and 2 Shapes","floor":44,"turns":6},{"damage":8,"enemies":"Transient","floor":45,"turns":5},{"damage":8,"enemies":"Writhing Mass","floor":47,"turns":5},{"damage":32,"enemies":"Jaw Worm Horde","floor":48,"turns":5},{"damage":32,"enemies":"Donu and Deca","floor":50,"turns":11}],"seed_played":"-5662489438249901700","potions_obtained":[{"floor":1.0,"key":"GhostInAJar"},{"floor":2.0,"key":"Poison Potion"},{"floor":3.0,"key":"Block Potion"},{"floor":5.0,"key":"Block Potion"},{"floor":18.0,"key":"Poison Potion"},{"floor":19.0,"key":"GamblersBrew"},{"floor":22.0,"key":"Energy Potion"},{"floor":24.0,"key":"EssenceOfSteel"},{"floor":28.0,"key":"PowerPotion"},{"floor":29.0,"key":"EntropicBrew"},{"floor":30.0,"key":"Block Potion"},{"floor":31.0,"key":"Block Potion"},{"floor":33.0,"key":"FearPotion"},{"floor":35,"key":"EntropicBrew"},{"floor":36,"key":"GamblersBrew"},{"floor":37,"key":"Swift Potion"},{"floor":40,"key":"Dexterity Potion"},{"floor":44,"key":"Block Potion"},{"floor":45,"key":"AttackPotion"},{"floor":47,"key":"Block Potion"},{"floor":48,"key":"Energy Potion"}],"is_trial":false,"path_per_floor":["M","M","M","M","?","R","M","R","T","M","R","$","M","?","R","B",null,"M","M","$","?","M","R","M","R","T","R","?","M","M","M","R","B",null,"M","M","M","$","?","?","R","M","T","M","M","R","M","M","R","B",null],"character_chosen":"THE_SILENT","items_purchased":["Snake Skull","Noxious Fumes","Crippling Poison","Torii"],"campfire_rested":3,"item_purchase_floors":[12,20,38,38],"current_hp_per_floor":[60,59,58,56,56,56,37,37,37,15,36,36,34,34,34,12,70,66,60,60,47,27,49,37,37,37,37,22,25,36,48,48,22,75,53,47,44,44,44,44,44,48,48,47,39,39,43,23,45,25],"gold":196,"neow_bonus":"ONE_RANDOM_RARE_CARD","is_prod":false,"is_daily":false,"chose_seed":false,"campfire_upgraded":6,"win_rate":0.0,"timestamp":1556900688,"path_taken":["M","M","M","M","?","R","M","R","T","M","R","$","?","?","R","BOSS","M","M","$","?","M","R","M","R","T","R","?","?","M","M","R","BOSS","M","M","M","$","?","?","R","?","T","M","M","R","M","M","R","BOSS"],"build_version":"2019-01-23","purchased_purges":0,"victory":true,"max_hp_per_floor":[70,70,70,70,70,70,70,70,70,70,70,70,70,70,70,70,70,70,70,70,75,75,75,75,75,75,75,75,75,75,75,75,75,75,75,75,75,75,75,75,75,75,75,75,75,75,75,75,75,75],"card_choices":[{"not_picked":["Dodge and Roll","Leg Sweep"],"picked":"Endless Agony","floor":1.0},{"not_picked":["Escape Plan","Masterful Stab","Underhanded Strike"],"picked":"SKIP","floor":2.0},{"not_picked":["Dagger Spray","Tactician"],"picked":"Poisoned Stab","floor":3.0},{"not_picked":["All Out Attack","Masterful Stab"],"picked":"Outmaneuver","floor":4.0},{"not_picked":["Dodge and Roll","Slice"],"picked":"Riddle With Holes","floor":7.0},{"not_picked":["Quick Slash","Eviscerate","Slice"],"picked":"SKIP","floor":10.0},{"not_picked":["Sucker Punch","Slice"],"picked":"Glass Knife","floor":13.0},{"not_picked":["Tools of the Trade","Wraith Form v2"],"picked":"Envenom","floor":16.0},{"not_picked":["Sucker Punch+1","Quick Slash","Slice"],"picked":"SKIP","floor":18.0},{"not_picked":["Underhanded Strike+1","All Out Attack"],"picked":"Footwork","floor":19.0},{"not_picked":["Endless Agony+1","Slice+1"],"picked":"Well Laid Plans","floor":22.0},{"not_picked":["Outmaneuver","Footwork+1"],"picked":"Tools of the Trade","floor":24.0},{"not_picked":["Quick Slash+1","Dodge and Roll+1"],"picked":"Bane","floor":28.0},{"not_picked":["Poisoned Stab","Deadly Poison"],"picked":"Caltrops","floor":29.0},{"not_picked":["Eviscerate","Deadly Poison","Acrobatics"],"picked":"SKIP","floor":30.0},{"not_picked":["Finisher","Caltrops"],"picked":"Blur+1","floor":31.0},{"not_picked":["Unload","Wraith Form v2"],"picked":"Night Terror","floor":33.0},{"not_picked":[],"picked":"Deflect+1","floor":35},{"not_picked":[],"picked":"Prepared+1","floor":36},{"not_picked":[],"picked":"Backflip+1","floor":37},{"not_picked":[],"picked":"Terror+1","floor":42},{"not_picked":[],"picked":"Deflect+1","floor":44},{"not_picked":["Caltrops+1"],"picked":"SKIP","floor":45},{"not_picked":["Outmaneuver"],"picked":"SKIP","floor":47},{"not_picked":["Outmaneuver"],"picked":"SKIP","floor":48}],"player_experience":132687,"relics_obtained":[{"floor":9.0,"key":"MawBank"},{"floor":26.0,"key":"Meat on the Bone"},{"floor":28.0,"key":"Red Mask"},{"floor":40,"key":"Girya"},{"floor":43,"key":"Tough Bandages"}],"event_choices":[{"damage_healed":0.0,"max_hp_gain":0.0,"max_hp_loss":0.0,"gold_gain":0.0,"event_name":"Lab","player_choice":"Got Potions","floor":5.0,"gold_loss":0.0,"damage_taken":0.0},{"damage_healed":0.0,"max_hp_gain":0.0,"max_hp_loss":0.0,"gold_gain":0.0,"event_name":"Liars Game","player_choice":"Ignored","floor":14.0,"gold_loss":0.0,"damage_taken":0.0},{"damage_healed":0.0,"max_hp_gain":5.0,"max_hp_loss":0.0,"gold_gain":0.0,"event_name":"Forgotten Altar","player_choice":"Shed Blood","floor":21.0,"gold_loss":0.0,"damage_taken":18.0},{"damage_healed":0.0,"max_hp_gain":0.0,"max_hp_loss":0.0,"gold_gain":0.0,"event_name":"Masked Bandits","player_choice":"Fought Bandits","floor":28.0,"gold_loss":0.0,"damage_taken":0.0},{"damage_healed":0,"gold_gain":0,"player_choice":"Ignored","damage_taken":0,"max_hp_gain":0,"max_hp_loss":0,"event_name":"Mysterious Sphere","floor":39,"gold_loss":0},{"damage_healed":0,"gold_gain":0,"player_choice":"Fight","damage_taken":0,"max_hp_gain":0,"max_hp_loss":0,"event_name":"MindBloom","floor":40,"gold_loss":0}],"is_beta":false,"boss_relics":[{"not_picked":["Eternal Feather","Astrolabe"],"picked":"White Beast Statue"},{"not_picked":["Coffee Dripper","Calling Bell"],"picked":"Busted Crown"}],"items_purged_floors":[],"is_endless":false,"potions_floor_spawned":[1,2,3,18,19,22,24,28,29,30,31,33,35,36,37,40,42,44,45,47,48],"ascension_level":0}