{"gold_per_floor":[111,111,125,145,159,189,189,47,93,126,126,141,10,31,31,102,102,112,126,145,145],"floor_reached":21,"playtime":877,"items_purged":["Strike_G"],"score":382,"play_id":"ae2c0be8-b37b-4a91-a75b-fd4267f5a8cd","local_time":"20190501111210","is_ascension_mode":true,"campfire_choices":[{"floor":7,"key":"REST"},{"floor":11,"key":"REST"},{"data":"Terror","floor":15,"key":"SMITH"}],"neow_cost":"NONE","seed_source_timestamp":3795407068150750,"circlet_count":0,"master_deck":["AscendersBane","Defend_G","Defend_G","Defend_G+1","Defend_G","Defend_G","Strike_G","Strike_G","Strike_G","Strike_G","Survivor","Neutralize","Sucker Punch+1","Flying Knee","All Out Attack","Terror+1","Footwork","Poisoned Stab","Glass Knife","Dash","Predator","Dodge and Roll"],"relics":["Ring of the Snake","Blood Vial","Matryoshka","Oddly Smooth Stone","Bag of Marbles","Potion Belt","Odd Mushroom","Black Star"],"potions_floor_usage":[6,6,14,18,21],"damage_taken":[{"damage":5,"enemies":"2 Louse","floor":1,"turns":4},{"damage":0,"enemies":"Jaw Worm","floor":3,"turns":5},{"damage":0,"enemies":"Cultist","floor":4,"turns":3},{"damage":16,"enemies":"3 Louse","floor":5,"turns":5},{"damage":18,"enemies":"Lagavulin","floor":6,"turns":5},{"damage":21,"enemies":"Gremlin Nob","floor":10,"turns":4},{"damage":0,"enemies":"Large Slime","floor":12,"turns":4},{"damage":0,"enemies":"The Mushroom Lair","floor":14,"turns":3},{"damage":23,"enemies":"The Guardian","floor":16,"turns":12},{"damage":10,"enemies":"Spheric Guardian","floor":18,"turns":4},{"damage":21,"enemies":"3 Byrds","floor":19,"turns":7},{"damage":27,"enemies":"Snecko","floor":20,"turns":6},{"damage":6,"enemies":"Snake Plant","floor":21,"turns":2}],"seed_played":"6636460643839561843","potions_obtained":[{"floor":3,"key":"EssenceOfSteel"},{"floor":4,"key":"AttackPotion"},{"floor":5,"key":"Block Potion"},{"floor":12,"key":"SkillPotion"},{"floor":14,"key":"SkillPotion"},{"floor":20,"key":"SpeedPotion"}],"is_trial":false,"path_per_floor":["M","?","M","M","M","E","R","$","T","E","R","M","$","?","R","B",null,"M","M","M","M"],"character_chosen":"THE_SILENT","items_purchased":["Footwork","Poisoned Stab","FearPotion"],"campfire_rested":2,"item_purchase_floors":[8,8,13],"current_hp_per_floor":[56,36,38,40,26,10,29,29,29,10,29,31,31,33,33,12,53,45,26,1,0],"gold":145,"neow_bonus":"RANDOM_COMMON_RELIC","is_prod":false,"is_daily":false,"chose_seed":false,"campfire_upgraded":1,"win_rate":0,"timestamp":1556705530,"path_taken":["M","?","M","M","M","E","R","$","T","E","R","M","$","?","R","BOSS","M","M","M","M"],"build_version":"2019-01-23","purchased_purges":1,"victory":false,"max_hp_per_floor":[66,66,66,66,66,66,66,66,66,66,66,66,66,66,66,66,66,66,66,66,66],"card_choices":[{"not_picked":["Dagger Throw","Expertise"],"picked":"Sucker Punch","floor":1},{"not_picked":["Prepared","Deflect","Outmaneuver"],"picked":"SKIP","floor":3},{"not_picked":["Outmaneuver","Blade Dance"],"picked":"Flying Knee","floor":4},{"not_picked":["Calculated Gamble","Flying Knee"],"picked":"All Out Attack","floor":5},{"not_picked":["Backstab","Escape Plan"],"picked":"Terror","floor":6},{"not_picked":["Prepared","Bane"],"picked":"Glass Knife","floor":10},{"not_picked":["Underhanded Strike","Masterful Stab"],"picked":"Dash","floor":12},{"not_picked":["Dagger Throw","Choke"],"picked":"Predator","floor":14},{"not_picked":["Outmaneuver","Eviscerate"],"picked":"Dodge and Roll","floor":18},{"not_picked":["Concentrate","Outmaneuver","Flying Knee"],"picked":"SKIP","floor":19},{"not_picked":["Poisoned Stab+1","Catalyst","Reflex"],"picked":"SKIP","floor":20}],"player_experience":761350,"relics_obtained":[{"floor":6,"key":"Matryoshka"},{"floor":9,"key":"Oddly Smooth Stone"},{"floor":9,"key":"Bag of Marbles"},{"floor":10,"key":"Potion Belt"},{"floor":14,"key":"Odd Mushroom"}],"event_choices":[{"damage_healed":0,"gold_gain":0,"player_choice":"Entered Light","damage_taken":20,"max_hp_gain":0,"max_hp_loss":0,"event_name":"Shining Light","floor":2,"gold_loss":0,"cards_upgraded":["Sucker Punch","Defend_G"]},{"damage_healed":0,"gold_gain":0,"player_choice":"Fought Mushrooms","damage_taken":0,"max_hp_gain":0,"max_hp_loss":0,"event_name":"Mushrooms","floor":14,"gold_loss":0}],"is_beta":false,"boss_relics":[{"not_picked":["Sozu","Philosopher\u0027s Stone"],"picked":"Black Star"}],"items_purged_floors":[13],"is_endless":false,"potions_floor_spawned":[3,4,5,12,14,20],"killed_by":"Snake Plant","ascension_level":20}