{"gold_per_floor":[114,114,114,41,41,41,74,92,92,42,52,1,20,20,20,116,116,132,62,76,4,4,4,4,4,4,4,4,18,36,62,62,62],"floor_reached":33,"playtime":1268,"items_purged":[],"score":266,"play_id":"a33ee4fa-295d-4a76-80f9-74a5f0a3ab53","local_time":"20181031205302","is_ascension_mode":false,"campfire_choices":[{"data":"Deadly Poison","floor":6,"key":"SMITH"},{"data":"Catalyst","floor":15,"key":"SMITH"},{"floor":23,"key":"REST"},{"data":"Corpse Explosion","floor":25,"key":"SMITH"},{"floor":32,"key":"REST"}],"neow_cost":"NONE","seed_source_timestamp":262584501393045,"circlet_count":0,"master_deck":["Defend_G","Defend_G","Defend_G","Defend_G","Defend_G","Strike_G","Strike_G","Strike_G","Strike_G","Survivor","Neutralize","Poisoned Stab","Deadly Poison+1","Slice","Endless Agony","Catalyst+1","Endless Agony","Cloak And Dagger","Dash","Corpse Explosion+1","Backstab","Terror+1","RitualDagger","Noxious Fumes+1","Injury"],"relics":["Velvet Choker","Frozen Egg 2","Smiling Mask","Pear","Cursed Key","CultistMask","Ancient Tea Set"],"potions_floor_usage":[7,7,7,8,13,30],"damage_taken":[{"damage":3,"enemies":"Jaw Worm","floor":1,"turns":4},{"damage":6,"enemies":"Lagavulin","floor":7,"turns":6},{"damage":0,"enemies":"Cultist","floor":8,"turns":3},{"damage":0,"enemies":"2 Louse","floor":11,"turns":3},{"damage":10,"enemies":"Large Slime","floor":13,"turns":5},{"damage":37,"enemies":"Hexaghost","floor":16,"turns":8},{"damage":5,"enemies":"Shell Parasite","floor":18,"turns":4},{"damage":21,"enemies":"2 Thieves","floor":20,"turns":4},{"damage":16,"enemies":"Snake Plant","floor":29,"turns":3},{"damage":5,"enemies":"Snecko","floor":30,"turns":4},{"damage":87,"enemies":"Automaton","floor":33,"turns":8}],"seed_played":"-8489681297561128260","potions_obtained":[{"floor":2,"key":"EssenceOfSteel"},{"floor":2,"key":"SpeedPotion"},{"floor":2,"key":"Regen Potion"},{"floor":7,"key":"SpeedPotion"},{"floor":11,"key":"PowerPotion"},{"floor":13,"key":"Energy Potion"},{"floor":29,"key":"LiquidBronze"},{"floor":30,"key":"GamblersBrew"}],"is_trial":false,"path_per_floor":["M","?","?","$","T","R","E","M","T","?","M","$","M","$","R","B",null,"M","$","M","$","?","R","?","R","T","?","?","M","M","T","R"],"character_chosen":"THE_SILENT","items_purchased":["Deadly Poison","Slice","Cloak And Dagger","Backstab","Terror"],"campfire_rested":2,"item_purchase_floors":[4,4,12,19,21],"current_hp_per_floor":[67,67,72,72,72,72,75,75,85,85,85,85,75,75,75,38,85,80,80,59,59,53,78,85,85,85,85,85,69,64,64,85,0],"gold":62,"neow_bonus":"BOSS_RELIC","is_prod":false,"is_daily":false,"chose_seed":false,"campfire_upgraded":3,"win_rate":0.0,"timestamp":1541044382,"path_taken":["M","?","?","$","?","R","E","M","T","?","M","?","M","$","R","BOSS","M","$","M","$","?","R","?","R","T","?","?","?","M","?","R","BOSS"],"build_version":"2018-10-25v2","purchased_purges":0,"victory":false,"max_hp_per_floor":[70,70,75,75,75,75,75,75,85,85,85,85,85,85,85,85,85,85,85,85,85,85,85,85,85,85,85,85,85,85,85,85,85],"card_choices":[{"not_picked":["Bane","Outmaneuver"],"picked":"Poisoned Stab","floor":1},{"not_picked":["Reflex","Prepared"],"picked":"Endless Agony","floor":7},{"not_picked":["Slice","Distraction"],"picked":"Catalyst","floor":8},{"not_picked":["Slice","Footwork+1"],"picked":"Endless Agony","floor":11},{"not_picked":["Quick Slash","Footwork+1"],"picked":"Dash","floor":13},{"not_picked":["Tools of the Trade+1","Burst"],"picked":"Corpse Explosion","floor":16},{"not_picked":["Outmaneuver","Deflect","Dagger Throw"],"picked":"SKIP","floor":18},{"not_picked":["PiercingWail","Outmaneuver","Poisoned Stab"],"picked":"SKIP","floor":20},{"not_picked":["Predator+1","Outmaneuver","Blade Dance"],"picked":"SKIP","floor":29},{"not_picked":["Storm of Steel","Backflip+1"],"picked":"Noxious Fumes+1","floor":30}],"player_experience":78324,"relics_obtained":[{"floor":5,"key":"Frozen Egg 2"},{"floor":7,"key":"Smiling Mask"},{"floor":9,"key":"Pear"},{"floor":31,"key":"Ancient Tea Set"}],"event_choices":[{"damage_healed":0,"gold_gain":0,"player_choice":"Got Potions","damage_taken":0,"max_hp_gain":0,"max_hp_loss":0,"event_name":"The Lab","floor":2,"gold_loss":0},{"damage_healed":0,"gold_gain":0,"player_choice":"Donut","damage_taken":0,"max_hp_gain":5,"max_hp_loss":0,"event_name":"Big Fish","floor":3,"gold_loss":0},{"cards_removed":["Strike_G"],"damage_healed":0,"gold_gain":0,"player_choice":"Card Removal","damage_taken":0,"max_hp_gain":0,"max_hp_loss":0,"event_name":"The Cleric","floor":10,"gold_loss":50},{"damage_healed":0,"gold_gain":0,"player_choice":"Joined the Cult","damage_taken":6,"max_hp_gain":0,"max_hp_loss":0,"event_name":"Nest","floor":22,"gold_loss":0,"cards_obtained":["RitualDagger"]},{"damage_healed":7,"gold_gain":0,"player_choice":"Full Heal","damage_taken":0,"max_hp_gain":0,"max_hp_loss":0,"event_name":"Wheel of Change","floor":24,"gold_loss":0},{"damage_healed":0,"gold_gain":0,"player_choice":"Forge","damage_taken":0,"max_hp_gain":0,"max_hp_loss":0,"event_name":"Accursed Blacksmith","floor":27,"gold_loss":0,"cards_upgraded":["Terror"]},{"damage_healed":0,"gold_gain":0,"player_choice":"Trade","damage_taken":0,"relics_obtained":["CultistMask"],"max_hp_gain":0,"max_hp_loss":0,"event_name":"FaceTrader","floor":28,"gold_loss":0}],"is_beta":false,"boss_relics":[{"not_picked":["Runic Dome","Orrery"],"picked":"Cursed Key"}],"items_purged_floors":[],"is_endless":false,"potions_floor_spawned":[7,11,13,29,30],"killed_by":"Automaton","ascension_level":0}