{"gold_per_floor":[115,132,142,161,173,173,192,225,252,252,280,280,311,35,35,113,113,131,151,151,169,169,208,220,260,296,328,358,370,382,38,38,113,113,129,29,49,449,530,530,560,560,560,10,28,54,64,64],"floor_reached":48,"playtime":9808,"items_purged":["Strike_G","Normality","Shame"],"score":1200,"play_id":"669a6fcf-0ef7-4e80-906e-4c4bd9f1c70f","local_time":"20190503225424","is_ascension_mode":true,"campfire_choices":[{"floor":6.0,"key":"REST"},{"data":"Neutralize","floor":10.0,"key":"SMITH"},{"data":"Skewer","floor":12.0,"key":"SMITH"},{"floor":15.0,"key":"REST"},{"floor":24.0,"key":"REST"},{"data":"Footwork","floor":30,"key":"SMITH"},{"data":"All Out Attack","floor":32,"key":"SMITH"},{"data":"After Image","floor":40,"key":"SMITH"},{"floor":42,"key":"REST"}],"neow_cost":"PERCENT_DAMAGE","seed_source_timestamp":195404143562191,"circlet_count":0,"master_deck":["AscendersBane","Defend_G","Defend_G","Defend_G","Defend_G","Strike_G+1","Strike_G","Strike_G","Survivor","Neutralize+1","All Out Attack+1","Poisoned Stab","Dagger Throw","Dash","Endless Agony+1","Skewer+1","Distraction","Escape Plan","Malaise+1","Outmaneuver+1","Tactician+1","Footwork+1","Backstab","Writhe","Adrenaline+1","Outmaneuver+1","Acrobatics+1","Transmutation+1","Bouncing Flask+1","After Image+1","Tactician+1","PiercingWail+1","Doubt","Dodge and Roll+1","Parasite","Crippling Poison+1","Corpse Explosion+1","Crippling Poison+1"],"special_seed":0,"relics":["Ring of the Snake","Pocketwatch","Orichalcum","Regal Pillow","Bronze Scales","Toxic Egg 2","Cursed Key","MawBank","Ginger","Bag of Preparation","Black Star","Old Coin","Molten Egg 2","Question Card","Letter Opener","Frozen Egg 2","Oddly Smooth Stone","Toolbox","Pen Nib","Whetstone"],"potions_floor_usage":[33,37,38,41],"damage_taken":[{"damage":2.0,"enemies":"Cultist","floor":1.0,"turns":5.0},{"damage":3.0,"enemies":"2 Louse","floor":2.0,"turns":2.0},{"damage":2.0,"enemies":"Jaw Worm","floor":3.0,"turns":3.0},{"damage":12.0,"enemies":"3 Louse","floor":4.0,"turns":4.0},{"damage":0.0,"enemies":"Blue Slaver","floor":5.0,"turns":6.0},{"damage":2.0,"enemies":"2 Fungi Beasts","floor":7.0,"turns":3.0},{"damage":1.0,"enemies":"3 Sentries","floor":8.0,"turns":4.0},{"damage":4.0,"enemies":"Gremlin Nob","floor":11.0,"turns":3.0},{"damage":14.0,"enemies":"Lagavulin","floor":13.0,"turns":5.0},{"damage":18.0,"enemies":"Slime Boss","floor":16.0,"turns":9.0},{"damage":7.0,"enemies":"Chosen","floor":18.0,"turns":6.0},{"damage":0.0,"enemies":"Spheric Guardian","floor":19.0,"turns":3.0},{"damage":15.0,"enemies":"Centurion and Healer","floor":21.0,"turns":6.0},{"damage":41.0,"enemies":"Gremlin Leader","floor":23.0,"turns":6.0},{"damage":8.0,"enemies":"Book of Stabbing","floor":25.0,"turns":5.0},{"damage":0,"enemies":"Chosen and Byrds","floor":27,"turns":5},{"damage":0,"enemies":"Cultist and Chosen","floor":28,"turns":7},{"damage":7,"enemies":"Automaton","floor":33,"turns":10},{"damage":11,"enemies":"3 Shapes","floor":35,"turns":6},{"damage":5,"enemies":"Orb Walker","floor":37,"turns":4},{"damage":19,"enemies":"Mind Bloom Boss Battle","floor":38,"turns":9},{"damage":38,"enemies":"Reptomancer","floor":41,"turns":8},{"damage":0,"enemies":"Writhing Mass","floor":45,"turns":6},{"damage":0,"enemies":"Nemesis","floor":46,"turns":11},{"damage":36,"enemies":"Transient","floor":47,"turns":6},{"damage":11,"enemies":"3 Darklings","floor":48,"turns":1}],"seed_played":"-4656825745954145883","potions_obtained":[{"floor":3.0,"key":"EssenceOfSteel"},{"floor":4.0,"key":"Explosive Potion"},{"floor":8.0,"key":"AttackPotion"},{"floor":11.0,"key":"LiquidBronze"},{"floor":13.0,"key":"FairyPotion"},{"floor":18.0,"key":"Fire Potion"},{"floor":23.0,"key":"Regen Potion"},{"floor":25.0,"key":"Block Potion"},{"floor":27,"key":"LiquidBronze"},{"floor":37,"key":"Swift Potion"},{"floor":38,"key":"Swift Potion"},{"floor":46,"key":"Weak Potion"}],"is_trial":false,"path_per_floor":["M","M","M","M","M","R","M","E","T","R","E","R","E","$","R","B",null,"M","M","?","M","?","E","R","E","T","M","M","?","R","$","R","B",null,"M","$","M","?","T","R","E","R","T","$","M","E","M","M"],"character_chosen":"THE_SILENT","items_purchased":["Toxic Egg 2","Transmutation+1","Bouncing Flask+1","Oddly Smooth Stone","Toolbox","Dodge and Roll+1"],"campfire_rested":4,"item_purchase_floors":[14,31,31,44,44,44],"current_hp_per_floor":[42,39,37,25,25,44,42,41,41,41,37,37,23,23,57,39,59,52,52,52,37,37,6,40,47,47,47,47,76,76,76,76,69,74,63,63,58,39,39,39,1,38,38,38,38,38,2,0],"gold":64,"neow_bonus":"REMOVE_TWO","is_prod":false,"is_daily":false,"chose_seed":false,"campfire_upgraded":5,"win_rate":0,"timestamp":1556916864,"path_taken":["M","M","M","M","M","R","M","E","T","R","E","R","E","$","R","BOSS","M","M","?","M","?","E","R","E","T","M","M","?","R","$","R","BOSS","M","$","M","?","?","R","E","R","T","$","M","E","M","M"],"build_version":"2019-01-23","purchased_purges":3,"victory":false,"max_hp_per_floor":[66,66,66,66,66,66,66,66,66,66,66,66,66,66,66,66,66,66,66,66,66,66,66,66,66,66,66,66,76,76,76,76,76,76,76,76,76,76,76,76,76,76,76,76,76,76,76,76],"card_choices":[{"not_picked":["Backflip","Dodge and Roll"],"picked":"All Out Attack","floor":1.0},{"not_picked":["Heel Hook","Bouncing Flask"],"picked":"Poisoned Stab","floor":2.0},{"not_picked":["Backflip","Dodge and Roll"],"picked":"Dagger Throw","floor":3.0},{"not_picked":["All Out Attack","Dagger Throw"],"picked":"Dash","floor":4.0},{"not_picked":["Dodge and Roll","PiercingWail"],"picked":"Endless Agony","floor":5.0},{"not_picked":["PiercingWail","Concentrate"],"picked":"Skewer","floor":7.0},{"not_picked":["Flying Knee","Well Laid Plans"],"picked":"Adrenaline","floor":8.0},{"not_picked":["Acrobatics","PiercingWail"],"picked":"Distraction","floor":11.0},{"not_picked":["Quick Slash","Expertise"],"picked":"Escape Plan","floor":13.0},{"not_picked":["Unload","Wraith Form v2"],"picked":"Malaise+1","floor":16.0},{"not_picked":["Flechettes","Masterful Stab"],"picked":"Outmaneuver+1","floor":18.0},{"not_picked":["Dodge and Roll+1","Flechettes"],"picked":"Tactician+1","floor":19.0},{"not_picked":["Endless Agony+1","Bane"],"picked":"Backstab","floor":21.0},{"not_picked":["Prepared+1","Deflect+1"],"picked":"Adrenaline+1","floor":23.0},{"not_picked":["Slice","Dagger Spray"],"picked":"Outmaneuver+1","floor":25.0},{"not_picked":["Underhanded Strike","Prepared+1"],"picked":"Acrobatics+1","floor":27},{"not_picked":["Quick Slash","Finisher+1","Blade Dance+1"],"picked":"SKIP","floor":28},{"not_picked":["Burst+1","Grand Finale"],"picked":"After Image","floor":33},{"not_picked":["Infinite Blades+1","Heel Hook"],"picked":"Tactician+1","floor":35},{"not_picked":["Riddle With Holes","Dagger Throw"],"picked":"PiercingWail+1","floor":37},{"not_picked":["Escape Plan+1","Deadly Poison+1","Quick Slash+1"],"picked":"SKIP","floor":41},{"not_picked":["PiercingWail+1","Dagger Spray+1","Flechettes+1"],"picked":"Crippling Poison+1","floor":45},{"not_picked":["Deadly Poison+1","Outmaneuver+1","Slice+1"],"picked":"Corpse Explosion+1","floor":46},{"not_picked":["Cloak And Dagger+1","Eviscerate+1","Endless Agony+1"],"picked":"Crippling Poison+1","floor":47}],"player_experience":1959346,"relics_obtained":[{"floor":8.0,"key":"Pocketwatch"},{"floor":9.0,"key":"Orichalcum"},{"floor":11.0,"key":"Regal Pillow"},{"floor":13.0,"key":"Bronze Scales"},{"floor":23.0,"key":"Ginger"},{"floor":25.0,"key":"Bag of Preparation"},{"floor":38,"key":"Old Coin"},{"floor":39,"key":"Molten Egg 2"},{"floor":41,"key":"Question Card"},{"floor":41,"key":"Letter Opener"},{"floor":43,"key":"Frozen Egg 2"},{"floor":46,"key":"Pen Nib"},{"floor":46,"key":"Whetstone"}],"event_choices":[{"damage_healed":0.0,"max_hp_gain":0.0,"max_hp_loss":0.0,"gold_gain":0.0,"event_name":"The Library","player_choice":"Read","floor":20.0,"gold_loss":0.0,"damage_taken":0.0,"cards_obtained":["Footwork"]},{"damage_healed":0.0,"max_hp_gain":0.0,"max_hp_loss":0.0,"gold_gain":0.0,"event_name":"The Mausoleum","player_choice":"Opened","floor":22.0,"gold_loss":0.0,"damage_taken":0.0,"relics_obtained":["MawBank"],"cards_obtained":["Writhe"]},{"cards_removed":["Adrenaline"],"damage_healed":19,"gold_gain":0,"player_choice":"Offered Rare","damage_taken":0,"max_hp_gain":10,"max_hp_loss":0,"event_name":"Bonfire Elementals","floor":29,"gold_loss":0},{"damage_healed":0,"gold_gain":0,"player_choice":"Fight","damage_taken":0,"max_hp_gain":0,"max_hp_loss":0,"event_name":"MindBloom","floor":38,"gold_loss":0}],"is_beta":false,"boss_relics":[{"not_picked":["Ring of the Serpent","Empty Cage"],"picked":"Cursed Key"},{"not_picked":["Pandora\u0027s Box","Snecko Eye"],"picked":"Black Star"}],"items_purged_floors":[31,36,44],"is_endless":false,"potions_floor_spawned":[3,4,8,11,13,18,23,25,27,37,38,46],"killed_by":"3 Darklings","ascension_level":20}