{"gold_per_floor":[115,125,125,136,136,171,171,186,211,221,221,171,206,14,14,90,90,108,127,68,78,28,28,28],"floor_reached":24,"playtime":1739,"items_purged":["Pain","Strike_G"],"score":412,"play_id":"7f2fd172-00d5-422f-92a7-cc41aff1b970","local_time":"20190505121942","is_ascension_mode":true,"campfire_choices":[{"data":"Neutralize","floor":7.0,"key":"SMITH"},{"floor":11.0,"key":"REST"},{"data":"Predator","floor":15.0,"key":"SMITH"},{"data":"Crippling Poison","floor":23.0,"key":"SMITH"}],"neow_cost":"NONE","seed_source_timestamp":278517884061362,"circlet_count":0,"master_deck":["AscendersBane","Defend_G","Defend_G","Defend_G","Defend_G","Defend_G","Strike_G","Strike_G","Strike_G","Strike_G","Survivor","Neutralize+1","Dagger Spray","Sucker Punch","Dash+1","Predator+1","Deadly Poison","Crippling Poison+1","Footwork","Prepared+1"],"special_seed":0,"relics":["Ring of the Snake","WarpedTongs","Smiling Mask","Art of War","Philosopher\u0027s Stone","Shuriken"],"potions_floor_usage":[24],"damage_taken":[{"damage":1.0,"enemies":"Small Slimes","floor":1.0,"turns":3.0},{"damage":0.0,"enemies":"Cultist","floor":2.0,"turns":4.0},{"damage":16.0,"enemies":"Jaw Worm","floor":4.0,"turns":4.0},{"damage":10.0,"enemies":"Lagavulin","floor":6.0,"turns":7.0},{"damage":14.0,"enemies":"Exordium Thugs","floor":8.0,"turns":6.0},{"damage":3.0,"enemies":"Red Slaver","floor":10.0,"turns":3.0},{"damage":12.0,"enemies":"3 Sentries","floor":13.0,"turns":6.0},{"damage":6.0,"enemies":"The Guardian","floor":16.0,"turns":9.0},{"damage":6.0,"enemies":"Spheric Guardian","floor":18.0,"turns":5.0},{"damage":14.0,"enemies":"Shell Parasite","floor":19.0,"turns":7.0},{"damage":0.0,"enemies":"Snecko","floor":21.0,"turns":5.0},{"damage":49,"enemies":"Slavers","floor":24,"turns":3}],"seed_played":"5305421918504394469","potions_obtained":[{"floor":1.0,"key":"Dexterity Potion"},{"floor":4.0,"key":"Fire Potion"},{"floor":8.0,"key":"FearPotion"},{"floor":16.0,"key":"Swift Potion"},{"floor":21.0,"key":"Fruit Juice"}],"is_trial":false,"path_per_floor":["M","M","?","M","?","E","R","M","T","M","R","$","E","$","R","B",null,"M","M","?","M","$","R","E"],"character_chosen":"THE_SILENT","items_purchased":["Footwork","Poison Potion","FearPotion"],"campfire_rested":1,"item_purchase_floors":[14,14,14],"current_hp_per_floor":[58,58,58,42,42,32,32,18,18,15,34,34,22,22,22,16,54,48,34,34,34,34,34,0],"gold":28,"neow_bonus":"THREE_CARDS","is_prod":false,"is_daily":false,"chose_seed":false,"campfire_upgraded":3,"win_rate":0,"timestamp":1557051582,"path_taken":["M","M","?","?","?","E","R","M","T","M","R","?","E","$","R","BOSS","M","M","?","?","$","R","E"],"build_version":"2019-01-23","purchased_purges":2,"victory":false,"max_hp_per_floor":[66,66,66,66,66,66,66,66,66,66,66,66,66,66,66,66,66,66,66,66,66,66,66,71],"card_choices":[{"not_picked":["Catalyst","Bane"],"picked":"Dagger Spray","floor":0.0},{"not_picked":["Crippling Poison","Concentrate"],"picked":"Sucker Punch","floor":1.0},{"not_picked":["Distraction","Flechettes"],"picked":"Dash","floor":2.0},{"not_picked":["Quick Slash","Acrobatics","Infinite Blades"],"picked":"SKIP","floor":4.0},{"not_picked":["Acrobatics","Reflex","Blade Dance"],"picked":"SKIP","floor":6.0},{"not_picked":["Dodge and Roll","Cloak And Dagger"],"picked":"Predator","floor":8.0},{"not_picked":["Masterful Stab","Corpse Explosion"],"picked":"Deadly Poison","floor":10.0},{"not_picked":["Poisoned Stab","Flying Knee"],"picked":"Crippling Poison","floor":13.0},{"not_picked":["All Out Attack","Setup"],"picked":"Prepared+1","floor":18.0},{"not_picked":["Poisoned Stab","Cloak And Dagger","Eviscerate"],"picked":"SKIP","floor":19.0},{"not_picked":["Dagger Spray","Tactician","Blade Dance"],"picked":"SKIP","floor":21.0}],"player_experience":2034208,"relics_obtained":[{"floor":6.0,"key":"Smiling Mask"},{"floor":13.0,"key":"Art of War"}],"event_choices":[{"damage_healed":0.0,"max_hp_gain":0.0,"max_hp_loss":0.0,"gold_gain":0.0,"event_name":"Accursed Blacksmith","player_choice":"Rummage","floor":3.0,"gold_loss":0.0,"damage_taken":0.0,"relics_obtained":["WarpedTongs"],"cards_obtained":["Pain"]},{"damage_healed":0.0,"max_hp_gain":0.0,"max_hp_loss":0.0,"gold_gain":0.0,"event_name":"Upgrade Shrine","player_choice":"Upgraded","floor":5.0,"gold_loss":0.0,"damage_taken":0.0,"cards_upgraded":["Dash"]},{"damage_healed":0.0,"max_hp_gain":0.0,"max_hp_loss":0.0,"gold_gain":0.0,"event_name":"WeMeetAgain","player_choice":"Paid Gold","floor":20.0,"gold_loss":59.0,"damage_taken":0.0,"relics_obtained":["Shuriken"]}],"is_beta":false,"boss_relics":[{"not_picked":["Coffee Dripper","Tiny House"],"picked":"Philosopher\u0027s Stone"}],"items_purged_floors":[12,22],"is_endless":false,"potions_floor_spawned":[1,4,8,16,21],"killed_by":"Slavers","ascension_level":20}