{"gold_per_floor":[126,155,215,17,31,31,56,128,174,193,158,172,172,185,185,289,289,303,15,34,45,45,79,79],"floor_reached":24,"playtime":940,"items_purged":[],"score":218,"play_id":"16ea7d0b-761f-43be-bc12-e25a24a7b08c","local_time":"20181030230230","is_ascension_mode":false,"campfire_choices":[{"floor":6,"key":"REST"},{"floor":15,"key":"REST"}],"neow_cost":"NONE","seed_source_timestamp":184279224523866,"circlet_count":0,"master_deck":["Defend_G","Defend_G","Defend_G","Defend_G","Strike_G","Strike_G","Strike_G","Survivor","Neutralize","Deadly Poison+1","Quick Slash+1","Deadly Poison","Good Instincts","Infinite Blades","Catalyst","Backstab","Crippling Poison","Outmaneuver","Corpse Explosion","Deflect+1","Slice+1","Outmaneuver+1","Noxious Fumes","Flying Knee","Slice"],"relics":["Ring of the Snake","MawBank","PreservedInsect","Singing Bowl","Oddly Smooth Stone","Astrolabe","TheAbacus","Ancient Tea Set"],"potions_floor_usage":[5,10,18,20,24],"damage_taken":[{"damage":15,"enemies":"Cultist","floor":1,"turns":4},{"damage":0,"enemies":"2 Louse","floor":2,"turns":3},{"damage":0,"enemies":"Jaw Worm","floor":5,"turns":3},{"damage":13,"enemies":"Lagavulin","floor":7,"turns":4},{"damage":11,"enemies":"Exordium Wildlife","floor":10,"turns":4},{"damage":0,"enemies":"Large Slime","floor":12,"turns":5},{"damage":1,"enemies":"2 Fungi Beasts","floor":14,"turns":3},{"damage":45,"enemies":"The Guardian","floor":16,"turns":9},{"damage":0,"enemies":"3 Byrds","floor":18,"turns":2},{"damage":0,"enemies":"2 Thieves","floor":20,"turns":2},{"damage":16,"enemies":"Snecko","floor":21,"turns":6},{"damage":42,"enemies":"Book of Stabbing","floor":23,"turns":6},{"damage":37,"enemies":"Centurion and Healer","floor":24,"turns":3}],"seed_played":"3445895552342770445","potions_obtained":[{"floor":2,"key":"Regen Potion"},{"floor":7,"key":"Ancient Potion"},{"floor":16,"key":"Swift Potion"},{"floor":18,"key":"SteroidPotion"},{"floor":23,"key":"FearPotion"}],"is_trial":false,"path_per_floor":["M","M","T","$","M","R","E","?","T","M","?","M","?","M","R","B",null,"M","$","M","M","?","E"],"character_chosen":"THE_SILENT","items_purchased":["Deadly Poison","Good Instincts","Infinite Blades","Noxious Fumes","TheAbacus","Flying Knee"],"campfire_rested":2,"item_purchase_floors":[4,4,4,19,19,19],"current_hp_per_floor":[55,55,55,55,55,70,57,57,57,46,63,65,51,50,71,26,72,72,72,72,58,74,34,0],"gold":79,"neow_bonus":"RANDOM_COMMON_RELIC","is_prod":false,"is_daily":false,"chose_seed":false,"campfire_upgraded":0,"win_rate":0.0,"timestamp":1540965750,"path_taken":["M","?","?","$","?","R","E","?","T","M","?","M","?","M","R","BOSS","M","$","M","M","?","E","M"],"build_version":"2018-10-25v2","purchased_purges":0,"victory":false,"max_hp_per_floor":[70,70,70,70,70,70,70,70,70,70,70,72,72,72,72,72,72,72,72,72,74,74,76,76],"card_choices":[{"not_picked":["Deflect","Acrobatics"],"picked":"Deadly Poison","floor":1},{"not_picked":["Reflex","Dodge and Roll"],"picked":"Quick Slash","floor":2},{"not_picked":["Underhanded Strike","Predator"],"picked":"Catalyst","floor":5},{"not_picked":["Endless Agony","Blade Dance"],"picked":"Backstab","floor":7},{"not_picked":["Slice","Quick Slash"],"picked":"Crippling Poison","floor":10},{"not_picked":["Finisher","Dodge and Roll","Predator"],"picked":"Singing Bowl","floor":12},{"not_picked":["Dash","Backflip"],"picked":"Outmaneuver","floor":14},{"not_picked":["Storm of Steel","Envenom"],"picked":"Corpse Explosion","floor":16},{"not_picked":["Heel Hook","Dagger Spray+1"],"picked":"Outmaneuver+1","floor":18},{"not_picked":["Infinite Blades+1","Dagger Throw"],"picked":"Slice","floor":20},{"not_picked":["Escape Plan","Accuracy","Skewer"],"picked":"Singing Bowl","floor":21},{"not_picked":["Outmaneuver","Bane","Bouncing Flask"],"picked":"Singing Bowl","floor":23}],"player_experience":77384,"relics_obtained":[{"floor":3,"key":"PreservedInsect"},{"floor":7,"key":"Singing Bowl"},{"floor":9,"key":"Oddly Smooth Stone"},{"floor":23,"key":"Ancient Tea Set"}],"event_choices":[{"damage_healed":0,"gold_gain":72,"player_choice":"Gained Gold","damage_taken":0,"max_hp_gain":0,"max_hp_loss":0,"event_name":"Golden Wing","floor":8,"gold_loss":0},{"damage_healed":17,"gold_gain":0,"player_choice":"Healed","damage_taken":0,"max_hp_gain":0,"max_hp_loss":0,"event_name":"The Cleric","floor":11,"gold_loss":35},{"damage_healed":0,"gold_gain":0,"player_choice":"Entered Light","damage_taken":14,"max_hp_gain":0,"max_hp_loss":0,"event_name":"Shining Light","floor":13,"gold_loss":0,"cards_upgraded":["Quick Slash","Deadly Poison"]},{"cards_removed":["Heel Hook"],"damage_healed":16,"gold_gain":0,"player_choice":"Offered Uncommon","damage_taken":0,"max_hp_gain":0,"max_hp_loss":0,"event_name":"Bonfire Elementals","floor":22,"gold_loss":0}],"is_beta":false,"boss_relics":[{"not_picked":["Calling Bell","Philosopher\u0027s Stone"],"picked":"Astrolabe"}],"items_purged_floors":[],"is_endless":false,"potions_floor_spawned":[2,7,16,18,23],"killed_by":"Centurion and Healer","ascension_level":0}