{"gold_per_floor":[115,131,131,131,147,147,178,178,250,250,264,87,87,122,122,195,195,205,205,205,42,59,59,77,77],"floor_reached":25,"playtime":2252,"items_purged":["Strike_G"],"score":422,"play_id":"c8326d9b-3b83-4045-b994-57a2094d6e59","local_time":"20190429124135","is_ascension_mode":true,"campfire_choices":[{"data":"Venomology","floor":6.0,"key":"SMITH"},{"floor":8.0,"key":"REST"},{"data":"Wraith Form v2","floor":10.0,"key":"SMITH"},{"data":"Dagger Spray","floor":13.0,"key":"SMITH"},{"data":"Footwork","floor":15.0,"key":"SMITH"},{"data":"Die Die Die","floor":23.0,"key":"SMITH"}],"neow_cost":"NONE","seed_source_timestamp":3225578035841052,"circlet_count":0,"master_deck":["AscendersBane","Defend_G+1","Defend_G+1","Defend_G","Defend_G","Strike_G+1","Survivor","Neutralize+1","Venomology+1","Flying Knee","Heel Hook","Sucker Punch","Wraith Form v2+1","Acrobatics","Footwork+1","Dagger Spray+1","Escape Plan","Die Die Die+1","Acrobatics+1","Burst+1","Blur+1","Dash","Deadly Poison","Infinite Blades","Slice","Outmaneuver+1","Deflect+1"],"special_seed":0,"relics":["Ring of the Snake","War Paint","Kunai","Boot","Astrolabe","MutagenicStrength"],"potions_floor_usage":[25,25],"damage_taken":[{"damage":0.0,"enemies":"Small Slimes","floor":1.0,"turns":5.0},{"damage":0.0,"enemies":"2 Louse","floor":2.0,"turns":3.0},{"damage":0.0,"enemies":"Jaw Worm","floor":5.0,"turns":5.0},{"damage":19.0,"enemies":"Gremlin Nob","floor":7.0,"turns":4.0},{"damage":2.0,"enemies":"2 Fungi Beasts","floor":11.0,"turns":7.0},{"damage":2.0,"enemies":"3 Sentries","floor":14.0,"turns":9.0},{"damage":25.0,"enemies":"Slime Boss","floor":16.0,"turns":17.0},{"damage":0.0,"enemies":"3 Byrds","floor":18.0,"turns":6.0},{"damage":0.0,"enemies":"Spheric Guardian","floor":20.0,"turns":7.0},{"damage":3.0,"enemies":"Centurion and Healer","floor":22.0,"turns":9.0},{"damage":29.0,"enemies":"Shelled Parasite and Fungi","floor":24.0,"turns":6.0},{"damage":47,"enemies":"Slavers","floor":25,"turns":5}],"seed_played":"6976038657153640974","potions_obtained":[{"floor":1.0,"key":"AttackPotion"},{"floor":7.0,"key":"Swift Potion"},{"floor":18.0,"key":"SmokeBomb"},{"floor":24.0,"key":"Dexterity Potion"}],"is_trial":false,"path_per_floor":["M","M","?","?","M","R","E","R","T","R","M","$","R","E","R","B",null,"M","?","M","$","M","R","M","E"],"character_chosen":"THE_SILENT","items_purchased":["Footwork","Dagger Spray","Deadly Poison","Infinite Blades","Slice"],"campfire_rested":1,"item_purchase_floors":[12,12,21,21,21],"current_hp_per_floor":[59,59,52,32,32,32,13,32,32,32,45,45,45,43,43,18,54,54,54,66,66,63,63,47,0],"gold":77,"neow_bonus":"ONE_RANDOM_RARE_CARD","is_prod":false,"is_daily":false,"chose_seed":false,"campfire_upgraded":5,"win_rate":0,"timestamp":1556534495,"path_taken":["M","M","?","?","M","R","E","R","T","R","M","$","R","E","R","BOSS","M","?","M","$","M","R","M","E"],"build_version":"2019-01-23","purchased_purges":1,"victory":false,"max_hp_per_floor":[66,66,66,66,66,66,66,66,66,66,66,66,66,66,66,66,66,66,66,66,66,66,66,66,66],"card_choices":[{"not_picked":["Outmaneuver","Sucker Punch"],"picked":"Flying Knee","floor":1.0},{"not_picked":["Quick Slash","Bane"],"picked":"Heel Hook","floor":2.0},{"not_picked":["Dagger Throw","Endless Agony"],"picked":"Sucker Punch","floor":5.0},{"not_picked":["Concentrate","Tactician"],"picked":"Wraith Form v2","floor":7.0},{"not_picked":["Flying Knee","Accuracy"],"picked":"Acrobatics","floor":11.0},{"not_picked":["Flying Knee","Prepared"],"picked":"Escape Plan","floor":14.0},{"not_picked":["Bullet Time","Doppelganger"],"picked":"Die Die Die","floor":16.0},{"not_picked":["Flying Knee+1","Reflex"],"picked":"Dash","floor":18.0},{"not_picked":["Heel Hook","Skewer"],"picked":"Outmaneuver+1","floor":22.0},{"not_picked":["Heel Hook","Choke"],"picked":"Deflect+1","floor":24.0}],"player_experience":1813004,"relics_obtained":[{"floor":7.0,"key":"War Paint"},{"floor":9.0,"key":"Kunai"},{"floor":14.0,"key":"Boot"}],"event_choices":[{"cards_removed":["Strike_G"],"damage_healed":0.0,"max_hp_gain":0.0,"max_hp_loss":0.0,"gold_gain":0.0,"event_name":"Golden Wing","player_choice":"Card Removal","floor":3.0,"gold_loss":0.0,"damage_taken":7.0},{"damage_healed":0.0,"max_hp_gain":0.0,"max_hp_loss":0.0,"gold_gain":0.0,"event_name":"Shining Light","player_choice":"Entered Light","floor":4.0,"gold_loss":0.0,"damage_taken":20.0,"cards_upgraded":["Neutralize","Strike_G"]},{"damage_healed":0.0,"max_hp_gain":0.0,"max_hp_loss":0.0,"gold_gain":0.0,"event_name":"Drug Dealer","player_choice":"Inject Mutagens","floor":19.0,"gold_loss":0.0,"damage_taken":0.0,"relics_obtained":["MutagenicStrength"]}],"is_beta":false,"boss_relics":[{"not_picked":["Sozu","Coffee Dripper"],"picked":"Astrolabe"}],"items_purged_floors":[12],"is_endless":false,"potions_floor_spawned":[1,7,18,24],"killed_by":"Slavers","ascension_level":20}