{"gold_per_floor":[164,164,14,79,79,124,219,219,219,309,21,111,161,170,170,470,470,515,560,22,67,26,26,136,136,136,136,226,276,326,441,441,741,741,786,836,881,976,899,899,949,949,949,949],"floor_reached":44,"playtime":1934,"items_purged":[],"score":529,"play_id":"8ae62672-e892-4f8d-bc7b-3a7bc5ea1e8d","local_time":"20181217230141","daily_mods":["Allstar","Red Cards","Midas"],"is_ascension_mode":false,"campfire_choices":[{"floor":8,"key":"REST"},{"floor":15,"key":"REST"},{"floor":23,"key":"REST"},{"floor":25,"key":"REST"},{"floor":32,"key":"REST"},{"floor":40,"key":"REST"},{"floor":42,"key":"REST"}],"neow_cost":"","seed_source_timestamp":0,"circlet_count":0,"master_deck":["Strike_B","Strike_B","Strike_B","Strike_B","Defend_B","Defend_B","Defend_B","Defend_B","Zap","Dualcast","HandOfGreed","Discovery","Magnetism","The Bomb","Secret Weapon","Warcry","Pommel Strike+1","Anger+1","Core Surge","Thunder Strike","Parasite","Electrodynamics+1","Metallicize","Panacea","Whirlwind","Heavy Blade","FTL","Parasite","Sever Soul","Inflame","Dark Embrace","Armaments","Buffer","Heavy Blade","Loop","Normality"],"special_seed":17883,"relics":["Cracked Core","Orichalcum","SsserpentHead","Bird Faced Urn","Mercury Hourglass","MealTicket","The Courier","Cursed Key","Whetstone","Sundial","Anchor","Gremlin Horn","Bottled Lightning","Thread and Needle","Nuclear Battery","Letter Opener"],"potions_floor_usage":[6,16,27,27,29,31,31,33,33,33,44,44,44],"damage_taken":[{"damage":11,"enemies":"Jaw Worm","floor":1,"turns":3},{"damage":4,"enemies":"2 Louse","floor":4,"turns":4},{"damage":0,"enemies":"Cultist","floor":6,"turns":3},{"damage":10,"enemies":"Red Slaver","floor":7,"turns":3},{"damage":15,"enemies":"3 Sentries","floor":10,"turns":4},{"damage":24,"enemies":"Lagavulin","floor":12,"turns":5},{"damage":21,"enemies":"Slime Boss","floor":16,"turns":6},{"damage":15,"enemies":"Shell Parasite","floor":18,"turns":4},{"damage":4,"enemies":"Chosen","floor":19,"turns":3},{"damage":9,"enemies":"Centurion and Healer","floor":21,"turns":4},{"damage":31,"enemies":"Slavers","floor":24,"turns":3},{"damage":0,"enemies":"Cultist and Chosen","floor":27,"turns":1},{"damage":24,"enemies":"Book of Stabbing","floor":28,"turns":4},{"damage":14,"enemies":"Colosseum Slavers","floor":29,"turns":3},{"damage":4,"enemies":"3 Cultists","floor":31,"turns":3},{"damage":64,"enemies":"Automaton","floor":33,"turns":7},{"damage":3,"enemies":"Orb Walker","floor":35,"turns":3},{"damage":0,"enemies":"3 Darklings","floor":37,"turns":3},{"damage":60,"enemies":"4 Shapes","floor":38,"turns":3},{"damage":89,"enemies":"Nemesis","floor":44,"turns":5}],"seed_played":"-1703853587993859002","potions_obtained":[{"floor":4,"key":"Poison Potion"},{"floor":10,"key":"SmokeBomb"},{"floor":12,"key":"FearPotion"},{"floor":24,"key":"EssenceOfSteel"},{"floor":28,"key":"LiquidBronze"},{"floor":30,"key":"FocusPotion"},{"floor":30,"key":"EntropicBrew"},{"floor":30,"key":"EssenceOfSteel"},{"floor":33,"key":"FearPotion"},{"floor":38,"key":"Fire Potion"}],"is_trial":false,"path_per_floor":["M","?","$","M","?","M","M","R","T","E","$","E","?","?","R","B",null,"M","M","$","M","$","R","E","R","T","M","E","?","?","M","R","B",null,"M","?","M","M","$","R","T","R","T","E"],"character_chosen":"DEFECT","items_purchased":["Orichalcum","MealTicket","Core Surge","Panacea","Whetstone","Sundial","Anchor","Whirlwind","Heavy Blade","Heavy Blade","Loop"],"campfire_rested":7,"item_purchase_floors":[3,11,11,20,20,20,20,20,22,39,39],"current_hp_per_floor":[64,69,69,65,65,65,55,79,79,64,64,42,62,62,80,59,80,69,69,79,75,80,80,51,75,75,75,57,45,45,45,69,9,80,79,79,80,20,30,54,54,78,78,0],"gold":949,"neow_bonus":"","is_prod":false,"is_daily":true,"chose_seed":false,"campfire_upgraded":0,"win_rate":0,"timestamp":1545116501,"path_taken":["M","?","$","M","?","M","?","R","T","E","?","E","?","?","R","BOSS","M","M","$","M","$","R","E","R","T","M","E","?","?","?","R","BOSS","M","?","M","?","$","R","?","R","T","E"],"build_version":"2018-12-13","purchased_purges":0,"victory":false,"max_hp_per_floor":[75,80,80,80,80,80,80,80,80,80,80,80,80,80,80,80,80,80,80,80,80,80,80,80,80,80,80,80,80,80,80,80,80,80,80,80,80,80,80,80,80,80,80,80],"card_choices":[{"not_picked":["Hologram","Go for the Eyes"],"picked":"Warcry","floor":1},{"not_picked":["Combust","Warcry","True Grit"],"picked":"SKIP","floor":4},{"not_picked":["Warcry","Thunderclap"],"picked":"Pommel Strike","floor":6},{"not_picked":["Wild Strike","Go for the Eyes","Blizzard"],"picked":"SKIP","floor":7},{"not_picked":["Cold Snap","Body Slam"],"picked":"Anger","floor":10},{"not_picked":["Anger","Pommel Strike"],"picked":"Thunder Strike","floor":12},{"not_picked":["Echo Form","Feed"],"picked":"Electrodynamics","floor":16},{"not_picked":["Pommel Strike+1","Capacitor","Body Slam+1"],"picked":"SKIP","floor":18},{"not_picked":["Shrug It Off+1","Barrage"],"picked":"Metallicize","floor":19},{"not_picked":["Whirlwind","Coolheaded","Reprogram+1"],"picked":"SKIP","floor":21},{"not_picked":["Ball Lightning+1","Clash+1"],"picked":"FTL","floor":24},{"not_picked":["Hologram+1","Thunderclap+1"],"picked":"Sever Soul","floor":28},{"not_picked":["Gash","Armaments"],"picked":"Inflame","floor":31},{"not_picked":["Biased Cognition","Immolate"],"picked":"Dark Embrace","floor":33},{"not_picked":["Sentinel+1","Rage"],"picked":"Armaments","floor":35},{"not_picked":["Barrage","Cold Snap+1","Conserve Battery+1"],"picked":"SKIP","floor":37},{"not_picked":["Hologram","Storm"],"picked":"Buffer","floor":38}],"player_experience":297773,"relics_obtained":[{"floor":9,"key":"Bird Faced Urn"},{"floor":10,"key":"Mercury Hourglass"},{"floor":12,"key":"The Courier"},{"floor":24,"key":"Gremlin Horn"},{"floor":26,"key":"Bottled Lightning"},{"floor":28,"key":"Thread and Needle"},{"floor":41,"key":"Letter Opener"}],"event_choices":[{"damage_healed":0,"gold_gain":0,"player_choice":"Donut","damage_taken":0,"max_hp_gain":5,"max_hp_loss":0,"event_name":"Big Fish","floor":2,"gold_loss":0},{"damage_healed":0,"gold_gain":0,"player_choice":"Trade","damage_taken":0,"relics_obtained":["SsserpentHead"],"max_hp_gain":0,"max_hp_loss":0,"event_name":"FaceTrader","floor":5,"gold_loss":0},{"damage_healed":20,"gold_gain":0,"player_choice":"Healed and dodged fight","damage_taken":0,"max_hp_gain":0,"max_hp_loss":0,"event_name":"Mushrooms","floor":13,"gold_loss":0,"cards_obtained":["Parasite"]},{"damage_healed":0,"gold_gain":0,"player_choice":"Left Gold","damage_taken":0,"max_hp_gain":0,"max_hp_loss":0,"event_name":"World of Goop","floor":14,"gold_loss":41},{"damage_healed":0,"gold_gain":0,"player_choice":"Fight","damage_taken":0,"max_hp_gain":0,"max_hp_loss":0,"event_name":"Colosseum","floor":29,"gold_loss":0},{"damage_healed":0,"gold_gain":0,"player_choice":"Fled From Nobs","damage_taken":0,"max_hp_gain":0,"max_hp_loss":0,"event_name":"Colosseum","floor":29,"gold_loss":0},{"damage_healed":0,"gold_gain":0,"player_choice":"Got Potions","damage_taken":0,"max_hp_gain":0,"max_hp_loss":0,"event_name":"Lab","floor":30,"gold_loss":0},{"damage_healed":0,"gold_gain":0,"player_choice":"Upgraded","damage_taken":0,"max_hp_gain":0,"max_hp_loss":0,"event_name":"Upgrade Shrine","floor":36,"gold_loss":0,"cards_upgraded":["Electrodynamics"]}],"is_beta":false,"boss_relics":[{"not_picked":["Calling Bell","Inserter"],"picked":"Cursed Key"},{"not_picked":["Coffee Dripper","FrozenCore"],"picked":"Nuclear Battery"}],"items_purged_floors":[],"is_endless":false,"potions_floor_spawned":[4,10,12,24,27,28,33,38],"killed_by":"Nemesis","ascension_level":0}