{"gold_per_floor":[119,130,84,84,12,12,39,59,104,123,134,152,152],"floor_reached":13,"playtime":597,"items_purged":[],"score":87,"play_id":"76b38376-d085-42bb-81c3-a40de39f3f22","local_time":"20181028103613","is_ascension_mode":false,"campfire_choices":[{"data":"Tactician","floor":6,"key":"SMITH"}],"neow_cost":"NONE","seed_source_timestamp":477052418113564,"circlet_count":0,"master_deck":["Defend_G","Defend_G+1","Defend_G","Defend_G","Defend_G","Strike_G","Strike_G","Strike_G","Strike_G","Strike_G","Survivor","Neutralize","Caltrops","Endless Agony","Outmaneuver+1","Swift Strike","Tactician+1","Dagger Spray","Deadly Poison","Slice","Blur","Slice"],"relics":["Ring of the Snake","Bag of Preparation","Boot","War Paint"],"potions_floor_usage":[7,7,12,13],"damage_taken":[{"damage":0,"enemies":"Jaw Worm","floor":1,"turns":4},{"damage":2,"enemies":"Cultist","floor":2,"turns":5},{"damage":22,"enemies":"3 Sentries","floor":7,"turns":11},{"damage":0,"enemies":"2 Louse","floor":8,"turns":2},{"damage":9,"enemies":"2 Fungi Beasts","floor":10,"turns":2},{"damage":27,"enemies":"Gremlin Gang","floor":11,"turns":4},{"damage":10,"enemies":"Exordium Wildlife","floor":12,"turns":2},{"damage":7,"enemies":"Large Slime","floor":13,"turns":3}],"seed_played":"3000275165832734346","potions_obtained":[{"floor":1,"key":"Regen Potion"},{"floor":2,"key":"Dexterity Potion"},{"floor":7,"key":"Explosive Potion"},{"floor":12,"key":"SteroidPotion"}],"is_trial":false,"path_per_floor":["M","M","$","?","$","R","E","M","T","M","M","M"],"character_chosen":"THE_SILENT","items_purchased":["Outmaneuver","Tactician"],"campfire_rested":0,"item_purchase_floors":[3,5],"current_hp_per_floor":[70,68,68,68,68,68,52,52,52,43,16,6,0],"gold":152,"neow_bonus":"RANDOM_COMMON_RELIC","is_prod":false,"is_daily":false,"chose_seed":false,"campfire_upgraded":1,"win_rate":0.0,"timestamp":1540748173,"path_taken":["M","M","$","?","$","R","E","M","T","?","M","M","M"],"build_version":"2018-10-25v2","purchased_purges":0,"victory":false,"max_hp_per_floor":[70,70,70,70,70,70,70,70,70,70,70,70,70],"card_choices":[{"not_picked":["PiercingWail","Dagger Spray"],"picked":"Caltrops","floor":1},{"not_picked":["Blade Dance","Expertise"],"picked":"Endless Agony","floor":2},{"not_picked":["Backflip","Bouncing Flask"],"picked":"Dagger Spray","floor":7},{"not_picked":["Bane","Prepared"],"picked":"Deadly Poison","floor":8},{"not_picked":["Backflip","Caltrops"],"picked":"Slice","floor":10},{"not_picked":["Bullet Time","Tactician"],"picked":"Blur","floor":11},{"not_picked":["Dagger Throw","Quick Slash"],"picked":"Slice","floor":12}],"player_experience":68191,"relics_obtained":[{"floor":7,"key":"Boot"},{"floor":9,"key":"War Paint"}],"event_choices":[{"damage_healed":0,"gold_gain":0,"player_choice":"1 cards matched","damage_taken":0,"max_hp_gain":0,"max_hp_loss":0,"event_name":"Match and Keep!","floor":4,"gold_loss":0,"cards_obtained":["Swift Strike"]}],"is_beta":false,"boss_relics":[],"items_purged_floors":[],"is_endless":false,"potions_floor_spawned":[1,2,7,12],"killed_by":"Large Slime","ascension_level":0}