{"gold_per_floor":[116,130,43,43,56,56,80,80,151,151,225,32,56,106,106,232,232,251,25,75,40,90,128,128,194,194,194],"floor_reached":27,"playtime":892,"items_purged":[],"score":221,"play_id":"a311f2c9-4368-4084-ac34-4a3bab3af23c","local_time":"20180819205602","is_ascension_mode":false,"campfire_choices":[{"floor":6.0,"key":"REST"},{"floor":10.0,"key":"REST"},{"floor":15.0,"key":"REST"},{"floor":24,"key":"REST"}],"neow_cost":"NONE","seed_source_timestamp":0,"circlet_count":0,"master_deck":["Strike_R+1","Strike_R+1","Strike_R+1","Strike_R+1","Strike_R+1","Defend_R+1","Defend_R+1","Defend_R+1","Defend_R+1","Bash","Anger","Flex","Bloodletting","Cleave","Iron Wave","Corruption","Sword Boomerang","Offering","Demon Form","Perfected Strike+1","The Bomb","Rampage","Juggernaut","Body Slam"],"special_seed":0,"relics":["Burning Blood","NeowsBlessing","Golden Idol","SsserpentHead","Bottled Tornado","Orichalcum","Velvet Choker","Boot","Vajra","Matryoshka"],"potions_floor_usage":[],"damage_taken":[{"damage":0.0,"enemies":"Small Slimes","floor":1.0,"turns":1.0},{"damage":0.0,"enemies":"Jaw Worm","floor":2.0,"turns":1.0},{"damage":0.0,"enemies":"Cultist","floor":5.0,"turns":1.0},{"damage":10.0,"enemies":"Lots of Slimes","floor":7.0,"turns":2.0},{"damage":22.0,"enemies":"Exordium Thugs","floor":11.0,"turns":5.0},{"damage":0.0,"enemies":"Looter","floor":13.0,"turns":2.0},{"damage":63.0,"enemies":"Slime Boss","floor":16.0,"turns":10.0},{"damage":24,"enemies":"Spheric Guardian","floor":18,"turns":4},{"damage":58,"enemies":"Book of Stabbing","floor":23,"turns":6},{"damage":25,"enemies":"2 Thieves","floor":25,"turns":4},{"damage":15,"enemies":"Gremlin Leader","floor":27,"turns":4}],"seed_played":"3890556558740671499","potions_obtained":[{"floor":1.0,"key":"Ancient Potion"},{"floor":5.0,"key":"Block Potion"},{"floor":16.0,"key":"Regen Potion"},{"floor":25,"key":"Regen Potion"}],"is_trial":false,"path_per_floor":["M","M","$","?","M","R","M","?","T","R","M","$","M","?","R","B",null,"M","$","?","?","$","E","R","M","T"],"character_chosen":"IRONCLAD","items_purchased":["Bloodletting","Cleave","Orichalcum","Fire Potion","The Bomb","Rampage"],"campfire_rested":4,"item_purchase_floors":[3,3,12,12,19,19],"current_hp_per_floor":[80,80,80,60,66,80,76,76,76,80,64,64,70,62,80,23,80,62,62,62,62,62,10,34,15,15,0],"gold":194,"neow_bonus":"THREE_ENEMY_KILL","is_prod":false,"is_daily":false,"chose_seed":false,"campfire_upgraded":0,"win_rate":0,"timestamp":1534737362,"path_taken":["M","M","$","?","M","R","M","?","T","R","?","$","M","?","R","BOSS","M","$","?","?","?","E","R","?","T","E"],"build_version":"2018-08-16","purchased_purges":0,"victory":false,"max_hp_per_floor":[80,80,80,80,80,80,80,80,80,80,80,80,80,80,80,80,80,80,80,80,80,80,80,80,80,80,80],"card_choices":[{"not_picked":["Reckless Charge","Shrug It Off"],"picked":"Anger","floor":1.0},{"not_picked":["Body Slam","Battle Trance"],"picked":"Flex","floor":2.0},{"not_picked":["Pommel Strike","Cleave"],"picked":"Iron Wave","floor":5.0},{"not_picked":["Perfected Strike","Flex"],"picked":"Corruption","floor":7.0},{"not_picked":["Twin Strike","Iron Wave"],"picked":"Sword Boomerang","floor":11.0},{"not_picked":["Body Slam","Warcry"],"picked":"Offering","floor":13.0},{"not_picked":["Offering","Brutality"],"picked":"Demon Form","floor":16.0},{"not_picked":["Thunderclap+1","Havoc"],"picked":"Perfected Strike+1","floor":18},{"not_picked":["Metallicize","Sword Boomerang"],"picked":"Juggernaut","floor":23},{"not_picked":["Sever Soul","Combust"],"picked":"Body Slam","floor":25}],"player_experience":26704,"relics_obtained":[{"floor":9.0,"key":"Bottled Tornado"},{"floor":23,"key":"Vajra"},{"floor":26,"key":"Matryoshka"}],"event_choices":[{"event_name":"Golden Idol","player_choice":"Take Damage","floor":4.0,"damage_taken":0.0},{"event_name":"FaceTrader","player_choice":"Trade","floor":8.0,"damage_taken":0.0},{"event_name":"Wheel of Change","player_choice":"Damage","floor":14.0,"damage_taken":0.0},{"event_name":"Back to Basics","player_choice":"Simplicity","floor":20,"damage_taken":0},{"event_name":"Addict","player_choice":"Obtained Relic","floor":21,"damage_taken":0}],"is_beta":false,"boss_relics":[{"not_picked":["Philosopher\u0027s Stone","Black Blood"],"picked":"Velvet Choker"}],"items_purged_floors":[],"is_endless":false,"potions_floor_spawned":[1,5,16,25],"killed_by":"Gremlin Leader","ascension_level":0}