{"gold_per_floor":[363,378,390,403,419,419,438,438,516,543,234,253,253,269,269,366,366,378,40,51,62,76,76,86,86,86,86,86,86,86,86,86,182,182,197,297,310,272,290,290,305,305,354,367,367,367],"floor_reached":46,"playtime":5267,"items_purged":[],"score":476,"play_id":"39b9bcdf-8583-4f6f-8742-e085c3d32ab2","local_time":"20190504011243","is_ascension_mode":false,"campfire_choices":[{"data":"Bouncing Flask","floor":6,"key":"SMITH"},{"data":"Terror","floor":8,"key":"SMITH"},{"floor":13,"key":"REST"},{"data":"Envenom","floor":15,"key":"SMITH"},{"floor":23,"key":"REST"},{"data":"Leg Sweep","floor":25,"key":"SMITH"},{"floor":29,"key":"REST"},{"data":"Envenom","floor":32,"key":"SMITH"},{"floor":40,"key":"REST"},{"floor":42,"key":"REST"}],"neow_cost":"PERCENT_DAMAGE","seed_source_timestamp":51366363170810,"circlet_count":0,"master_deck":["Defend_G+1","Defend_G+1","Defend_G+1","Defend_G+1","Defend_G+1","Strike_G+1","Strike_G+1","Strike_G+1","Strike_G+1","Strike_G+1","Survivor","Neutralize+1","Bouncing Flask+1","Prepared","Infinite Blades","Terror+1","Infinite Blades","Choke","Envenom+1","Leg Sweep","Envenom+1","Deflect","Flash of Steel","Accuracy","Blade Dance","Outmaneuver","Leg Sweep+1","Outmaneuver+1","Tools of the Trade","Accuracy","Well Laid Plans+1","Cloak And Dagger","Backstab+1","Riddle With Holes+1","Parasite"],"relics":["Ring of the Snake","Pear","Dream Catcher","Shuriken","WristBlade","Tiny Chest","Whetstone","White Beast Statue","Tingsha","Bronze Scales","Question Card"],"potions_floor_usage":[10,10,14,16,20,22,24,33,33,37,39,44,44,46],"damage_taken":[{"damage":0,"enemies":"2 Louse","floor":1,"turns":4},{"damage":6,"enemies":"Small Slimes","floor":2,"turns":3},{"damage":4,"enemies":"Jaw Worm","floor":3,"turns":4},{"damage":0,"enemies":"Blue Slaver","floor":4,"turns":4},{"damage":11,"enemies":"Large Slime","floor":5,"turns":6},{"damage":0,"enemies":"Looter","floor":7,"turns":3},{"damage":12,"enemies":"3 Sentries","floor":10,"turns":7},{"damage":8,"enemies":"Red Slaver","floor":12,"turns":3},{"damage":2,"enemies":"2 Fungi Beasts","floor":14,"turns":4},{"damage":21,"enemies":"Hexaghost","floor":16,"turns":7},{"damage":10,"enemies":"Shell Parasite","floor":18,"turns":5},{"damage":26,"enemies":"3 Byrds","floor":20,"turns":5},{"damage":20,"enemies":"Shelled Parasite and Fungi","floor":21,"turns":6},{"damage":21,"enemies":"Centurion and Healer","floor":22,"turns":6},{"damage":30,"enemies":"Sentry and Sphere","floor":24,"turns":7},{"damage":32,"enemies":"Collector","floor":33,"turns":7},{"damage":12,"enemies":"Orb Walker","floor":35,"turns":5},{"damage":0,"enemies":"Mind Bloom Boss Battle","floor":36,"turns":6},{"damage":31,"enemies":"3 Darklings","floor":37,"turns":7},{"damage":28,"enemies":"Writhing Mass","floor":39,"turns":7},{"damage":37,"enemies":"Spire Growth","floor":41,"turns":7},{"damage":27,"enemies":"Jaw Worm Horde","floor":44,"turns":5},{"damage":9,"enemies":"Writhing Mass","floor":46,"turns":7}],"seed_played":"1607480645675498208","potions_obtained":[{"floor":3,"key":"Swift Potion"},{"floor":4,"key":"SmokeBomb"},{"floor":5,"key":"EssenceOfSteel"},{"floor":7,"key":"Fire Potion"},{"floor":12,"key":"LiquidBronze"},{"floor":20,"key":"Fire Potion"},{"floor":22,"key":"EntropicBrew"},{"floor":33,"key":"Strength Potion"},{"floor":35,"key":"Energy Potion"},{"floor":37,"key":"Energy Potion"},{"floor":39,"key":"SteroidPotion"},{"floor":41,"key":"GamblersBrew"},{"floor":44,"key":"Weak Potion"}],"is_trial":false,"path_per_floor":["M","M","M","M","M","R","M","R","T","E","$","M","R","M","R","B",null,"M","$","M","M","M","R","M","R","T","?","?","R","$","?","R","B",null,"M","?","M","$","M","R","M","R","T","M","T","M"],"character_chosen":"THE_SILENT","items_purchased":["Infinite Blades","Shuriken","Tiny Chest","Regen Potion","Deflect","Flash of Steel","Accuracy"],"campfire_rested":5,"item_purchase_floors":[11,11,19,19,19,19,38],"current_hp_per_floor":[49,43,39,39,28,28,28,28,38,26,26,18,42,40,40,19,80,70,70,58,38,17,41,11,11,11,11,11,35,35,35,35,3,80,68,68,37,37,9,33,8,32,32,5,5,0],"gold":367,"neow_bonus":"TWO_FIFTY_GOLD","is_prod":false,"is_daily":false,"chose_seed":false,"campfire_upgraded":5,"win_rate":0,"timestamp":1556925163,"path_taken":["M","M","M","M","M","R","M","R","T","E","$","M","R","M","R","BOSS","M","$","M","M","M","R","M","R","T","?","?","R","$","?","R","BOSS","M","?","M","?","M","R","M","R","T","M","?","M"],"build_version":"2019-01-23","purchased_purges":0,"victory":false,"max_hp_per_floor":[70,70,70,70,70,70,70,70,80,80,80,80,80,80,80,80,80,80,80,80,80,80,80,80,80,80,80,80,80,80,80,80,80,80,80,80,80,80,80,80,80,80,80,80,80,80],"card_choices":[{"not_picked":["Prepared","Dodge and Roll"],"picked":"Bouncing Flask","floor":1},{"not_picked":["Distraction","Predator"],"picked":"Prepared","floor":2},{"not_picked":["PiercingWail","Dash"],"picked":"Infinite Blades","floor":3},{"not_picked":["Distraction","Dagger Spray","Reflex"],"picked":"SKIP","floor":4},{"not_picked":["Dagger Throw","Bane"],"picked":"Terror","floor":5},{"not_picked":["Poisoned Stab","Distraction","Predator"],"picked":"SKIP","floor":7},{"not_picked":["All Out Attack","Quick Slash","Prepared"],"picked":"SKIP","floor":10},{"not_picked":["Dagger Throw","Escape Plan"],"picked":"Choke","floor":12},{"not_picked":["Backflip","Flying Knee"],"picked":"Envenom","floor":13},{"not_picked":["Sucker Punch","Deflect"],"picked":"Leg Sweep","floor":14},{"not_picked":["Tools of the Trade","Night Terror"],"picked":"Envenom","floor":16},{"not_picked":["Flying Knee","Dodge and Roll+1","Prepared"],"picked":"SKIP","floor":18},{"not_picked":["Crippling Poison+1","Flying Knee"],"picked":"Accuracy","floor":20},{"not_picked":["Riddle With Holes","Crippling Poison+1"],"picked":"Blade Dance","floor":21},{"not_picked":["PiercingWail","Flying Knee","Slice"],"picked":"SKIP","floor":22},{"not_picked":["Night Terror","Bane"],"picked":"Outmaneuver","floor":23},{"not_picked":["Dagger Spray","Deadly Poison"],"picked":"Leg Sweep","floor":24},{"not_picked":["Footwork","Flying Knee"],"picked":"Outmaneuver+1","floor":29},{"not_picked":["Phantasmal Killer","Adrenaline"],"picked":"Tools of the Trade","floor":33},{"not_picked":["Flechettes","Dodge and Roll","Choke"],"picked":"SKIP","floor":35},{"not_picked":["Dagger Spray","Slice+1","Dagger Throw+1"],"picked":"SKIP","floor":37},{"not_picked":["Calculated Gamble+1","Backstab"],"picked":"Well Laid Plans+1","floor":39},{"not_picked":["Slice+1","PiercingWail"],"picked":"Cloak And Dagger","floor":40},{"not_picked":["Dodge and Roll+1","Sucker Punch+1"],"picked":"Backstab+1","floor":41},{"not_picked":["Predator+1","Quick Slash+1"],"picked":"Riddle With Holes+1","floor":44}],"player_experience":155505,"relics_obtained":[{"floor":9,"key":"Pear"},{"floor":10,"key":"Dream Catcher"},{"floor":26,"key":"Whetstone"},{"floor":36,"key":"Tingsha"},{"floor":43,"key":"Bronze Scales"},{"floor":45,"key":"Question Card"}],"event_choices":[{"damage_healed":0,"gold_gain":0,"player_choice":"Simplicity","damage_taken":0,"max_hp_gain":0,"max_hp_loss":0,"event_name":"Back to Basics","floor":27,"gold_loss":0,"cards_upgraded":["Defend_G","Defend_G","Defend_G","Defend_G","Defend_G","Strike_G","Strike_G","Strike_G","Strike_G"]},{"damage_healed":0,"gold_gain":0,"player_choice":"Ignored","damage_taken":0,"max_hp_gain":0,"max_hp_loss":0,"event_name":"Vampires","floor":28,"gold_loss":0},{"damage_healed":0,"gold_gain":0,"player_choice":"Ignored","damage_taken":0,"max_hp_gain":0,"max_hp_loss":0,"event_name":"Ghosts","floor":31,"gold_loss":0},{"damage_healed":0,"gold_gain":0,"player_choice":"Fight","damage_taken":0,"max_hp_gain":0,"max_hp_loss":0,"event_name":"MindBloom","floor":36,"gold_loss":0}],"is_beta":false,"boss_relics":[{"not_picked":["Tiny House","Busted Crown"],"picked":"WristBlade"},{"not_picked":["Fusion Hammer","Eternal Feather"],"picked":"White Beast Statue"}],"items_purged_floors":[],"is_endless":false,"potions_floor_spawned":[3,4,5,7,12,20,22,33,35,36,37,39,41,44],"killed_by":"Writhing Mass","ascension_level":0}