{"gold_per_floor":[129,30,65,65,80,80,95,95,145,23,38,68,68,68,68,168,168,183,198,213,248,263,263,263],"floor_reached":24,"playtime":1714,"items_purged":[],"score":250,"play_id":"550a1bab-11f8-432f-a214-bb62122aeec2","local_time":"20180820210416","daily_mods":["Allstar","Night Terrors","Hoarder"],"is_ascension_mode":false,"campfire_choices":[{"data":"Dualcast","floor":6,"key":"SMITH"},{"floor":8,"key":"REST"},{"floor":15,"key":"REST"},{"floor":23,"key":"REST"}],"neow_cost":"","seed_source_timestamp":0,"circlet_count":0,"master_deck":["Strike_B","Strike_B","Strike_B","Strike_B","Defend_B","Defend_B","Defend_B","Defend_B","Zap","Dualcast+1","Transmutation","Transmutation","Transmutation","Apotheosis","Apotheosis","Jack Of All Trades","Jack Of All Trades","Jack Of All Trades","Enlightenment","Enlightenment","Enlightenment","Blind","Blind","Blind","BootSequence","BootSequence","BootSequence","Flash of Steel","Flash of Steel","Flash of Steel","Beam Cell","Beam Cell","Beam Cell","Self Repair","Self Repair","Self Repair","Doom and Gloom","Doom and Gloom","Doom and Gloom","Ball Lightning","Ball Lightning","Ball Lightning","Leap","Leap","Leap","Redo","Redo","Redo","All For One+1","All For One+1","All For One+1","Go for the Eyes+1","Go for the Eyes+1","Go for the Eyes+1"],"special_seed":17764,"relics":["FrozenCore","Bag of Marbles","Molten Egg 2","Gambling Chip"],"potions_floor_usage":[5,19],"damage_taken":[{"damage":5,"enemies":"Small Slimes","floor":1,"turns":4},{"damage":7,"enemies":"2 Louse","floor":3,"turns":3},{"damage":0,"enemies":"Cultist","floor":5,"turns":3},{"damage":8,"enemies":"3 Louse","floor":7,"turns":4},{"damage":10,"enemies":"Looter","floor":11,"turns":3},{"damage":46,"enemies":"Gremlin Nob","floor":12,"turns":4},{"damage":7,"enemies":"Slime Boss","floor":16,"turns":8},{"damage":14,"enemies":"3 Byrds","floor":18,"turns":4},{"damage":8,"enemies":"Spheric Guardian","floor":19,"turns":3},{"damage":12,"enemies":"Snake Plant","floor":20,"turns":4},{"damage":16,"enemies":"Centurion and Healer","floor":21,"turns":9},{"damage":56,"enemies":"3 Cultists","floor":22,"turns":7},{"damage":62,"enemies":"Book of Stabbing","floor":24,"turns":7}],"seed_played":"-3893326877167468496","potions_obtained":[{"floor":3,"key":"Ancient Potion"},{"floor":5,"key":"AttackPotion"},{"floor":11,"key":"Dexterity Potion"},{"floor":21,"key":"Regen Potion"}],"is_trial":false,"path_per_floor":["M","$","M","?","M","R","M","R","T","$","M","E","?","T","R","B",null,"M","M","M","M","M","R"],"character_chosen":"DEFECT","items_purchased":["Flash of Steel","Ball Lightning","Leap","SteroidPotion"],"campfire_rested":3,"item_purchase_floors":[2,10,10,10],"current_hp_per_floor":[70,70,63,63,63,63,62,70,70,70,70,24,24,24,65,65,65,58,57,52,53,15,60,0],"gold":263,"neow_bonus":"","is_prod":false,"is_daily":true,"chose_seed":false,"campfire_upgraded":1,"win_rate":0,"timestamp":1534824256,"path_taken":["M","$","M","?","M","R","M","R","T","?","M","E","?","?","R","BOSS","M","?","M","M","M","R","E"],"build_version":"2018-08-16","purchased_purges":0,"victory":false,"max_hp_per_floor":[75,75,75,75,75,75,75,70,70,70,70,70,70,70,65,65,65,65,65,65,65,65,60,60],"card_choices":[{"not_picked":["Aggregate","Reprogram"],"picked":"BootSequence","floor":1},{"not_picked":["Compile Driver","Conserve Battery"],"picked":"Beam Cell","floor":3},{"not_picked":["Hologram","Scrape"],"picked":"Self Repair","floor":5},{"not_picked":["Amplify","Stack"],"picked":"Doom and Gloom","floor":7},{"not_picked":["Force Field","Rebound","Stack"],"picked":"SKIP","floor":11},{"not_picked":["Barrage","Hologram"],"picked":"Redo","floor":12},{"not_picked":["Machine Learning","Rainbow"],"picked":"All For One+1","floor":16},{"not_picked":["Storm","Redo","Turbo"],"picked":"SKIP","floor":18},{"not_picked":["Skim","Hello World","Conserve Battery+1"],"picked":"SKIP","floor":19},{"not_picked":["Barrage+1","Loop","Leap"],"picked":"SKIP","floor":20},{"not_picked":["Rebound+1","Coolheaded"],"picked":"Go for the Eyes+1","floor":21},{"not_picked":["Streamline+1","Hologram","Core Surge+1"],"picked":"SKIP","floor":22}],"player_experience":31370,"relics_obtained":[{"floor":9,"key":"Bag of Marbles"},{"floor":12,"key":"Molten Egg 2"},{"floor":14,"key":"Gambling Chip"}],"event_choices":[{"event_name":"Golden Idol","player_choice":"Ignored","floor":4,"damage_taken":0},{"event_name":"Living Wall","player_choice":"Forget","floor":13,"damage_taken":0}],"is_beta":false,"boss_relics":[{"not_picked":["Nuclear Battery","Orrery"],"picked":"FrozenCore"}],"items_purged_floors":[],"is_endless":false,"potions_floor_spawned":[3,5,11,18,21,22],"killed_by":"Book of Stabbing","ascension_level":0}