{"gold_per_floor":[116,26,26,37,48,83,93,105,179,195,195,225,225,245,245,245],"floor_reached":16,"playtime":1055,"items_purged":[],"score":278,"play_id":"6f473439-5868-4ffa-b084-1957f5583935","local_time":"20190503061919","is_ascension_mode":true,"campfire_choices":[{"data":"Neutralize","floor":11,"key":"SMITH"},{"data":"Dodge and Roll","floor":13,"key":"SMITH"},{"data":"Backstab","floor":15,"key":"SMITH"}],"neow_cost":"NONE","seed_source_timestamp":164676857188302,"circlet_count":0,"master_deck":["AscendersBane","Defend_G","Defend_G","Defend_G","Defend_G","Defend_G","Strike_G","Strike_G","Strike_G","Strike_G","Strike_G","Survivor","Neutralize+1","Masterful Stab","Backstab+1","Skewer","Dodge and Roll+1","PiercingWail","Backflip","Dash+1","Cloak And Dagger","Infinite Blades"],"relics":["Ring of the Snake","Ninja Scroll","Turnip","Molten Egg 2","Bag of Marbles"],"potions_floor_usage":[6,12],"damage_taken":[{"damage":6,"enemies":"Cultist","floor":1,"turns":5},{"damage":0,"enemies":"2 Louse","floor":4,"turns":1},{"damage":0,"enemies":"Small Slimes","floor":5,"turns":2},{"damage":0,"enemies":"Gremlin Nob","floor":6,"turns":1},{"damage":0,"enemies":"3 Louse","floor":7,"turns":3},{"damage":0,"enemies":"Looter","floor":8,"turns":3},{"damage":0,"enemies":"Red Slaver","floor":10,"turns":1},{"damage":12,"enemies":"Lagavulin","floor":12,"turns":5},{"damage":0,"enemies":"Blue Slaver","floor":14,"turns":1},{"damage":42,"enemies":"Hexaghost","floor":16,"turns":14}],"seed_played":"7039661757350209137","potions_obtained":[{"floor":0,"key":"Ancient Potion"},{"floor":0,"key":"SteroidPotion"},{"floor":7,"key":"PowerPotion"},{"floor":10,"key":"FearPotion"},{"floor":14,"key":"SmokeBomb"}],"is_trial":false,"path_per_floor":["M","$","?","M","M","E","M","M","T","M","R","E","R","M","R","B"],"character_chosen":"THE_SILENT","items_purchased":["Infinite Blades"],"campfire_rested":0,"item_purchase_floors":[2],"current_hp_per_floor":[53,53,53,53,53,53,53,53,53,53,53,41,41,41,41,0],"gold":245,"neow_bonus":"THREE_SMALL_POTIONS","is_prod":false,"is_daily":false,"chose_seed":false,"campfire_upgraded":3,"win_rate":0,"timestamp":1556857159,"path_taken":["M","?","?","M","?","E","M","M","T","M","R","E","R","M","R","BOSS"],"build_version":"2019-01-23","purchased_purges":0,"victory":false,"max_hp_per_floor":[66,66,66,66,66,66,66,66,66,66,66,66,66,66,66,66],"card_choices":[{"not_picked":["Outmaneuver","Sucker Punch"],"picked":"Masterful Stab","floor":1},{"not_picked":["Dagger Throw","Quick Slash"],"picked":"Backstab","floor":4},{"not_picked":["Prepared","Well Laid Plans"],"picked":"Skewer","floor":5},{"not_picked":["Prepared","Masterful Stab"],"picked":"Dodge and Roll","floor":6},{"not_picked":["Deadly Poison","Outmaneuver"],"picked":"PiercingWail","floor":7},{"not_picked":["Slice","Venomology"],"picked":"Backflip","floor":8},{"not_picked":["Concentrate","Flying Knee+1"],"picked":"Dash+1","floor":10},{"not_picked":["Accuracy","Phantasmal Killer"],"picked":"Cloak And Dagger","floor":12},{"not_picked":["Deadly Poison","Dagger Throw+1"],"picked":"Infinite Blades","floor":14}],"player_experience":1930248,"relics_obtained":[{"floor":6,"key":"Turnip"},{"floor":9,"key":"Molten Egg 2"},{"floor":12,"key":"Bag of Marbles"}],"event_choices":[{"cards_removed":["Infinite Blades"],"damage_healed":0,"gold_gain":0,"player_choice":"Gave Card","damage_taken":0,"relics_obtained":["Ninja Scroll"],"max_hp_gain":0,"max_hp_loss":0,"event_name":"WeMeetAgain","floor":3,"gold_loss":0}],"is_beta":false,"boss_relics":[],"items_purged_floors":[],"is_endless":false,"potions_floor_spawned":[7,8,10,14],"killed_by":"Hexaghost","ascension_level":20}