{"gold_per_floor":[114,114,189,40,59,59,75,39,113,127,127,127,127,146,146,146],"floor_reached":16,"playtime":598,"items_purged":[],"score":90,"play_id":"d6e99489-e75a-4063-ab5f-6f51bb42c9ae","local_time":"20180814235210","is_ascension_mode":false,"campfire_choices":[{"data":"Quick Slash","floor":6,"key":"SMITH"},{"data":"Backstab","floor":11,"key":"SMITH"},{"floor":15,"key":"REST"}],"neow_cost":"","seed_source_timestamp":41569194416931,"circlet_count":0,"master_deck":["Defend_G","Defend_G","Defend_G","Defend_G","Defend_G","Strike_G","Strike_G","Strike_G","Strike_G","Strike_G","Survivor","Neutralize","Heel Hook","Panacea","Quick Slash+1","Deadly Poison","Backstab","Eviscerate","Blade Dance"],"relics":["Ring of the Snake","Ninja Scroll","Mummified Hand"],"potions_floor_usage":[],"damage_taken":[{"damage":0,"enemies":"Small Slimes","floor":1,"turns":4},{"damage":7,"enemies":"2 Louse","floor":5,"turns":2},{"damage":10,"enemies":"Jaw Worm","floor":7,"turns":4},{"damage":0,"enemies":"Blue Slaver","floor":10,"turns":2},{"damage":22,"enemies":"Large Slime","floor":14,"turns":7},{"damage":77,"enemies":"Hexaghost","floor":16,"turns":10}],"seed_played":"2347183842927406783","potions_obtained":[{"floor":1,"key":"Weak Potion"},{"floor":14,"key":"Poison Potion"}],"is_trial":false,"path_per_floor":["M","?","?","$","M","R","M","$","T","M","R","?","T","M","R"],"character_chosen":"THE_SILENT","items_purchased":["Panacea","Quick Slash","Eviscerate"],"campfire_rested":1,"item_purchase_floors":[4,4,8],"current_hp_per_floor":[70,75,64,64,57,57,47,47,47,47,47,75,75,53,75,0],"gold":146,"neow_bonus":"","is_prod":false,"is_daily":false,"chose_seed":false,"campfire_upgraded":2,"win_rate":0.0,"timestamp":1534315930,"path_taken":["M","?","?","$","M","R","M","$","T","M","R","?","?","M","R","BOSS"],"build_version":"2018-08-09","purchased_purges":0,"victory":false,"max_hp_per_floor":[70,75,75,75,75,75,75,75,75,75,75,75,75,75,75,75],"card_choices":[{"not_picked":["Prepared","Tactician"],"picked":"Heel Hook","floor":1},{"not_picked":["Acrobatics","Prepared"],"picked":"Deadly Poison","floor":5},{"not_picked":["Deflect","Quick Slash"],"picked":"Backstab","floor":7},{"not_picked":["Heel Hook","Well Laid Plans"],"picked":"Backstab","floor":10},{"not_picked":["Poisoned Stab","Well Laid Plans"],"picked":"Blade Dance","floor":14}],"player_experience":4122,"relics_obtained":[{"floor":9,"key":"Ninja Scroll"},{"floor":13,"key":"Mummified Hand"}],"event_choices":[{"event_name":"Big Fish","player_choice":"Donut","floor":2,"damage_taken":0},{"event_name":"World of Goop","player_choice":"Gather Gold","floor":3,"damage_taken":0},{"event_name":"Bonfire Elementals","player_choice":"UNCOMMON","floor":12,"damage_taken":0}],"is_beta":false,"boss_relics":[],"items_purged_floors":[],"is_endless":false,"potions_floor_spawned":[1,14],"killed_by":"Hexaghost","ascension_level":0}