{"gold_per_floor":[114,114,114,75,100,100,131,131,131,131,151,23,23,23,23,143,143,158,158,21,21,21,21,21,21,21,56,68,68,80,105,105,105],"floor_reached":33,"playtime":698,"items_purged":["Injury","Defend_R"],"score":317,"play_id":"89124804-c0aa-40ef-832f-b4854569e37e","local_time":"20190415152054","is_ascension_mode":true,"campfire_choices":[{"data":"Perfected Strike","floor":6.0,"key":"SMITH"},{"data":"Bash","floor":8.0,"key":"SMITH"},{"floor":10.0,"key":"RECALL"},{"floor":15.0,"key":"REST"},{"data":"Inflame","floor":23.0,"key":"SMITH"},{"data":"Dual Wield","floor":25.0,"key":"SMITH"},{"floor":29.0,"key":"REST"},{"floor":32.0,"key":"REST"}],"neow_cost":"NONE","seed_source_timestamp":507377735870964,"circlet_count":0,"master_deck":["Strike_R","Strike_R","Strike_R","Strike_R","Strike_R","Defend_R","Defend_R","Defend_R","Bash+1","Perfected Strike+1","Ghostly Armor","Shrug It Off","Inflame+1","Anger","Feed","Whirlwind+1","Dual Wield+1","Flame Barrier+1"],"special_seed":0,"relics":["Burning Blood","NeowsBlessing","Bloody Idol","Bag of Marbles","Bottled Flame","StoneCalendar","Busted Crown","Happy Flower","Matryoshka","Darkstone Periapt"],"potions_floor_usage":[33],"damage_taken":[{"damage":0.0,"enemies":"Small Slimes","floor":1.0,"turns":1.0},{"damage":0.0,"enemies":"Jaw Worm","floor":5.0,"turns":1.0},{"damage":0.0,"enemies":"Lagavulin","floor":7.0,"turns":1.0},{"damage":0.0,"enemies":"Cultist","floor":11.0,"turns":2.0},{"damage":45.0,"enemies":"The Guardian","floor":16.0,"turns":7.0},{"damage":0.0,"enemies":"Spheric Guardian","floor":18.0,"turns":3.0},{"damage":45.0,"enemies":"Gremlin Leader","floor":27.0,"turns":4.0},{"damage":20.0,"enemies":"Shell Parasite","floor":28.0,"turns":3.0},{"damage":23.0,"enemies":"Shelled Parasite and Fungi","floor":30.0,"turns":4.0},{"damage":43.0,"enemies":"Book of Stabbing","floor":31.0,"turns":4.0},{"damage":68,"enemies":"Champ","floor":33,"turns":7}],"seed_played":"-8308232703201952283","potions_obtained":[{"floor":11.0,"key":"Poison Potion"},{"floor":16.0,"key":"Regen Potion"},{"floor":28.0,"key":"Swift Potion"},{"floor":31.0,"key":"Fire Potion"}],"is_trial":false,"path_per_floor":["M","?","?","?","M","R","E","R","T","R","M","$","?","$","R","B",null,"M","?","$","?","?","R","$","R","T","E","M","R","M","E","R","B"],"character_chosen":"IRONCLAD","items_purchased":["Anger","Dual Wield"],"campfire_rested":3,"item_purchase_floors":[12,20],"current_hp_per_floor":[80,80,85,85,85,85,85,85,85,85,85,85,67,67,85,46,85,88,88,88,88,88,88,88,88,88,54,45,71,59,27,53,0],"gold":105,"neow_bonus":"THREE_ENEMY_KILL","is_prod":false,"is_daily":false,"chose_seed":false,"campfire_upgraded":4,"win_rate":0,"timestamp":1555366854,"path_taken":["M","?","?","?","M","R","E","R","T","R","M","$","?","$","R","BOSS","M","?","$","?","?","R","?","R","T","E","M","R","M","E","R","BOSS"],"build_version":"2019-01-23","purchased_purges":2,"victory":false,"max_hp_per_floor":[80,80,85,85,85,85,85,85,85,85,85,85,85,85,85,85,85,88,88,88,88,88,88,88,88,88,88,88,88,88,88,88,88],"card_choices":[{"not_picked":["Clash","Clothesline"],"picked":"Perfected Strike","floor":1.0},{"not_picked":["Wild Strike","Sentinel"],"picked":"Ghostly Armor","floor":5.0},{"not_picked":["Sentinel","Intimidate"],"picked":"Shrug It Off","floor":7.0},{"not_picked":["Feel No Pain","Havoc"],"picked":"Inflame","floor":11.0},{"not_picked":["Dark Embrace","Immolate"],"picked":"Feed","floor":16.0},{"not_picked":[],"picked":"Whirlwind+1","floor":18.0},{"not_picked":["Body Slam"],"picked":"SKIP","floor":27.0},{"not_picked":["Clothesline"],"picked":"SKIP","floor":28.0},{"not_picked":["Sentinel"],"picked":"SKIP","floor":30.0},{"not_picked":[],"picked":"Flame Barrier+1","floor":31.0}],"player_experience":428229,"relics_obtained":[{"floor":7.0,"key":"Bag of Marbles"},{"floor":9.0,"key":"Bottled Flame"},{"floor":27.0,"key":"Matryoshka"},{"floor":31.0,"key":"Darkstone Periapt"}],"event_choices":[{"damage_healed":0.0,"max_hp_gain":0.0,"max_hp_loss":0.0,"gold_gain":0.0,"event_name":"Golden Idol","player_choice":"Take Wound","floor":2.0,"gold_loss":0.0,"damage_taken":0.0,"relics_obtained":["Golden Idol"],"cards_obtained":["Injury"]},{"damage_healed":0.0,"max_hp_gain":5.0,"max_hp_loss":0.0,"gold_gain":0.0,"event_name":"Big Fish","player_choice":"Donut","floor":3.0,"gold_loss":0.0,"damage_taken":0.0},{"damage_healed":0.0,"max_hp_gain":0.0,"max_hp_loss":0.0,"gold_gain":0.0,"event_name":"World of Goop","player_choice":"Left Gold","floor":4.0,"gold_loss":39.0,"damage_taken":0.0},{"damage_healed":0.0,"max_hp_gain":0.0,"max_hp_loss":0.0,"gold_gain":0.0,"event_name":"Scrap Ooze","player_choice":"Success","floor":13.0,"gold_loss":0.0,"damage_taken":18.0,"relics_obtained":["StoneCalendar"]},{"damage_healed":0.0,"max_hp_gain":0.0,"max_hp_loss":0.0,"gold_gain":0.0,"event_name":"Cursed Tome","player_choice":"Ignored","floor":19.0,"gold_loss":0.0,"damage_taken":0.0},{"damage_healed":0.0,"max_hp_gain":0.0,"max_hp_loss":0.0,"gold_gain":0.0,"event_name":"Forgotten Altar","player_choice":"Gave Idol","floor":21.0,"relics_lost":["Golden Idol"],"gold_loss":0.0,"damage_taken":0.0,"relics_obtained":["Bloody Idol"]},{"damage_healed":0.0,"max_hp_gain":0.0,"max_hp_loss":0.0,"gold_gain":0.0,"event_name":"The Mausoleum","player_choice":"Opened","floor":22.0,"gold_loss":0.0,"damage_taken":0.0,"relics_obtained":["Happy Flower"]}],"is_beta":false,"boss_relics":[{"not_picked":["White Beast Statue","Eternal Feather"],"picked":"Busted Crown"}],"items_purged_floors":[12,20],"is_endless":false,"potions_floor_spawned":[11,16,28,31],"killed_by":"Champ","ascension_level":1}