{"gold_per_floor":[14,30,30,40,56,56,83,99,125,125,125,151,162,162,162,162],"floor_reached":16,"playtime":1515,"items_purged":[],"score":224,"play_id":"136d2b23-75c6-43d1-a370-66f6c4489a66","local_time":"20190504065106","is_ascension_mode":true,"campfire_choices":[{"data":"Neutralize","floor":6,"key":"SMITH"},{"floor":10,"key":"REST"},{"data":"Caltrops","floor":15,"key":"SMITH"}],"neow_cost":"NO_GOLD","seed_source_timestamp":216995491418286,"circlet_count":0,"master_deck":["AscendersBane","Defend_G","Defend_G","Defend_G","Defend_G","Strike_G","Strike_G","Strike_G","Survivor","Neutralize+1","Caltrops+1","Sucker Punch","Dagger Spray","Well Laid Plans","Footwork","PiercingWail","Leg Sweep"],"relics":["Ring of the Snake","Tingsha","Juzu Bracelet","Happy Flower","Art of War"],"potions_floor_usage":[7,12],"damage_taken":[{"damage":2,"enemies":"2 Louse","floor":1,"turns":3},{"damage":1,"enemies":"Cultist","floor":2,"turns":4},{"damage":0,"enemies":"Jaw Worm","floor":4,"turns":6},{"damage":13,"enemies":"3 Louse","floor":5,"turns":5},{"damage":24,"enemies":"Gremlin Nob","floor":7,"turns":4},{"damage":0,"enemies":"Blue Slaver","floor":8,"turns":5},{"damage":13,"enemies":"Lagavulin","floor":12,"turns":9},{"damage":0,"enemies":"Large Slime","floor":13,"turns":7},{"damage":19,"enemies":"Hexaghost","floor":16,"turns":13}],"seed_played":"5715269279303053404","potions_obtained":[{"floor":2,"key":"Fire Potion"},{"floor":5,"key":"Poison Potion"},{"floor":8,"key":"Energy Potion"}],"is_trial":false,"path_per_floor":["M","M","?","M","M","R","E","M","T","R","?","E","M","?","R","B"],"character_chosen":"THE_SILENT","items_purchased":[],"campfire_rested":1,"item_purchase_floors":[],"current_hp_per_floor":[57,56,56,56,43,43,19,19,19,38,38,25,25,18,18,0],"gold":162,"neow_bonus":"REMOVE_TWO","is_prod":false,"is_daily":false,"chose_seed":false,"campfire_upgraded":2,"win_rate":0,"timestamp":1556945466,"path_taken":["M","M","?","M","?","R","E","M","T","R","?","E","M","?","R","BOSS"],"build_version":"2019-01-23","purchased_purges":0,"victory":false,"max_hp_per_floor":[66,66,66,66,66,66,66,66,66,66,66,66,66,66,66,66],"card_choices":[{"not_picked":["Blade Dance","Bane"],"picked":"Caltrops","floor":1},{"not_picked":["Cloak And Dagger","Catalyst","Bane"],"picked":"SKIP","floor":2},{"not_picked":["Acrobatics","Backflip"],"picked":"Sucker Punch","floor":4},{"not_picked":["Finisher","Concentrate"],"picked":"Dagger Spray","floor":5},{"not_picked":["Catalyst","Bane"],"picked":"Well Laid Plans","floor":7},{"not_picked":["Heel Hook","Noxious Fumes"],"picked":"Footwork","floor":8},{"not_picked":["Escape Plan","Dagger Throw"],"picked":"PiercingWail","floor":12},{"not_picked":["Dagger Spray","Quick Slash"],"picked":"Leg Sweep","floor":13}],"player_experience":1977203,"relics_obtained":[{"floor":7,"key":"Tingsha"},{"floor":9,"key":"Juzu Bracelet"},{"floor":12,"key":"Art of War"}],"event_choices":[{"damage_healed":0,"gold_gain":0,"player_choice":"0 cards matched","damage_taken":0,"max_hp_gain":0,"max_hp_loss":0,"event_name":"Match and Keep!","floor":3,"gold_loss":0,"cards_obtained":[]},{"damage_healed":0,"gold_gain":0,"player_choice":"Searched \u00271\u0027 times","damage_taken":0,"relics_obtained":["Happy Flower"],"max_hp_gain":0,"max_hp_loss":0,"event_name":"Dead Adventurer","floor":11,"gold_loss":0},{"cards_removed":["Strike_G"],"damage_healed":0,"gold_gain":0,"player_choice":"Card Removal","damage_taken":7,"max_hp_gain":0,"max_hp_loss":0,"event_name":"Golden Wing","floor":14,"gold_loss":0}],"is_beta":false,"boss_relics":[],"items_purged_floors":[],"is_endless":false,"potions_floor_spawned":[2,5,8],"killed_by":"Hexaghost","ascension_level":20}