{"gold_per_floor":[113,26,44,62,73,73,89,89,89,89,101,129,129,159,159,159],"floor_reached":16,"playtime":673,"items_purged":[],"score":118,"play_id":"194cf091-8e21-429f-8c76-a5ab25febc26","local_time":"20190411212144","is_ascension_mode":true,"campfire_choices":[{"data":"Outmaneuver","floor":6,"key":"SMITH"},{"floor":8,"key":"REST"},{"floor":13,"key":"REST"},{"floor":15,"key":"REST"}],"neow_cost":"NONE","seed_source_timestamp":183500038104945,"circlet_count":0,"master_deck":["Defend_G","Defend_G","Defend_G","Defend_G","Defend_G","Strike_G","Strike_G","Strike_G","Strike_G","Strike_G","Survivor","Neutralize","Bane","Infinite Blades","Outmaneuver+1","Noxious Fumes","Setup","PiercingWail","Accuracy","Endless Agony","Envenom","Poisoned Stab"],"relics":["Ring of the Snake","NeowsBlessing","Mercury Hourglass","Regal Pillow","Meat on the Bone"],"potions_floor_usage":[5,5,11,16],"damage_taken":[{"damage":0,"enemies":"Cultist","floor":1,"turns":1},{"damage":0,"enemies":"Jaw Worm","floor":3,"turns":1},{"damage":0,"enemies":"2 Louse","floor":4,"turns":1},{"damage":15,"enemies":"Exordium Thugs","floor":5,"turns":2},{"damage":13,"enemies":"3 Louse","floor":7,"turns":4},{"damage":5,"enemies":"Large Slime","floor":11,"turns":4},{"damage":35,"enemies":"Gremlin Nob","floor":12,"turns":5},{"damage":21,"enemies":"Lagavulin","floor":14,"turns":6},{"damage":70,"enemies":"The Guardian","floor":16,"turns":9}],"seed_played":"-1665049054297627786","potions_obtained":[{"floor":1,"key":"AttackPotion"},{"floor":3,"key":"Explosive Potion"},{"floor":7,"key":"Energy Potion"},{"floor":14,"key":"Energy Potion"}],"is_trial":false,"path_per_floor":["M","$","M","M","M","R","M","R","T","?","M","E","R","E","R","B"],"character_chosen":"THE_SILENT","items_purchased":["Infinite Blades","Outmaneuver"],"campfire_rested":3,"item_purchase_floors":[2,2],"current_hp_per_floor":[70,70,70,70,55,55,42,63,63,63,58,23,59,38,70,0],"gold":159,"neow_bonus":"THREE_ENEMY_KILL","is_prod":false,"is_daily":false,"chose_seed":false,"campfire_upgraded":1,"win_rate":0,"timestamp":1555042904,"path_taken":["M","$","M","M","?","R","M","R","T","?","?","E","R","E","R","BOSS"],"build_version":"2019-01-23","purchased_purges":0,"victory":false,"max_hp_per_floor":[70,70,70,70,70,70,70,70,70,70,70,70,70,70,70,70],"card_choices":[{"not_picked":["Distraction","Deflect"],"picked":"Bane","floor":1},{"not_picked":["Crippling Poison","Sucker Punch"],"picked":"Noxious Fumes","floor":3},{"not_picked":["Concentrate","Dash"],"picked":"Setup","floor":4},{"not_picked":["Caltrops","Underhanded Strike"],"picked":"PiercingWail","floor":5},{"not_picked":["Quick Slash","Dodge and Roll"],"picked":"Accuracy","floor":7},{"not_picked":["Dagger Spray","Backflip"],"picked":"Endless Agony","floor":11},{"not_picked":["PiercingWail","Underhanded Strike"],"picked":"Envenom","floor":12},{"not_picked":["Blade Dance","Masterful Stab"],"picked":"Poisoned Stab","floor":14}],"player_experience":419685,"relics_obtained":[{"floor":9,"key":"Mercury Hourglass"},{"floor":12,"key":"Regal Pillow"},{"floor":14,"key":"Meat on the Bone"}],"event_choices":[{"damage_healed":0,"gold_gain":0,"player_choice":"0 cards matched","damage_taken":0,"max_hp_gain":0,"max_hp_loss":0,"event_name":"Match and Keep!","floor":10,"gold_loss":0,"cards_obtained":[]}],"is_beta":false,"boss_relics":[],"items_purged_floors":[],"is_endless":false,"potions_floor_spawned":[1,3,7,14],"killed_by":"The Guardian","ascension_level":1}