{"gold_per_floor":[111,124,136,156,156,185,1,31,31,31],"floor_reached":10,"playtime":347,"items_purged":["Defend_G"],"score":82,"play_id":"a73793f6-7abe-4caa-bbdb-53f604bda7db","local_time":"20190415160203","is_ascension_mode":true,"campfire_choices":[],"neow_cost":"NONE","seed_source_timestamp":510238533261006,"circlet_count":0,"master_deck":["Defend_G","Defend_G","Defend_G","Defend_G","Strike_G","Strike_G","Strike_G","Strike_G","Strike_G","Survivor","Neutralize","Riddle With Holes","Poisoned Stab","Die Die Die","Skewer","Noxious Fumes","Terror","Deflect+1"],"relics":["Ring of the Snake","NeowsBlessing","Happy Flower","Oddly Smooth Stone","Toxic Egg 2","Anchor"],"potions_floor_usage":[3,6,10],"damage_taken":[{"damage":0,"enemies":"Cultist","floor":1,"turns":1},{"damage":0,"enemies":"2 Louse","floor":2,"turns":1},{"damage":0,"enemies":"Jaw Worm","floor":3,"turns":1},{"damage":9,"enemies":"Blue Slaver","floor":4,"turns":2},{"damage":18,"enemies":"3 Sentries","floor":6,"turns":6},{"damage":29,"enemies":"Lagavulin","floor":8,"turns":4},{"damage":18,"enemies":"3 Sentries","floor":10,"turns":2}],"seed_played":"7656926731422179729","potions_obtained":[{"floor":2,"key":"Explosive Potion"},{"floor":3,"key":"Fire Potion"},{"floor":8,"key":"GhostInAJar"}],"is_trial":false,"path_per_floor":["M","M","M","M","?","E","$","E","T","E"],"character_chosen":"THE_SILENT","items_purchased":["Noxious Fumes","Terror"],"campfire_rested":0,"item_purchase_floors":[7,7],"current_hp_per_floor":[70,70,70,61,61,43,43,14,14,0],"gold":31,"neow_bonus":"THREE_ENEMY_KILL","is_prod":false,"is_daily":false,"chose_seed":false,"campfire_upgraded":0,"win_rate":0,"timestamp":1555369323,"path_taken":["M","?","M","M","?","E","$","E","T","E"],"build_version":"2019-01-23","purchased_purges":1,"victory":false,"max_hp_per_floor":[70,70,70,70,70,70,70,70,70,70],"card_choices":[{"not_picked":["Acrobatics","Masterful Stab"],"picked":"Riddle With Holes","floor":1},{"not_picked":["Acrobatics","Blade Dance"],"picked":"Poisoned Stab","floor":2},{"not_picked":["Deflect","Dodge and Roll"],"picked":"Die Die Die","floor":3},{"not_picked":["Blade Dance","Quick Slash"],"picked":"Outmaneuver","floor":4},{"not_picked":["Leg Sweep","Accuracy"],"picked":"Skewer","floor":6},{"not_picked":["Calculated Gamble","PiercingWail"],"picked":"Deflect","floor":8}],"player_experience":430971,"relics_obtained":[{"floor":6,"key":"Oddly Smooth Stone"},{"floor":8,"key":"Toxic Egg 2"},{"floor":9,"key":"Anchor"}],"event_choices":[{"cards_removed":["Outmaneuver"],"damage_healed":0,"gold_gain":0,"player_choice":"Gave Card","damage_taken":0,"relics_obtained":["Happy Flower"],"max_hp_gain":0,"max_hp_loss":0,"event_name":"WeMeetAgain","floor":5,"gold_loss":0}],"is_beta":false,"boss_relics":[],"items_purged_floors":[7],"is_endless":false,"potions_floor_spawned":[2,3,8],"killed_by":"3 Sentries","ascension_level":1}