{"gold_per_floor":[116,133,9,23,98,98,22,22,22,22,38,38,38,55,55,55],"floor_reached":16,"playtime":471,"items_purged":["Strike_R"],"score":90,"play_id":"0dba59a4-e306-4be5-a20f-f727b3255047","local_time":"20181204132112","is_ascension_mode":false,"campfire_choices":[{"data":"Bash","floor":6,"key":"SMITH"},{"data":"Twin Strike","floor":8,"key":"SMITH"},{"floor":12,"key":"REST"},{"floor":15,"key":"REST"}],"neow_cost":"NONE","seed_source_timestamp":317700054500294,"circlet_count":0,"master_deck":["Strike_R","Strike_R","Strike_R","Strike_R","Defend_R","Defend_R","Defend_R","Bash+1","Sword Boomerang","Anger","Disarm","Twin Strike+1","Shrug It Off","Intimidate"],"relics":["Burning Blood","Sundial"],"potions_floor_usage":[2,11,11],"damage_taken":[{"damage":6,"enemies":"Cultist","floor":1,"turns":3},{"damage":11,"enemies":"Jaw Worm","floor":2,"turns":2},{"damage":6,"enemies":"2 Louse","floor":4,"turns":3},{"damage":47,"enemies":"Gremlin Gang","floor":11,"turns":5},{"damage":12,"enemies":"Red Slaver","floor":14,"turns":3},{"damage":82,"enemies":"Slime Boss","floor":16,"turns":11}],"seed_played":"-763917186698001333","potions_obtained":[{"floor":1,"key":"SkillPotion"}],"is_trial":false,"path_per_floor":["M","M","$","M","?","R","$","R","T","?","M","R","?","M","R","B"],"character_chosen":"IRONCLAD","items_purchased":["Strength Potion","Regen Potion"],"campfire_rested":2,"item_purchase_floors":[3,7],"current_hp_per_floor":[80,75,75,75,64,64,64,64,64,64,37,61,61,55,79,0],"gold":55,"neow_bonus":"THREE_CARDS","is_prod":false,"is_daily":false,"chose_seed":false,"campfire_upgraded":2,"win_rate":0,"timestamp":1543958472,"path_taken":["M","M","$","M","?","R","$","R","T","?","?","R","?","?","R","BOSS"],"build_version":"2018-11-15","purchased_purges":1,"victory":false,"max_hp_per_floor":[80,80,80,80,80,80,80,80,80,80,80,80,80,80,80,80],"card_choices":[{"not_picked":["Feel No Pain","Disarm"],"picked":"Sword Boomerang","floor":0},{"not_picked":["Rupture","Body Slam"],"picked":"Anger","floor":1},{"not_picked":["Flame Barrier","Sword Boomerang"],"picked":"Disarm","floor":2},{"not_picked":["Shrug It Off","Body Slam"],"picked":"Twin Strike","floor":4},{"not_picked":["Wild Strike","Hemokinesis"],"picked":"Shrug It Off","floor":11},{"not_picked":["Pommel Strike","Corruption"],"picked":"Intimidate","floor":14}],"player_experience":107993,"relics_obtained":[{"floor":9,"key":"Sundial"}],"event_choices":[{"damage_healed":0,"gold_gain":75,"player_choice":"Gather Gold","damage_taken":11,"max_hp_gain":0,"max_hp_loss":0,"event_name":"World of Goop","floor":5,"gold_loss":0},{"damage_healed":0,"gold_gain":0,"player_choice":"0 cards matched","damage_taken":0,"max_hp_gain":0,"max_hp_loss":0,"event_name":"Match and Keep!","floor":10,"gold_loss":0,"cards_obtained":[]},{"cards_removed":["Defend_R"],"damage_healed":0,"gold_gain":0,"player_choice":"Offered Basic","damage_taken":0,"max_hp_gain":0,"max_hp_loss":0,"event_name":"Bonfire Elementals","floor":13,"gold_loss":0}],"is_beta":false,"boss_relics":[],"items_purged_floors":[3],"is_endless":false,"potions_floor_spawned":[1],"killed_by":"Slime Boss","ascension_level":0}