{"gold_per_floor":[114,129,34,34,49,49,64,79,79,79,94,109,109,124,124,224,224,239,339,12,12,27,27,42,42,42,42,42,57,72,87,87,187,187,187],"floor_reached":35,"playtime":1294,"items_purged":["Strike_B"],"score":353,"play_id":"f5b40f92-564a-4ca5-9341-46a849e8b2bd","local_time":"20190409222157","daily_mods":["Heirloom","Diverse","Night Terrors"],"is_ascension_mode":false,"campfire_choices":[{"data":"Defragment","floor":6,"key":"SMITH"},{"floor":10,"key":"REST"},{"floor":13,"key":"REST"},{"data":"Defragment","floor":15,"key":"SMITH"},{"data":"Deadly Poison","floor":23,"key":"SMITH"},{"floor":25,"key":"REST"},{"data":"Consume","floor":27,"key":"SMITH"},{"floor":32,"key":"REST"}],"neow_cost":"","seed_source_timestamp":0,"circlet_count":0,"master_deck":["Strike_B","Strike_B","Strike_B","Defend_B","Defend_B","Defend_B","Defend_B","Zap","Dualcast","Defragment+1","Prepared","Armaments+1","Headbutt","Heavy Blade","Deadly Poison+1","Defragment+1","Loop","Coolheaded","Consume+1","Burst","Whirlwind+1","Loop","Finesse","Writhe","Adrenaline"],"special_seed":17996,"relics":["Cracked Core","Thread and Needle","Emotion Chip","Sozu","Membership Card","The Courier","DataDisk","Busted Crown"],"potions_floor_usage":[12,16,18,29],"damage_taken":[{"damage":0,"enemies":"Small Slimes","floor":1,"turns":2},{"damage":0,"enemies":"Cultist","floor":2,"turns":3},{"damage":2,"enemies":"Jaw Worm","floor":5,"turns":2},{"damage":16,"enemies":"Exordium Thugs","floor":7,"turns":4},{"damage":0,"enemies":"2 Fungi Beasts","floor":8,"turns":3},{"damage":3,"enemies":"3 Louse","floor":11,"turns":3},{"damage":12,"enemies":"Large Slime","floor":12,"turns":3},{"damage":0,"enemies":"Blue Slaver","floor":14,"turns":3},{"damage":7,"enemies":"The Guardian","floor":16,"turns":7},{"damage":9,"enemies":"Shell Parasite","floor":18,"turns":4},{"damage":1,"enemies":"Spheric Guardian","floor":22,"turns":3},{"damage":19,"enemies":"Snake Plant","floor":24,"turns":3},{"damage":0,"enemies":"Snecko","floor":29,"turns":4},{"damage":15,"enemies":"3 Cultists","floor":30,"turns":5},{"damage":4,"enemies":"Cultist and Chosen","floor":31,"turns":5},{"damage":26,"enemies":"Collector","floor":33,"turns":7},{"damage":60,"enemies":"3 Darklings","floor":35,"turns":4}],"seed_played":"-2123263057779283965","potions_obtained":[{"floor":7,"key":"Ancient Potion"},{"floor":11,"key":"Explosive Potion"},{"floor":14,"key":"PowerPotion"},{"floor":16,"key":"Swift Potion"}],"is_trial":false,"path_per_floor":["M","M","$","?","M","R","M","M","T","R","M","M","R","M","R","B",null,"M","?","$","?","M","R","M","R","T","R","?","M","M","M","R","B",null,"M"],"character_chosen":"DEFECT","items_purchased":["Armaments","Headbutt","Membership Card","Loop","Finesse"],"campfire_rested":4,"item_purchase_floors":[3,3,20,20,20],"current_hp_per_floor":[75,75,75,75,73,73,57,57,57,70,67,55,65,65,65,58,65,56,56,56,56,55,55,36,60,60,60,60,60,45,41,55,29,55,0],"gold":187,"neow_bonus":"","is_prod":false,"is_daily":true,"chose_seed":false,"campfire_upgraded":4,"win_rate":0,"timestamp":1554873717,"path_taken":["M","M","$","?","M","R","?","M","T","R","?","M","R","M","R","BOSS","M","?","?","?","M","R","?","R","T","R","?","M","M","M","R","BOSS","M"],"build_version":"2019-01-23","purchased_purges":1,"victory":false,"max_hp_per_floor":[75,75,75,75,75,75,75,75,75,70,70,70,65,65,65,65,65,65,65,65,65,65,65,65,60,60,60,60,60,60,60,55,55,55,55],"card_choices":[{"not_picked":["Acrobatics","Iron Wave"],"picked":"Defragment","floor":1},{"not_picked":["Steam Power","Streamline"],"picked":"Prepared","floor":2},{"not_picked":["Sucker Punch","Well Laid Plans"],"picked":"Heavy Blade","floor":5},{"not_picked":["Eviscerate","Tempest"],"picked":"Deadly Poison","floor":7},{"not_picked":["Beam Cell","Sucker Punch"],"picked":"Defragment","floor":8},{"not_picked":["Ball Lightning","Havoc"],"picked":"Loop","floor":11},{"not_picked":["Backstab","Streamline"],"picked":"Coolheaded","floor":12},{"not_picked":["Conserve Battery","Turbo"],"picked":"Consume","floor":14},{"not_picked":["Wraith Form v2","Bullet Time"],"picked":"Burst","floor":16},{"not_picked":["Slice","Compile Driver+1"],"picked":"Whirlwind+1","floor":18},{"not_picked":["Body Slam","Ghostly Armor","Sword Boomerang"],"picked":"SKIP","floor":22},{"not_picked":["Hemokinesis","Reinforced Body+1","Dagger Spray+1"],"picked":"SKIP","floor":24},{"not_picked":["Riddle With Holes","Cloak And Dagger","Turbo"],"picked":"SKIP","floor":29},{"not_picked":["Genetic Algorithm","Stack","True Grit"],"picked":"SKIP","floor":30},{"not_picked":["Redo","Iron Wave","Anger"],"picked":"SKIP","floor":31},{"not_picked":["Tools of the Trade","Amplify"],"picked":"Adrenaline","floor":33}],"player_experience":412029,"relics_obtained":[{"floor":9,"key":"Emotion Chip"},{"floor":26,"key":"The Courier"}],"event_choices":[{"damage_healed":0,"gold_gain":0,"player_choice":"Forge","damage_taken":0,"max_hp_gain":0,"max_hp_loss":0,"event_name":"Accursed Blacksmith","floor":4,"gold_loss":0,"cards_upgraded":["Armaments"]},{"damage_healed":0,"gold_gain":100,"player_choice":"Pray","damage_taken":0,"max_hp_gain":0,"max_hp_loss":0,"event_name":"Golden Shrine","floor":19,"gold_loss":0},{"damage_healed":0,"gold_gain":0,"player_choice":"Ignored","damage_taken":0,"max_hp_gain":0,"max_hp_loss":0,"event_name":"N\u0027loth","floor":21,"gold_loss":0},{"damage_healed":0,"gold_gain":0,"player_choice":"Opened","damage_taken":0,"relics_obtained":["DataDisk"],"max_hp_gain":0,"max_hp_loss":0,"event_name":"The Mausoleum","floor":28,"gold_loss":0,"cards_obtained":["Writhe"]}],"is_beta":false,"boss_relics":[{"not_picked":["Cursed Key","White Beast Statue"],"picked":"Sozu"},{"not_picked":["Coffee Dripper","Black Star"],"picked":"Busted Crown"}],"items_purged_floors":[20],"is_endless":false,"potions_floor_spawned":[7,11,14,16,22,29,33],"killed_by":"3 Darklings","ascension_level":0}