{"gold_per_floor":[115,42,54,54,1,33,33,64,90,125,125,139,139,156,156,234,234,248,262,273,287,287,318,318,318,318,332,345,356,1,34,34,107,407,426,426,21,36,36,63,77,92,140,140,160,192,207,28,28,28],"floor_reached":50,"playtime":4160,"items_purged":[],"score":1302,"play_id":"7655beb9-7c58-4004-8d0f-0d0fa42d5b89","local_time":"20190505102503","is_ascension_mode":true,"campfire_choices":[{"data":"Skewer","floor":7.0,"key":"SMITH"},{"data":"Neutralize","floor":13.0,"key":"SMITH"},{"data":"Dodge and Roll","floor":15.0,"key":"SMITH"},{"data":"Wraith Form v2","floor":25.0,"key":"SMITH"},{"floor":32.0,"key":"REST"},{"floor":44,"key":"RECALL"},{"data":"Wraith Form v2","floor":49,"key":"SMITH"}],"neow_cost":"NONE","seed_source_timestamp":270849135195391,"circlet_count":0,"master_deck":["AscendersBane","Defend_G","Defend_G","Defend_G","Defend_G+1","Defend_G+1","Strike_G","Strike_G","Strike_G","Strike_G","Survivor","Neutralize+1","Dodge and Roll+1","Skewer+1","Endless Agony+1","Backstab+1","Well Laid Plans","Wraith Form v2+1","Riddle With Holes+1","Cloak And Dagger","Glass Knife+1","Pain","Dagger Spray+1","Dash+1","Backstab+1","Distraction+1","Corpse Explosion","Parasite","Shame","PiercingWail","Quick Slash+1","After Image","Riddle With Holes+1","Outmaneuver+1","Acrobatics+1","Doubt","Riddle With Holes+1","Cloak And Dagger","Wraith Form v2+1"],"special_seed":0,"relics":["Ring of the Snake","NeowsBlessing","Blood Vial","Du-Vu Doll","Pantograph","Potion Belt","Molten Egg 2","Cursed Key","MutagenicStrength","Gremlin Horn","Bottled Flame","Lantern","Mercury Hourglass","Calling Bell","Happy Flower","Pear","Old Coin","Spirit Poop","Medical Kit","Bag of Preparation","War Paint"],"potions_floor_usage":[33,33,40,46,50,50],"damage_taken":[{"damage":0.0,"enemies":"Jaw Worm","floor":1.0,"turns":1.0},{"damage":0.0,"enemies":"Cultist","floor":3.0,"turns":1.0},{"damage":0.0,"enemies":"Lagavulin","floor":6.0,"turns":1.0},{"damage":22.0,"enemies":"Gremlin Nob","floor":8.0,"turns":4.0},{"damage":37.0,"enemies":"Lagavulin","floor":10.0,"turns":8.0},{"damage":0.0,"enemies":"2 Louse","floor":12.0,"turns":2.0},{"damage":0.0,"enemies":"Large Slime","floor":14.0,"turns":4.0},{"damage":5.0,"enemies":"Hexaghost","floor":16.0,"turns":9.0},{"damage":0.0,"enemies":"Spheric Guardian","floor":18.0,"turns":3.0},{"damage":3.0,"enemies":"Shell Parasite","floor":19.0,"turns":4.0},{"damage":20.0,"enemies":"Snake Plant","floor":20.0,"turns":4.0},{"damage":0.0,"enemies":"Snecko","floor":21.0,"turns":4.0},{"damage":1.0,"enemies":"Gremlin Leader","floor":23.0,"turns":6.0},{"damage":3.0,"enemies":"3 Cultists","floor":27.0,"turns":4.0},{"damage":3.0,"enemies":"Centurion and Healer","floor":28.0,"turns":2.0},{"damage":1.0,"enemies":"Sentry and Sphere","floor":29.0,"turns":3.0},{"damage":6.0,"enemies":"Slavers","floor":31.0,"turns":3.0},{"damage":23,"enemies":"Collector","floor":33,"turns":7},{"damage":0,"enemies":"3 Shapes","floor":35,"turns":1},{"damage":0,"enemies":"Orb Walker","floor":38,"turns":1},{"damage":28,"enemies":"Reptomancer","floor":40,"turns":4},{"damage":0,"enemies":"Sphere and 2 Shapes","floor":41,"turns":1},{"damage":5,"enemies":"Maw","floor":42,"turns":5},{"damage":0,"enemies":"Jaw Worm Horde","floor":45,"turns":2},{"damage":3,"enemies":"Giant Head","floor":46,"turns":6},{"damage":4,"enemies":"Sphere and 2 Shapes","floor":47,"turns":1},{"damage":83,"enemies":"Awakened One","floor":50,"turns":14}],"seed_played":"5387204012916916969","potions_obtained":[{"floor":3.0,"key":"Ancient Potion"},{"floor":10.0,"key":"Weak Potion"},{"floor":12.0,"key":"Explosive Potion"},{"floor":18.0,"key":"AttackPotion"},{"floor":19.0,"key":"Swift Potion"},{"floor":21.0,"key":"Energy Potion"},{"floor":28.0,"key":"SteroidPotion"},{"floor":31.0,"key":"SteroidPotion"},{"floor":35,"key":"EssenceOfSteel"},{"floor":38,"key":"AttackPotion"},{"floor":40,"key":"Strength Potion"}],"is_trial":false,"path_per_floor":["M","?","M","$","$","E","R","E","T","E","?","M","R","M","R","B",null,"M","M","M","M","?","E","?","R","T","M","M","M","$","E","R","B",null,"M","?","$","M","?","E","M","M","T","R","M","E","M","$","R","B"],"character_chosen":"THE_SILENT","items_purchased":["SteroidPotion","Backstab+1","Weak Potion","Strength Potion","Lantern","Medical Kit","GamblersBrew","Quick Slash+1","Dexterity Potion","Wraith Form v2"],"campfire_rested":1,"item_purchase_floors":[5,30,30,30,30,37,37,37,37,48],"current_hp_per_floor":[59,59,61,61,61,63,63,43,43,8,8,10,10,12,12,34,58,60,59,41,43,43,44,44,44,44,43,42,43,43,39,58,43,70,72,72,72,74,74,48,50,47,47,47,49,48,46,46,46,0],"gold":28,"neow_bonus":"THREE_ENEMY_KILL","is_prod":false,"is_daily":false,"chose_seed":false,"campfire_upgraded":5,"win_rate":0,"timestamp":1557044703,"path_taken":["M","?","?","?","$","E","R","E","T","E","?","?","R","M","R","BOSS","M","M","M","M","?","E","?","R","T","M","M","M","$","E","R","BOSS","M","?","$","?","?","E","M","M","T","R","M","E","M","$","R","BOSS"],"build_version":"2019-01-23","purchased_purges":0,"victory":false,"max_hp_per_floor":[66,66,66,66,66,66,66,66,66,66,66,66,66,66,66,66,66,66,66,66,66,66,66,66,66,66,66,66,66,66,66,66,66,76,76,76,76,76,76,76,76,76,76,76,76,76,76,76,76,76],"card_choices":[{"not_picked":["Backflip","Concentrate"],"picked":"Flying Knee","floor":1.0},{"not_picked":["Outmaneuver","Flying Knee"],"picked":"Dodge and Roll","floor":3.0},{"not_picked":["Blade Dance","Finisher"],"picked":"Skewer","floor":6.0},{"not_picked":["Acrobatics","Tactician","Reflex"],"picked":"SKIP","floor":8.0},{"not_picked":["A Thousand Cuts","Crippling Poison"],"picked":"Endless Agony","floor":10.0},{"not_picked":["Endless Agony+1","Prepared"],"picked":"Backstab+1","floor":12.0},{"not_picked":["Sucker Punch+1","Outmaneuver"],"picked":"Well Laid Plans","floor":14.0},{"not_picked":["Grand Finale+1","After Image"],"picked":"Wraith Form v2","floor":16.0},{"not_picked":["Dagger Throw+1","Finisher+1","Blade Dance"],"picked":"SKIP","floor":18.0},{"not_picked":["Bane+1","Flying Knee+1"],"picked":"Riddle With Holes+1","floor":19.0},{"not_picked":["Flying Knee+1","Bane+1","Prepared"],"picked":"SKIP","floor":20.0},{"not_picked":["Acrobatics","Dagger Throw+1"],"picked":"Cloak And Dagger","floor":21.0},{"not_picked":["Bouncing Flask","Infinite Blades"],"picked":"Glass Knife+1","floor":23.0},{"not_picked":["Deadly Poison","Prepared+1"],"picked":"Dagger Spray+1","floor":27.0},{"not_picked":["Accuracy","Slice+1"],"picked":"Dash+1","floor":28.0},{"not_picked":["Quick Slash+1","Distraction","Underhanded Strike+1"],"picked":"SKIP","floor":29.0},{"not_picked":["Sucker Punch+1","Slice+1"],"picked":"Distraction+1","floor":31.0},{"not_picked":["Unload+1","Bullet Time"],"picked":"Corpse Explosion","floor":33},{"not_picked":["Heel Hook+1","Prepared"],"picked":"PiercingWail","floor":35},{"not_picked":["Infinite Blades","Cloak And Dagger"],"picked":"After Image","floor":38},{"not_picked":["Tactician","Outmaneuver"],"picked":"Riddle With Holes+1","floor":40},{"not_picked":["Slice+1","Bane+1"],"picked":"Outmaneuver+1","floor":41},{"not_picked":["Quick Slash+1","Outmaneuver"],"picked":"Acrobatics+1","floor":42},{"not_picked":["Accuracy+1","Acrobatics","Deadly Poison"],"picked":"SKIP","floor":45},{"not_picked":["Dagger Throw+1","Slice+1"],"picked":"Riddle With Holes+1","floor":46},{"not_picked":["Dagger Throw+1","Poisoned Stab+1"],"picked":"Cloak And Dagger","floor":47}],"player_experience":2026969,"relics_obtained":[{"floor":6.0,"key":"Du-Vu Doll"},{"floor":8.0,"key":"Pantograph"},{"floor":9.0,"key":"Potion Belt"},{"floor":10.0,"key":"Molten Egg 2"},{"floor":23.0,"key":"Gremlin Horn"},{"floor":26.0,"key":"Bottled Flame"},{"floor":31.0,"key":"Mercury Hourglass"},{"floor":34,"key":"Happy Flower"},{"floor":34,"key":"Pear"},{"floor":34,"key":"Old Coin"},{"floor":40,"key":"Bag of Preparation"},{"floor":46,"key":"War Paint"}],"event_choices":[{"damage_healed":0.0,"max_hp_gain":0.0,"max_hp_loss":0.0,"gold_gain":0.0,"event_name":"WeMeetAgain","player_choice":"Paid Gold","floor":2.0,"gold_loss":73.0,"damage_taken":0.0,"relics_obtained":["Blood Vial"]},{"cards_removed":["Strike_G"],"damage_healed":0.0,"max_hp_gain":0.0,"max_hp_loss":0.0,"gold_gain":0.0,"event_name":"Purifier","player_choice":"Purged","floor":11.0,"gold_loss":0.0,"damage_taken":0.0},{"damage_healed":0.0,"max_hp_gain":0.0,"max_hp_loss":0.0,"gold_gain":0.0,"event_name":"Drug Dealer","player_choice":"Inject Mutagens","floor":22.0,"gold_loss":0.0,"damage_taken":0.0,"relics_obtained":["MutagenicStrength"]},{"damage_healed":0.0,"max_hp_gain":0.0,"max_hp_loss":0.0,"gold_gain":0.0,"event_name":"Ghosts","player_choice":"Ignored","floor":24.0,"gold_loss":0.0,"damage_taken":0.0},{"cards_removed":["Pain"],"damage_healed":0,"gold_gain":0,"player_choice":"Offered Curse","damage_taken":0,"relics_obtained":["Spirit Poop"],"max_hp_gain":0,"max_hp_loss":0,"event_name":"Bonfire Elementals","floor":36,"gold_loss":0},{"cards_removed":["Flying Knee"],"damage_healed":0,"gold_gain":0,"player_choice":"Removed Attack","damage_taken":0,"max_hp_gain":0,"max_hp_loss":0,"event_name":"Falling","floor":39,"gold_loss":0}],"is_beta":false,"boss_relics":[{"not_picked":["Sozu","Astrolabe"],"picked":"Cursed Key"},{"not_picked":["Velvet Choker","Pandora\u0027s Box"],"picked":"Calling Bell"}],"items_purged_floors":[],"is_endless":false,"potions_floor_spawned":[3,6,10,12,18,19,21,28,31,35,38,40],"killed_by":"Awakened One","ascension_level":20}