{"gold_per_floor":[114,114,139,154,169,169,184,184,239,239,83,98,98,113,113,213,213,228,53,53,53,68,68,83,83,83,98,113,128,143,158,158,258,258,273,273,288,303,1302,1302,1302,1302,1302,1302,1352,752,752,767,767,767],"floor_reached":51,"playtime":1873,"items_purged":["Strike_R","Strike_R+1"],"score":866,"play_id":"76785530-a55f-430d-846b-ca0f3edd66a1","local_time":"20190325211059","daily_mods":["Cursed Run","Diverse","Night Terrors"],"is_ascension_mode":false,"campfire_choices":[{"data":"Rampage","floor":6,"key":"SMITH"},{"data":"Bash","floor":10,"key":"SMITH"},{"floor":13,"key":"REST"},{"data":"Corpse Explosion","floor":15,"key":"SMITH"},{"data":"A Thousand Cuts","floor":23,"key":"SMITH"},{"floor":32,"key":"REST"},{"floor":40,"key":"REST"},{"data":"Echo Form","floor":42,"key":"SMITH"},{"data":"Noxious Fumes","floor":44,"key":"SMITH"},{"data":"Backstab","floor":47,"key":"SMITH"},{"data":"Carnage","floor":49,"key":"SMITH"}],"neow_cost":"","seed_source_timestamp":0,"circlet_count":0,"master_deck":["Strike_R+1","Defend_R+1","Defend_R+1","Defend_R+1","Defend_R+1","Bash+1","Rampage+1","Clumsy","Anger","Dagger Spray","Hologram+1","Regret","Corpse Explosion+1","Rampage","Anger","Writhe","A Thousand Cuts+1","Blur+1","Ball Lightning","PiercingWail","Carnage+1","Noxious Fumes+1","Writhe","Clumsy","Endless Agony+1","Headbutt+1","Glacier+1","Distraction+1","Conserve Battery","Parasite","Echo Form+1","Bash","Anger","Backstab+1","Normality","Normality","Backstab+1","Decay","Decay","Injury"],"special_seed":17981,"relics":["Cursed Key","Darkstone Periapt","Du-Vu Doll","Oddly Smooth Stone","Tiny Chest","Empty Cage","PreservedInsect","Bottled Tornado","Dream Catcher","Runic Cube","Bag of Preparation","Lantern","Strange Spoon","Boot"],"potions_floor_usage":[4,7,18,22,28,30,33,35,38,48,50,50],"damage_taken":[{"damage":0,"enemies":"2 Louse","floor":1,"turns":2},{"damage":0,"enemies":"Jaw Worm","floor":4,"turns":2},{"damage":0,"enemies":"Cultist","floor":5,"turns":2},{"damage":0,"enemies":"Large Slime","floor":7,"turns":2},{"damage":14,"enemies":"2 Fungi Beasts","floor":12,"turns":3},{"damage":14,"enemies":"Blue Slaver","floor":14,"turns":3},{"damage":51,"enemies":"Hexaghost","floor":16,"turns":6},{"damage":13,"enemies":"Shell Parasite","floor":18,"turns":5},{"damage":6,"enemies":"Spheric Guardian","floor":22,"turns":4},{"damage":9,"enemies":"Snecko","floor":24,"turns":3},{"damage":12,"enemies":"Cultist and Chosen","floor":27,"turns":5},{"damage":26,"enemies":"Sentry and Sphere","floor":28,"turns":4},{"damage":24,"enemies":"Snake Plant","floor":29,"turns":3},{"damage":5,"enemies":"3 Cultists","floor":30,"turns":4},{"damage":4,"enemies":"Cultist and Chosen","floor":31,"turns":4},{"damage":93,"enemies":"Champ","floor":33,"turns":11},{"damage":12,"enemies":"3 Shapes","floor":35,"turns":2},{"damage":44,"enemies":"3 Darklings","floor":37,"turns":4},{"damage":38,"enemies":"4 Shapes","floor":38,"turns":3},{"damage":0,"enemies":"Jaw Worm Horde","floor":48,"turns":2},{"damage":81,"enemies":"Donu and Deca","floor":50,"turns":6}],"seed_played":"-7145575593227264435","potions_obtained":[{"floor":1,"key":"SkillPotion"},{"floor":5,"key":"Fire Potion"},{"floor":7,"key":"Dexterity Potion"},{"floor":16,"key":"EssenceOfSteel"},{"floor":27,"key":"Fire Potion"},{"floor":29,"key":"FearPotion"},{"floor":31,"key":"Explosive Potion"},{"floor":33,"key":"Fire Potion"},{"floor":37,"key":"Strength Potion"},{"floor":48,"key":"SteroidPotion"}],"is_trial":false,"path_per_floor":["M","?","T","M","M","R","M","?","T","R","$","M","R","M","R","B",null,"M","$","?","?","M","R","M","T","T","M","M","M","M","M","R","B",null,"M","?","M","M","?","R","?","R","T","R","T","$","R","M","R","B",null],"character_chosen":"IRONCLAD","items_purchased":["Corpse Explosion","Ball Lightning","PiercingWail","Strange Spoon","AttackPotion","Poison Potion","FearPotion","Boot"],"campfire_rested":3,"item_purchase_floors":[11,19,19,46,46,46,46,46],"current_hp_per_floor":[80,64,70,70,70,70,70,70,76,76,76,62,87,73,73,28,93,80,80,80,80,74,74,65,71,77,65,39,15,10,6,100,13,106,94,94,50,12,24,113,113,113,119,119,125,125,125,125,125,50],"gold":767,"neow_bonus":"","is_prod":false,"is_daily":true,"chose_seed":false,"campfire_upgraded":8,"win_rate":0,"timestamp":1553573459,"path_taken":["M","?","?","M","?","R","M","?","T","R","$","M","R","M","R","BOSS","M","?","?","?","M","R","M","?","T","M","M","M","M","M","R","BOSS","M","?","?","M","?","R","?","R","T","R","?","$","R","M","R","BOSS"],"build_version":"2019-01-23","purchased_purges":2,"victory":true,"max_hp_per_floor":[80,80,86,86,86,86,86,86,92,92,92,92,87,87,87,93,93,93,93,93,93,93,93,93,99,105,105,105,105,105,105,100,106,106,106,106,106,106,118,113,113,113,119,119,125,125,125,125,125,131],"card_choices":[{"not_picked":["Recycle","Compile Driver"],"picked":"Rampage","floor":1},{"not_picked":["Pommel Strike","Tempest"],"picked":"Anger","floor":4},{"not_picked":["Storm","Quick Slash"],"picked":"Dagger Spray","floor":5},{"not_picked":["Sentinel","Wild Strike"],"picked":"Hologram","floor":7},{"not_picked":["Havoc","Reckless Charge"],"picked":"Rampage","floor":12},{"not_picked":["Hologram","Limit Break"],"picked":"Anger","floor":14},{"not_picked":["Reaper","Amplify"],"picked":"A Thousand Cuts","floor":16},{"not_picked":["Evolve","Shrug It Off+1"],"picked":"Blur+1","floor":18},{"not_picked":["Hologram+1","Stack"],"picked":"Carnage","floor":22},{"not_picked":["Pommel Strike","Dodge and Roll"],"picked":"Noxious Fumes","floor":24},{"not_picked":["Coolheaded","Cloak And Dagger+1"],"picked":"Endless Agony+1","floor":27},{"not_picked":["Underhanded Strike+1","Skim"],"picked":"Headbutt+1","floor":28},{"not_picked":["Flex","Conserve Battery+1"],"picked":"Glacier+1","floor":29},{"not_picked":["Burning Pact","Redo+1"],"picked":"Distraction+1","floor":30},{"not_picked":["Sunder","Venomology"],"picked":"Conserve Battery","floor":31},{"not_picked":["Impervious","Reaper"],"picked":"Echo Form","floor":33},{"not_picked":["Force Field+1","Iron Wave+1","Outmaneuver+1"],"picked":"SKIP","floor":35},{"not_picked":["Flying Knee+1","Bane+1"],"picked":"Anger","floor":37},{"not_picked":["Heel Hook+1","Dagger Spray"],"picked":"Backstab","floor":38},{"not_picked":["Battle Trance+1","Evolve"],"picked":"Backstab+1","floor":40},{"not_picked":["Shrug It Off","Setup","Sword Boomerang+1"],"picked":"SKIP","floor":48}],"player_experience":370948,"relics_obtained":[{"floor":3,"key":"Oddly Smooth Stone"},{"floor":9,"key":"Tiny Chest"},{"floor":25,"key":"Bottled Tornado"},{"floor":26,"key":"Dream Catcher"},{"floor":43,"key":"Bag of Preparation"},{"floor":45,"key":"Lantern"}],"event_choices":[{"damage_healed":0,"gold_gain":0,"player_choice":"Entered Light","damage_taken":16,"max_hp_gain":0,"max_hp_loss":0,"event_name":"Shining Light","floor":2,"gold_loss":0,"cards_upgraded":["Defend_R","Strike_R"]},{"damage_healed":0,"gold_gain":0,"player_choice":"Upgraded","damage_taken":0,"max_hp_gain":0,"max_hp_loss":0,"event_name":"Upgrade Shrine","floor":8,"gold_loss":0,"cards_upgraded":["Hologram"]},{"damage_healed":0,"gold_gain":0,"player_choice":"Opened","damage_taken":0,"relics_obtained":["PreservedInsect"],"max_hp_gain":0,"max_hp_loss":0,"event_name":"The Mausoleum","floor":20,"gold_loss":0},{"damage_healed":0,"gold_gain":0,"player_choice":"Simplicity","damage_taken":0,"max_hp_gain":0,"max_hp_loss":0,"event_name":"Back to Basics","floor":21,"gold_loss":0,"cards_upgraded":["Strike_R","Defend_R","Defend_R","Defend_R"]},{"damage_healed":0,"gold_gain":0,"player_choice":"1 cards matched","damage_taken":0,"max_hp_gain":0,"max_hp_loss":0,"event_name":"Match and Keep!","floor":36,"gold_loss":0,"cards_obtained":["Bash"]},{"damage_healed":0,"gold_gain":999,"player_choice":"Gold","damage_taken":0,"max_hp_gain":0,"max_hp_loss":0,"event_name":"MindBloom","floor":39,"gold_loss":0,"cards_obtained":["Normality","Normality"]},{"damage_healed":0,"gold_gain":0,"player_choice":"Memory 1","damage_taken":0,"max_hp_gain":0,"max_hp_loss":0,"event_name":"SensoryStone","floor":41,"gold_loss":0}],"is_beta":false,"boss_relics":[{"not_picked":["Tiny House","Eternal Feather"],"picked":"Empty Cage"},{"not_picked":["Black Star","White Beast Statue"],"picked":"Runic Cube"}],"items_purged_floors":[19,46],"is_endless":false,"potions_floor_spawned":[1,5,7,16,27,29,31,33,37,48],"ascension_level":0}