{"gold_per_floor":[115,115,125,136,146,146,146,180,180,197,197,209,209,235,235,354,354,369,252,275,275,294,294,294,318,348,10,23,23,23],"floor_reached":30,"playtime":1868,"items_purged":[],"score":232,"play_id":"8ec2fa68-76fb-47ac-afb6-6c9b5fdbbbc1","local_time":"20181215142018","is_ascension_mode":false,"campfire_choices":[{"floor":6,"key":"RECALL"},{"floor":11,"key":"REST"},{"floor":15,"key":"REST"},{"data":"Iron Wave","floor":24,"key":"SMITH"},{"floor":29,"key":"REST"}],"neow_cost":"NONE","seed_source_timestamp":68072163329302,"circlet_count":0,"master_deck":["Strike_R","Strike_R","Strike_R","Defend_R","Defend_R","Defend_R","Defend_R","Bash","Demon Form","Anger","Twin Strike","Metallicize+1","Rampage","Limit Break","Perfected Strike","Uppercut","Injury","Heavy Blade+1","Pummel+1","Sentinel+1","Flex","Armaments+1","Iron Wave+1","Flame Barrier+1","Fire Breathing","Metallicize"],"relics":["Burning Blood","Blue Candle","Golden Idol","Ancient Tea Set","Astrolabe","Mercury Hourglass","Tiny Chest","Regal Pillow","Vajra"],"potions_floor_usage":[16,16,20,30],"damage_taken":[{"damage":13,"enemies":"Cultist","floor":1,"turns":5},{"damage":6,"enemies":"Small Slimes","floor":3,"turns":4},{"damage":6,"enemies":"Jaw Worm","floor":4,"turns":2},{"damage":17,"enemies":"Blue Slaver","floor":5,"turns":5},{"damage":19,"enemies":"Gremlin Nob","floor":8,"turns":4},{"damage":8,"enemies":"Gremlin Gang","floor":10,"turns":6},{"damage":18,"enemies":"Large Slime","floor":12,"turns":5},{"damage":25,"enemies":"Hexaghost","floor":16,"turns":9},{"damage":16,"enemies":"Chosen","floor":18,"turns":5},{"damage":8,"enemies":"Shell Parasite","floor":20,"turns":6},{"damage":59,"enemies":"3 Cultists","floor":22,"turns":7},{"damage":29,"enemies":"Shelled Parasite and Fungi","floor":25,"turns":5},{"damage":10,"enemies":"Snecko","floor":28,"turns":5},{"damage":83,"enemies":"Slavers","floor":30,"turns":4}],"seed_played":"-9000040726009551800","potions_obtained":[{"floor":8,"key":"GamblersBrew"},{"floor":12,"key":"Weak Potion"},{"floor":16,"key":"Block Potion"},{"floor":20,"key":"Poison Potion"},{"floor":22,"key":"EntropicBrew"},{"floor":28,"key":"SpeedPotion"}],"is_trial":false,"path_per_floor":["M","?","M","M","M","R","?","E","T","M","R","M","?","T","R","B",null,"M","?","M","?","M","?","R","M","T","$","M","R","E"],"character_chosen":"IRONCLAD","items_purchased":["Regal Pillow","Vajra","Fire Breathing"],"campfire_rested":3,"item_purchase_floors":[27,27,27],"current_hp_per_floor":[73,73,73,73,62,62,62,49,49,47,71,59,59,59,80,61,80,70,70,68,68,15,80,80,57,57,57,53,80,0],"gold":23,"neow_bonus":"ONE_RANDOM_RARE_CARD","is_prod":false,"is_daily":false,"chose_seed":false,"campfire_upgraded":1,"win_rate":0,"timestamp":1544912418,"path_taken":["M","?","?","M","M","R","?","E","T","M","R","?","?","?","R","BOSS","M","?","?","?","M","?","R","?","T","$","M","R","E"],"build_version":"2018-12-13","purchased_purges":0,"victory":false,"max_hp_per_floor":[80,80,80,80,80,80,80,80,80,80,80,80,80,80,80,80,80,80,80,80,80,80,80,80,80,80,80,80,80,80],"card_choices":[{"not_picked":["Pommel Strike","Searing Blow"],"picked":"Anger","floor":1},{"not_picked":["Second Wind","Dual Wield"],"picked":"Twin Strike","floor":3},{"not_picked":["Iron Wave","Clash"],"picked":"Metallicize","floor":4},{"not_picked":["Spot Weakness","Warcry"],"picked":"Rampage","floor":5},{"not_picked":["Clash","Armaments"],"picked":"Limit Break","floor":8},{"not_picked":["Bloodletting","Twin Strike"],"picked":"Perfected Strike","floor":10},{"not_picked":["Sword Boomerang","Sever Soul"],"picked":"Uppercut","floor":12},{"not_picked":["Exhume","Fiend Fire"],"picked":"Immolate","floor":16},{"not_picked":["Ghostly Armor+1","Havoc"],"picked":"Flex","floor":18},{"not_picked":["Rupture","Anger"],"picked":"Armaments+1","floor":20},{"not_picked":["Spot Weakness+1","Headbutt"],"picked":"Iron Wave","floor":22},{"not_picked":["Shrug It Off","Havoc"],"picked":"Flame Barrier+1","floor":25},{"not_picked":["Anger","Body Slam"],"picked":"Metallicize","floor":28}],"player_experience":269377,"relics_obtained":[{"floor":8,"key":"Blue Candle"},{"floor":14,"key":"Ancient Tea Set"},{"floor":26,"key":"Tiny Chest"}],"event_choices":[{"cards_removed":["Strike_R"],"damage_healed":0,"gold_gain":0,"player_choice":"Took Card","damage_taken":0,"max_hp_gain":0,"max_hp_loss":0,"event_name":"NoteForYourself","floor":2,"gold_loss":0,"cards_obtained":["Defend_G"]},{"damage_healed":0,"gold_gain":0,"player_choice":"Upgraded","damage_taken":0,"max_hp_gain":0,"max_hp_loss":0,"event_name":"Upgrade Shrine","floor":7,"gold_loss":0,"cards_upgraded":["Metallicize"]},{"damage_healed":0,"gold_gain":0,"player_choice":"Take Wound","damage_taken":0,"relics_obtained":["Golden Idol"],"max_hp_gain":0,"max_hp_loss":0,"event_name":"Golden Idol","floor":13,"gold_loss":0,"cards_obtained":["Injury"]},{"damage_healed":0,"gold_gain":0,"player_choice":"Paid Gold","damage_taken":0,"relics_obtained":["Mercury Hourglass"],"max_hp_gain":0,"max_hp_loss":0,"event_name":"WeMeetAgain","floor":19,"gold_loss":117},{"damage_healed":0,"gold_gain":0,"player_choice":"Ignored","damage_taken":0,"max_hp_gain":0,"max_hp_loss":0,"event_name":"Ghosts","floor":21,"gold_loss":0},{"damage_healed":65,"gold_gain":0,"player_choice":"Full Heal","damage_taken":0,"max_hp_gain":0,"max_hp_loss":0,"event_name":"Wheel of Change","floor":23,"gold_loss":0}],"is_beta":false,"boss_relics":[{"not_picked":["Mark of Pain","Orrery"],"picked":"Astrolabe"}],"items_purged_floors":[],"is_endless":false,"potions_floor_spawned":[8,12,16,20,22,28],"killed_by":"Slavers","ascension_level":0}