{"gold_per_floor":[111,16,28,28,28,28,38,38,38,53,53,65,82,101,101,200,200,200,200,16,16,16,16,16,33,33,45,57,57,70,86,86,86],"floor_reached":33,"playtime":1262,"items_purged":[],"score":291,"play_id":"53252030-14da-4d6b-ad53-c21e0a1e1b0f","local_time":"20180820233301","is_ascension_mode":false,"campfire_choices":[{"data":"Uppercut","floor":6,"key":"SMITH"},{"floor":11,"key":"REST"},{"floor":15,"key":"REST"},{"floor":24,"key":"REST"},{"data":"Rampage","floor":29,"key":"SMITH"},{"data":"Bludgeon","floor":32,"key":"SMITH"}],"neow_cost":"NONE","seed_source_timestamp":558148738032531,"circlet_count":0,"master_deck":["Defend_R","Defend_R","Defend_R","Bash","Uppercut+1","Cleave","Rampage+1","Shrug It Off","Rampage","Warcry","Corruption","Limit Break","Bludgeon+1","Ghostly","Ghostly","Ghostly","Ghostly","Ghostly","Apotheosis","Necronomicurse","Bite","Bite","Bite","Bite","Bite","Heavy Blade","Twin Strike+1","Pommel Strike+1","Thunderclap"],"relics":["Burning Blood","Pen Nib","Letter Opener","Potion Belt","Snecko Eye","Necronomicon","Gremlin Horn"],"potions_floor_usage":[10,31,31,31,31,31],"damage_taken":[{"damage":10,"enemies":"Small Slimes","floor":1,"turns":5},{"damage":6,"enemies":"Cultist","floor":3,"turns":3},{"damage":12,"enemies":"2 Louse","floor":7,"turns":3},{"damage":9,"enemies":"2 Fungi Beasts","floor":10,"turns":2},{"damage":16,"enemies":"Lots of Slimes","floor":12,"turns":4},{"damage":0,"enemies":"Looter","floor":13,"turns":3},{"damage":17,"enemies":"Exordium Wildlife","floor":14,"turns":4},{"damage":57,"enemies":"Slime Boss","floor":16,"turns":11},{"damage":7,"enemies":"3 Byrds","floor":18,"turns":4},{"damage":0,"enemies":"Spheric Guardian","floor":25,"turns":3},{"damage":0,"enemies":"Centurion and Healer","floor":27,"turns":2},{"damage":0,"enemies":"3 Cultists","floor":28,"turns":4},{"damage":2,"enemies":"Shelled Parasite and Fungi","floor":30,"turns":3},{"damage":1,"enemies":"Chosen and Byrds","floor":31,"turns":3},{"damage":39,"enemies":"Automaton","floor":33,"turns":5}],"seed_played":"-4771617960685224001","potions_obtained":[{"floor":1,"key":"AttackPotion"},{"floor":13,"key":"LiquidBronze"},{"floor":14,"key":"AttackPotion"},{"floor":23,"key":"SkillPotion"},{"floor":23,"key":"Weak Potion"},{"floor":23,"key":"Swift Potion"},{"floor":31,"key":"FearPotion"}],"is_trial":false,"path_per_floor":["M","?","M","$","?","R","M","?","T","M","R","M","M","M","R","B",null,"M","?","$","?","?","?","R","M","T","M","M","R","M","M","R"],"character_chosen":"IRONCLAD","items_purchased":["Apotheosis"],"campfire_rested":3,"item_purchase_floors":[20],"current_hp_per_floor":[76,76,76,76,76,76,70,70,70,67,80,70,76,65,80,29,80,79,40,40,24,24,24,28,28,28,28,28,28,28,28,28,0],"gold":86,"neow_bonus":"RANDOM_COMMON_RELIC","is_prod":false,"is_daily":false,"chose_seed":false,"campfire_upgraded":3,"win_rate":0,"timestamp":1534833181,"path_taken":["M","?","M","$","?","R","M","?","T","M","R","?","M","M","R","BOSS","M","?","$","?","?","?","R","?","T","M","M","R","M","M","R","BOSS"],"build_version":"2018-08-16","purchased_purges":0,"victory":false,"max_hp_per_floor":[80,80,80,80,80,80,80,80,80,80,80,80,80,80,80,80,80,80,40,40,40,28,28,28,28,28,28,28,28,28,28,28,28],"card_choices":[{"not_picked":["Wild Strike","Sword Boomerang"],"picked":"Uppercut","floor":1},{"not_picked":["Body Slam","Perfected Strike"],"picked":"Cleave","floor":3},{"not_picked":["Cleave","Armaments"],"picked":"Shrug It Off","floor":7},{"not_picked":["Evolve","Anger"],"picked":"Rampage","floor":10},{"not_picked":["Shrug It Off","Searing Blow"],"picked":"Warcry","floor":12},{"not_picked":["Rage","Iron Wave"],"picked":"Corruption","floor":13},{"not_picked":["Perfected Strike","Armaments"],"picked":"Limit Break","floor":14},{"not_picked":["Juggernaut","Demon Form"],"picked":"Bludgeon","floor":16},{"not_picked":["Twin Strike","Warcry","Clothesline+1"],"picked":"SKIP","floor":18},{"not_picked":["Clothesline+1","Perfected Strike"],"picked":"Heavy Blade","floor":25},{"not_picked":["Iron Wave","Sentinel","Wild Strike"],"picked":"SKIP","floor":27},{"not_picked":["Fire Breathing","Armaments"],"picked":"Twin Strike+1","floor":28},{"not_picked":["Twin Strike+1","Thunderclap"],"picked":"Pommel Strike+1","floor":30},{"not_picked":["Flame Barrier","Clothesline"],"picked":"Thunderclap","floor":31}],"player_experience":33084,"relics_obtained":[{"floor":9,"key":"Potion Belt"},{"floor":21,"key":"Necronomicon"},{"floor":26,"key":"Gremlin Horn"}],"event_choices":[{"event_name":"WeMeetAgain","player_choice":"Gold","floor":2,"damage_taken":0},{"event_name":"Living Wall","player_choice":"Change","floor":5,"damage_taken":0},{"event_name":"Bonfire Elementals","player_choice":"BASIC","floor":8,"damage_taken":0},{"event_name":"Ghosts","player_choice":"Became a Ghost","floor":19,"damage_taken":0},{"event_name":"Cursed Tome","player_choice":"Obtained Book","floor":21,"damage_taken":0},{"event_name":"Vampires","player_choice":"Became a vampire","floor":22,"damage_taken":0},{"event_name":"The Lab","player_choice":"Got Potions","floor":23,"damage_taken":0}],"is_beta":false,"boss_relics":[{"not_picked":["Astrolabe","Black Star"],"picked":"Snecko Eye"}],"items_purged_floors":[],"is_endless":false,"potions_floor_spawned":[1,13,14,30,31],"killed_by":"Automaton","ascension_level":0}