{"gold_per_floor":[369,369,382,382,191,217,217,4,4,4,4,33,33,50,50,151,151,168,187,207,218,218,218,218,243,243,259,17,49,49,24,24,24],"floor_reached":33,"playtime":825,"items_purged":[],"score":291,"play_id":"20a8b872-763b-46fc-8620-d6b54884e6e1","local_time":"20190505174955","is_ascension_mode":false,"campfire_choices":[{"data":"Caltrops","floor":7,"key":"SMITH"},{"data":"Caltrops","floor":13,"key":"SMITH"},{"data":"Backstab","floor":15,"key":"SMITH"},{"data":"Venomology","floor":24,"key":"SMITH"},{"data":"Caltrops","floor":30,"key":"SMITH"},{"floor":32,"key":"RECALL"}],"neow_cost":"TEN_PERCENT_HP_LOSS","seed_source_timestamp":4164937862398716,"circlet_count":0,"master_deck":["Defend_G","Defend_G","Defend_G","Defend_G","Defend_G","Strike_G","Strike_G","Strike_G","Strike_G","Strike_G","Survivor","Neutralize+1","Poisoned Stab","Caltrops+1","Caltrops+1","Deadly Poison","Backstab+1","Backstab","Venomology+1","Predator+1","Infinite Blades+1","PiercingWail","PiercingWail","Caltrops+1","Deflect"],"relics":["Ring of the Snake","TwistedFunnel","Pen Nib","Darkstone Periapt","Ancient Tea Set","Coffee Dripper","Pocketwatch","Ice Cream","Shuriken","Regal Pillow"],"potions_floor_usage":[19,20,20,25,27,27,29,33,33,33],"damage_taken":[{"damage":6,"enemies":"Cultist","floor":1,"turns":5},{"damage":0,"enemies":"Jaw Worm","floor":3,"turns":3},{"damage":19,"enemies":"Lagavulin","floor":6,"turns":7},{"damage":15,"enemies":"3 Sentries","floor":12,"turns":7},{"damage":0,"enemies":"Small Slimes","floor":14,"turns":1},{"damage":14,"enemies":"Hexaghost","floor":16,"turns":6},{"damage":5,"enemies":"2 Thieves","floor":18,"turns":3},{"damage":0,"enemies":"Chosen","floor":19,"turns":3},{"damage":0,"enemies":"Centurion and Healer","floor":20,"turns":4},{"damage":20,"enemies":"Shelled Parasite and Fungi","floor":21,"turns":3},{"damage":5,"enemies":"Slavers","floor":25,"turns":5},{"damage":0,"enemies":"Sentry and Sphere","floor":27,"turns":4},{"damage":14,"enemies":"Gremlin Leader","floor":29,"turns":5},{"damage":35,"enemies":"Automaton","floor":33,"turns":6}],"seed_played":"-5078259718242543670","potions_obtained":[{"floor":1,"key":"Poison Potion"},{"floor":14,"key":"Poison Potion"},{"floor":21,"key":"Swift Potion"},{"floor":25,"key":"Strength Potion"},{"floor":27,"key":"PowerPotion"}],"is_trial":false,"path_per_floor":["M","?","M","?","$","E","R","$","T","$","?","E","R","M","R","B",null,"M","M","M","M","?","?","R","E","T","M","$","E","R","$","R","B"],"character_chosen":"THE_SILENT","items_purchased":["TwistedFunnel","Caltrops","Deadly Poison","GhostInAJar","Shuriken","Deflect"],"campfire_rested":0,"item_purchase_floors":[5,8,8,8,28,31],"current_hp_per_floor":[57,57,57,62,62,43,43,43,43,43,68,53,53,53,53,39,68,63,63,63,43,43,43,43,38,38,38,38,24,24,24,24,0],"gold":24,"neow_bonus":"TWO_FIFTY_GOLD","is_prod":false,"is_daily":false,"chose_seed":false,"campfire_upgraded":5,"win_rate":0,"timestamp":1557074995,"path_taken":["M","?","M","?","?","E","R","$","T","$","?","E","R","M","R","BOSS","M","?","M","M","?","?","R","E","T","M","$","E","R","?","R","BOSS"],"build_version":"2019-01-23","purchased_purges":0,"victory":false,"max_hp_per_floor":[63,63,63,68,68,68,68,68,68,68,68,68,68,68,68,68,68,68,68,68,68,68,68,68,68,68,68,68,68,68,68,68,68],"card_choices":[{"not_picked":["Tactician","Slice"],"picked":"Poisoned Stab","floor":1},{"not_picked":["Quick Slash","Underhanded Strike"],"picked":"Backstab","floor":3},{"not_picked":["Acrobatics","Sucker Punch"],"picked":"Caltrops","floor":6},{"not_picked":["Eviscerate","Concentrate"],"picked":"Backstab","floor":12},{"not_picked":["Slice","Eviscerate"],"picked":"Backstab","floor":14},{"not_picked":["Bullet Time","Phantasmal Killer"],"picked":"Venomology","floor":16},{"not_picked":["Quick Slash","Outmaneuver+1"],"picked":"Predator+1","floor":18},{"not_picked":["Eviscerate","Blade Dance","Underhanded Strike+1"],"picked":"SKIP","floor":19},{"not_picked":["Backstab","Dagger Spray"],"picked":"Infinite Blades+1","floor":20},{"not_picked":["Poisoned Stab","Acrobatics"],"picked":"PiercingWail","floor":21},{"not_picked":["Concentrate","Tactician"],"picked":"PiercingWail","floor":25},{"not_picked":["Reflex","Flechettes+1","Flying Knee"],"picked":"SKIP","floor":27},{"not_picked":["Backflip","Phantasmal Killer"],"picked":"Caltrops","floor":29}],"player_experience":818746,"relics_obtained":[{"floor":6,"key":"Pen Nib"},{"floor":9,"key":"Darkstone Periapt"},{"floor":12,"key":"Ancient Tea Set"},{"floor":25,"key":"Pocketwatch"},{"floor":26,"key":"Ice Cream"},{"floor":29,"key":"Regal Pillow"}],"event_choices":[{"damage_healed":0,"gold_gain":0,"player_choice":"Grow","damage_taken":0,"max_hp_gain":0,"max_hp_loss":0,"event_name":"Living Wall","floor":2,"gold_loss":0,"cards_upgraded":["Neutralize"]},{"damage_healed":0,"gold_gain":0,"player_choice":"Donut","damage_taken":0,"max_hp_gain":5,"max_hp_loss":0,"event_name":"Big Fish","floor":4,"gold_loss":0},{"cards_removed":["Backstab"],"damage_healed":25,"gold_gain":0,"player_choice":"Offered Uncommon","damage_taken":0,"max_hp_gain":0,"max_hp_loss":0,"event_name":"Bonfire Elementals","floor":11,"gold_loss":0},{"damage_healed":0,"gold_gain":0,"player_choice":"Ignored","damage_taken":0,"max_hp_gain":0,"max_hp_loss":0,"event_name":"Ghosts","floor":22,"gold_loss":0},{"damage_healed":0,"gold_gain":0,"player_choice":"Ignored","damage_taken":0,"max_hp_gain":0,"max_hp_loss":0,"event_name":"Vampires","floor":23,"gold_loss":0}],"is_beta":false,"boss_relics":[{"not_picked":["Velvet Choker","White Beast Statue"],"picked":"Coffee Dripper"}],"items_purged_floors":[],"is_endless":false,"potions_floor_spawned":[1,14,21,25,27,29],"killed_by":"Automaton","ascension_level":0}