{"gold_per_floor":[114,189,204,204,219,219,234,234,259,289,304,30,45,45],"floor_reached":14,"playtime":547,"items_purged":["Brutality"],"score":92,"play_id":"5a1f163a-6dcc-40df-8177-01e947d5e5ba","local_time":"20180831234330","daily_mods":["Shiny","Cursed Run","Uncertain Future"],"is_ascension_mode":false,"campfire_choices":[{"floor":6,"key":"REST"},{"floor":8,"key":"REST"}],"neow_cost":"","seed_source_timestamp":0,"circlet_count":0,"master_deck":["Double Tap","Demon Form","Bludgeon","Feed","Limit Break","Barricade","Fiend Fire","Dark Embrace","Berserk","Impervious","Juggernaut","Reaper","Exhume","Offering","Immolate","Anger","Uppercut","Seeing Red+1","Warcry+1","Doubt","Pommel Strike","Shockwave+1","Armaments+1","Anger","Havoc+1","Anger"],"special_seed":17775,"relics":["Cursed Key","Darkstone Periapt","Du-Vu Doll","Toxic Egg 2","Oddly Smooth Stone","Ornamental Fan"],"potions_floor_usage":[],"damage_taken":[{"damage":16,"enemies":"Jaw Worm","floor":1,"turns":3},{"damage":10,"enemies":"2 Louse","floor":3,"turns":2},{"damage":0,"enemies":"Cultist","floor":5,"turns":2},{"damage":17,"enemies":"Large Slime","floor":7,"turns":2},{"damage":33,"enemies":"Lagavulin","floor":10,"turns":4},{"damage":39,"enemies":"3 Louse","floor":11,"turns":3},{"damage":0,"enemies":"Looter","floor":13,"turns":1},{"damage":32,"enemies":"Exordium Wildlife","floor":14,"turns":2}],"seed_played":"7006954628493323479","potions_obtained":[{"floor":1,"key":"SkillPotion"},{"floor":11,"key":"SkillPotion"}],"is_trial":false,"path_per_floor":["M","?","M","?","M","R","M","R","T","E","M","$","M"],"character_chosen":"IRONCLAD","items_purchased":["Armaments+1","Anger","SteroidPotion","Havoc+1"],"campfire_rested":2,"item_purchase_floors":[12,12,12,12],"current_hp_per_floor":[64,53,46,43,43,67,50,74,80,52,31,31,31,0],"gold":45,"neow_bonus":"","is_prod":false,"is_daily":true,"chose_seed":false,"campfire_upgraded":0,"win_rate":0,"timestamp":1535784210,"path_taken":["M","?","M","?","?","R","M","R","T","E","M","$","M","M"],"build_version":"2018-08-30","purchased_purges":1,"victory":false,"max_hp_per_floor":[80,80,83,83,83,83,83,83,89,89,89,89,89,89],"card_choices":[{"not_picked":["Havoc","Body Slam"],"picked":"Anger","floor":1},{"not_picked":["Clothesline","Perfected Strike"],"picked":"Uppercut","floor":3},{"not_picked":["Havoc+1","Flex+1"],"picked":"Seeing Red+1","floor":5},{"not_picked":["Perfected Strike","Iron Wave"],"picked":"Warcry+1","floor":7},{"not_picked":["Wild Strike","Reckless Charge"],"picked":"Pommel Strike","floor":10},{"not_picked":["Dark Embrace","Heavy Blade"],"picked":"Shockwave+1","floor":11},{"not_picked":["Havoc+1","Dual Wield+1"],"picked":"Anger","floor":13}],"player_experience":55214,"relics_obtained":[{"floor":9,"key":"Oddly Smooth Stone"},{"floor":10,"key":"Ornamental Fan"}],"event_choices":[{"event_name":"World of Goop","player_choice":"Gather Gold","floor":2,"damage_taken":0},{"event_name":"Scrap Ooze","player_choice":"success","floor":4,"damage_taken":3}],"is_beta":false,"boss_relics":[],"items_purged_floors":[12],"is_endless":false,"potions_floor_spawned":[1,11],"killed_by":"Exordium Wildlife","ascension_level":0}