{"gold_per_floor":[118,193,193,206,131,160,175,192,246,246,259,259,54,73,73,149,149,169,186,186,186,13,13,13],"floor_reached":24,"playtime":1759,"items_purged":["Strike_G","Strike_G"],"score":442,"play_id":"cee97d7d-60df-41fd-a219-37c8bcfd17ce","local_time":"20190504045456","is_ascension_mode":true,"campfire_choices":[{"data":"Neutralize","floor":10.0,"key":"SMITH"},{"data":"Deadly Poison","floor":12.0,"key":"SMITH"},{"floor":15.0,"key":"REST"},{"data":"RitualDagger","floor":23,"key":"SMITH"}],"neow_cost":"NONE","seed_source_timestamp":0,"circlet_count":0,"master_deck":["AscendersBane","Defend_G","Defend_G","Defend_G","Defend_G","Defend_G","Strike_G","Strike_G","Survivor","Neutralize+1","PiercingWail","Quick Slash","Catalyst","Deadly Poison+1","Good Instincts","Blur","A Thousand Cuts","Blade Dance","RitualDagger+1","Ghostly","Ghostly","Ghostly","After Image"],"special_seed":0,"relics":["Ring of the Snake","NeowsBlessing","Matryoshka","Vajra","Blood Vial","Busted Crown"],"potions_floor_usage":[19],"damage_taken":[{"damage":0.0,"enemies":"Cultist","floor":1.0,"turns":1.0},{"damage":0.0,"enemies":"Small Slimes","floor":4.0,"turns":1.0},{"damage":0.0,"enemies":"Lagavulin","floor":6.0,"turns":2.0},{"damage":8.0,"enemies":"Jaw Worm","floor":7.0,"turns":9.0},{"damage":4.0,"enemies":"3 Louse","floor":8.0,"turns":5.0},{"damage":5.0,"enemies":"Large Slime","floor":11.0,"turns":13.0},{"damage":0.0,"enemies":"Looter","floor":14.0,"turns":3.0},{"damage":20.0,"enemies":"The Guardian","floor":16.0,"turns":11.0},{"damage":7.0,"enemies":"3 Byrds","floor":18.0,"turns":6.0},{"damage":39,"enemies":"Spheric Guardian","floor":19,"turns":8},{"damage":27,"enemies":"Slavers","floor":24,"turns":6}],"seed_played":"-1765279674101907930","potions_obtained":[{"floor":1.0,"key":"EssenceOfSteel"},{"floor":7.0,"key":"SkillPotion"},{"floor":8.0,"key":"Strength Potion"},{"floor":14.0,"key":"Regen Potion"}],"is_trial":false,"path_per_floor":["M","?","?","M","$","E","M","M","T","R","M","R","$","M","R","B",null,"M","M","?","?","$","R","E"],"character_chosen":"THE_SILENT","items_purchased":["Good Instincts","After Image"],"campfire_rested":1,"item_purchase_floors":[13,22],"current_hp_per_floor":[59,48,41,41,41,41,33,29,29,29,26,26,26,28,47,29,57,52,30,24,24,24,24,0],"gold":13,"neow_bonus":"THREE_ENEMY_KILL","is_prod":false,"is_daily":false,"chose_seed":false,"campfire_upgraded":3,"win_rate":0,"timestamp":1556938496,"path_taken":["M","?","?","M","$","E","M","M","T","R","M","R","$","M","R","BOSS","M","M","?","?","$","R","E"],"build_version":"2019-01-23","purchased_purges":2,"victory":false,"max_hp_per_floor":[66,66,66,66,66,66,66,66,66,66,66,66,66,66,66,66,66,66,66,66,33,33,33,33],"card_choices":[{"not_picked":["Tactician","Concentrate"],"picked":"PiercingWail","floor":1.0},{"not_picked":["Slice","Blade Dance"],"picked":"Quick Slash","floor":4.0},{"not_picked":["Escape Plan","Grand Finale"],"picked":"Catalyst","floor":6.0},{"not_picked":["Blade Dance","Quick Slash","Endless Agony"],"picked":"SKIP","floor":7.0},{"not_picked":["Accuracy","Dagger Spray","Outmaneuver"],"picked":"SKIP","floor":8.0},{"not_picked":["Dagger Throw","All Out Attack"],"picked":"Deadly Poison","floor":11.0},{"not_picked":["Blade Dance","Prepared"],"picked":"Blur","floor":14.0},{"not_picked":["Burst","Tools of the Trade"],"picked":"A Thousand Cuts","floor":16.0},{"not_picked":["Dagger Throw"],"picked":"SKIP","floor":18.0},{"not_picked":[],"picked":"Blade Dance","floor":19}],"player_experience":1970216,"relics_obtained":[{"floor":6.0,"key":"Matryoshka"},{"floor":9.0,"key":"Vajra"},{"floor":9.0,"key":"Blood Vial"}],"event_choices":[{"damage_healed":0.0,"max_hp_gain":0.0,"max_hp_loss":0.0,"gold_gain":75.0,"event_name":"World of Goop","player_choice":"Gather Gold","floor":2.0,"gold_loss":0.0,"damage_taken":11.0},{"cards_removed":["Strike_G"],"damage_healed":0.0,"max_hp_gain":0.0,"max_hp_loss":0.0,"gold_gain":0.0,"event_name":"Golden Wing","player_choice":"Card Removal","floor":3.0,"gold_loss":0.0,"damage_taken":7.0},{"damage_healed":0,"gold_gain":0,"player_choice":"Joined the Cult","damage_taken":6,"max_hp_gain":0,"max_hp_loss":0,"event_name":"Nest","floor":20,"gold_loss":0,"cards_obtained":["RitualDagger"]},{"damage_healed":0,"gold_gain":0,"player_choice":"Became a Ghost","damage_taken":0,"max_hp_gain":0,"max_hp_loss":33,"event_name":"Ghosts","floor":21,"gold_loss":0,"cards_obtained":["Ghostly","Ghostly","Ghostly"]}],"is_beta":false,"boss_relics":[{"not_picked":["Ring of the Serpent","Snecko Eye"],"picked":"Busted Crown"}],"items_purged_floors":[5,13],"is_endless":false,"potions_floor_spawned":[1,7,8,14],"killed_by":"Slavers","ascension_level":20}