{"gold_per_floor":[209,227,302,302,12,12,42,42,42,42,76,95,95,121,121,195,195,206,178,192,192,208,208,237,237,289,289,324,324],"floor_reached":29,"playtime":2287,"items_purged":[],"score":558,"play_id":"8c69c69a-253f-468f-89aa-9e9c0ded84d3","local_time":"20190426184427","is_ascension_mode":true,"campfire_choices":[{"data":"Neutralize","floor":6,"key":"SMITH"},{"data":"Noxious Fumes","floor":8,"key":"SMITH"},{"floor":10,"key":"REST"},{"floor":15,"key":"REST"},{"data":"Flechettes","floor":23,"key":"SMITH"},{"floor":25,"key":"REST"},{"data":"A Thousand Cuts","floor":27,"key":"SMITH"}],"neow_cost":"NONE","seed_source_timestamp":3118124282144729,"circlet_count":0,"master_deck":["AscendersBane","Survivor","Neutralize+1","Footwork","Flechettes+1","Noxious Fumes+1","PiercingWail+1","Backflip","Terror","Glass Knife","Leg Sweep","Leg Sweep","Quick Slash","Blade Dance","PiercingWail","Acrobatics","Backstab","Wraith Form v2","Quick Slash","Deflect","Dodge and Roll","A Thousand Cuts+1","Deadly Poison+1"],"relics":["Ring of the Snake","Membership Card","Happy Flower","Pear","Pandora\u0027s Box","Nloth\u0027s Gift","Blue Candle","Boot","PreservedInsect"],"potions_floor_usage":[14,14,22,24,24],"damage_taken":[{"damage":0,"enemies":"2 Louse","floor":1,"turns":4},{"damage":0,"enemies":"Jaw Worm","floor":2,"turns":8},{"damage":18,"enemies":"3 Sentries","floor":7,"turns":10},{"damage":9,"enemies":"Lagavulin","floor":11,"turns":8},{"damage":0,"enemies":"Small Slimes","floor":12,"turns":4},{"damage":9,"enemies":"Gremlin Nob","floor":14,"turns":4},{"damage":6,"enemies":"Hexaghost","floor":16,"turns":11},{"damage":9,"enemies":"Chosen","floor":18,"turns":5},{"damage":3,"enemies":"2 Thieves","floor":19,"turns":4},{"damage":6,"enemies":"Centurion and Healer","floor":20,"turns":9},{"damage":5,"enemies":"Snake Plant","floor":22,"turns":6},{"damage":39,"enemies":"Slavers","floor":24,"turns":8},{"damage":24,"enemies":"Book of Stabbing","floor":28,"turns":7},{"damage":16,"enemies":"Shelled Parasite and Fungi","floor":29,"turns":5}],"seed_played":"2992569539803966919","potions_obtained":[{"floor":2,"key":"Strength Potion"},{"floor":7,"key":"Ancient Potion"},{"floor":14,"key":"Weak Potion"},{"floor":16,"key":"EssenceOfSteel"},{"floor":19,"key":"Ancient Potion"},{"floor":22,"key":"Regen Potion"}],"is_trial":false,"path_per_floor":["M","M","?","?","$","R","E","R","T","R","E","M","?","E","R","B",null,"M","M","M","?","M","R","E","R","T","R","E","M"],"character_chosen":"THE_SILENT","items_purchased":["Noxious Fumes","Membership Card"],"campfire_rested":3,"item_purchase_floors":[5,5],"current_hp_per_floor":[59,59,48,41,41,41,23,23,23,42,43,43,20,11,33,27,64,55,52,46,46,41,41,17,39,39,39,15,0],"gold":324,"neow_bonus":"HUNDRED_GOLD","is_prod":false,"is_daily":false,"chose_seed":false,"campfire_upgraded":4,"win_rate":0,"timestamp":1556297067,"path_taken":["M","M","?","?","$","R","E","R","T","R","E","M","?","E","R","BOSS","M","M","M","?","?","R","E","R","T","R","E","M"],"build_version":"2019-01-23","purchased_purges":0,"victory":false,"max_hp_per_floor":[66,66,66,66,66,66,66,66,66,66,76,76,76,76,76,76,76,76,76,76,76,76,76,76,76,76,76,76,76],"card_choices":[{"not_picked":["Backflip","Bane"],"picked":"Footwork","floor":1},{"not_picked":["Backflip","Cloak And Dagger"],"picked":"Flechettes","floor":2},{"not_picked":["Underhanded Strike","Dagger Spray"],"picked":"PiercingWail","floor":7},{"not_picked":["Reflex","Sucker Punch"],"picked":"Backflip","floor":11},{"not_picked":["Prepared","Sucker Punch","Acrobatics"],"picked":"SKIP","floor":12},{"not_picked":["Escape Plan","Burst"],"picked":"Terror","floor":14},{"not_picked":["Night Terror","Adrenaline"],"picked":"Glass Knife","floor":16},{"not_picked":["Outmaneuver","Underhanded Strike","Sucker Punch+1"],"picked":"SKIP","floor":18},{"not_picked":["Underhanded Strike+1","Footwork"],"picked":"Deflect","floor":19},{"not_picked":["Backstab","All Out Attack"],"picked":"Dodge and Roll","floor":20},{"not_picked":["PiercingWail","Bane","Blade Dance"],"picked":"SKIP","floor":22},{"not_picked":["Blade Dance","Burst"],"picked":"A Thousand Cuts","floor":24},{"not_picked":["Predator","PiercingWail"],"picked":"Deadly Poison+1","floor":28}],"player_experience":1784821,"relics_obtained":[{"floor":7,"key":"Happy Flower"},{"floor":11,"key":"Pear"},{"floor":14,"key":"Darkstone Periapt"},{"floor":24,"key":"Blue Candle"},{"floor":26,"key":"Boot"},{"floor":28,"key":"PreservedInsect"}],"event_choices":[{"damage_healed":0,"gold_gain":75,"player_choice":"Gather Gold","damage_taken":11,"max_hp_gain":0,"max_hp_loss":0,"event_name":"World of Goop","floor":3,"gold_loss":0},{"cards_removed":["Strike_G"],"damage_healed":0,"gold_gain":0,"player_choice":"Card Removal","damage_taken":7,"max_hp_gain":0,"max_hp_loss":0,"event_name":"Golden Wing","floor":4,"gold_loss":0},{"damage_healed":0,"gold_gain":0,"player_choice":"Entered Light","damage_taken":23,"max_hp_gain":0,"max_hp_loss":0,"event_name":"Shining Light","floor":13,"gold_loss":0,"cards_upgraded":["PiercingWail","Strike_G"]},{"damage_healed":0,"gold_gain":0,"player_choice":"Traded Relic","damage_taken":0,"relics_obtained":["Nloth\u0027s Gift"],"max_hp_gain":0,"max_hp_loss":0,"event_name":"N\u0027loth","floor":21,"relics_lost":["Darkstone Periapt"],"gold_loss":0}],"is_beta":false,"boss_relics":[{"not_picked":["Eternal Feather","Runic Dome"],"picked":"Pandora\u0027s Box"}],"items_purged_floors":[],"is_endless":false,"potions_floor_spawned":[2,7,14,16,19,20,22],"killed_by":"Shelled Parasite and Fungi","ascension_level":20}