{"gold_per_floor":[114,13,13,13,28,28,43,43,68,83,83,83,83,34,34,134,134,149,149,25,25,25,55,55,55,105,105,105,120,135,95,95,95],"floor_reached":33,"playtime":1027,"items_purged":[],"score":249,"play_id":"91347fe6-cf9b-47a8-8655-48505b9e1998","local_time":"20181101214726","daily_mods":["SealedDeck","Flight","Careless"],"is_ascension_mode":false,"campfire_choices":[{"floor":6,"key":"REST"},{"data":"Bouncing Flask","floor":8,"key":"SMITH"},{"floor":12,"key":"REST"},{"data":"Deflect","floor":13,"key":"SMITH"},{"data":"PiercingWail","floor":15,"key":"SMITH"},{"floor":24,"key":"REST"},{"floor":25,"key":"REST"},{"floor":27,"key":"REST"},{"floor":32,"key":"REST"}],"neow_cost":"","seed_source_timestamp":0,"circlet_count":0,"master_deck":["Poisoned Stab","PiercingWail+1","Blur","Backflip","Deflect+1","Bane","Deadly Poison","Deadly Poison","Poisoned Stab+1","Bouncing Flask+1","Outmaneuver","Dagger Spray+1","Deflect+1","Catalyst","Quick Slash","PiercingWail+1","Backstab"],"special_seed":17837,"relics":["Ring of the Snake","GremlinMask","Potion Belt","Black Star","MutagenicStrength","Singing Bowl","Paper Crane","Snake Skull"],"potions_floor_usage":[16,16,16,23,23,29,33],"damage_taken":[{"damage":10,"enemies":"2 Louse","floor":1,"turns":2},{"damage":2,"enemies":"Jaw Worm","floor":5,"turns":3},{"damage":0,"enemies":"Cultist","floor":7,"turns":2},{"damage":0,"enemies":"Lots of Slimes","floor":10,"turns":3},{"damage":30,"enemies":"Hexaghost","floor":16,"turns":6},{"damage":22,"enemies":"2 Thieves","floor":18,"turns":4},{"damage":31,"enemies":"Gremlin Leader","floor":23,"turns":4},{"damage":10,"enemies":"3 Byrds","floor":29,"turns":4},{"damage":51,"enemies":"Shelled Parasite and Fungi","floor":30,"turns":4},{"damage":40,"enemies":"Champ","floor":33,"turns":7}],"seed_played":"-6540096800640784622","potions_obtained":[{"floor":1,"key":"Explosive Potion"},{"floor":7,"key":"Ancient Potion"},{"floor":23,"key":"FearPotion"},{"floor":30,"key":"SteroidPotion"}],"is_trial":false,"path_per_floor":["M","$","?","?","M","R","M","R","T","M","?","R","R","?","R","B",null,"M","?","$","$","?","E","R","R","T","R","?","M","M","?","R","B"],"character_chosen":"THE_SILENT","items_purchased":["Dagger Spray","SpeedPotion","Poison Potion","Explosive Potion","PiercingWail"],"campfire_rested":6,"item_purchase_floors":[2,2,20,20,20],"current_hp_per_floor":[60,60,60,60,58,70,70,70,70,70,56,70,70,70,70,40,70,48,48,48,48,48,19,40,61,61,72,72,64,13,13,35,0],"gold":95,"neow_bonus":"","is_prod":false,"is_daily":true,"chose_seed":false,"campfire_upgraded":3,"win_rate":0.0,"timestamp":1541134046,"path_taken":["M","$","?","?","?","R","M","R","T","?","?","R","R","?","R","BOSS","M","?","$","$","?","E","R","R","T","R","?","M","?","?","R","BOSS"],"build_version":"2018-11-01","purchased_purges":0,"victory":false,"max_hp_per_floor":[70,70,70,70,70,70,70,70,70,70,70,70,70,70,70,70,70,70,70,70,70,70,72,72,72,72,72,72,74,74,74,74,74],"card_choices":[{"not_picked":["Bouncing Flask","Poisoned Stab"],"picked":"Outmaneuver","floor":1},{"not_picked":["Slice","Deadly Poison"],"picked":"Deflect","floor":5},{"not_picked":["Quick Slash","Reflex"],"picked":"Catalyst","floor":7},{"not_picked":["Dagger Throw","Underhanded Strike"],"picked":"Quick Slash","floor":10},{"not_picked":["A Thousand Cuts","Adrenaline"],"picked":"Doppelganger","floor":16},{"not_picked":["Dagger Spray","Dash","Leg Sweep"],"picked":"SKIP","floor":18},{"not_picked":["Cloak And Dagger+1","Flying Knee+1","Dodge and Roll"],"picked":"Singing Bowl","floor":23},{"not_picked":["Dagger Throw","PiercingWail","Backflip"],"picked":"Singing Bowl","floor":29},{"not_picked":["Bane","Infinite Blades"],"picked":"Backstab","floor":30}],"player_experience":79592,"relics_obtained":[{"floor":9,"key":"Potion Belt"},{"floor":23,"key":"Singing Bowl"},{"floor":23,"key":"Paper Crane"},{"floor":26,"key":"Snake Skull"}],"event_choices":[{"damage_healed":0,"gold_gain":0,"player_choice":"Ignored","damage_taken":0,"max_hp_gain":0,"max_hp_loss":0,"event_name":"Golden Wing","floor":3,"gold_loss":0},{"damage_healed":0,"gold_gain":0,"player_choice":"Trade","damage_taken":0,"relics_obtained":["GremlinMask"],"max_hp_gain":0,"max_hp_loss":0,"event_name":"FaceTrader","floor":4,"gold_loss":0},{"damage_healed":0,"gold_gain":0,"player_choice":"Entered Light","damage_taken":14,"max_hp_gain":0,"max_hp_loss":0,"event_name":"Shining Light","floor":11,"gold_loss":0,"cards_upgraded":["Deflect","Dagger Spray"]},{"damage_healed":0,"gold_gain":0,"player_choice":"Left Gold","damage_taken":0,"max_hp_gain":0,"max_hp_loss":0,"event_name":"World of Goop","floor":14,"gold_loss":49},{"damage_healed":0,"gold_gain":0,"player_choice":"Inject Mutagens","damage_taken":0,"relics_obtained":["MutagenicStrength"],"max_hp_gain":0,"max_hp_loss":0,"event_name":"Drug Dealer","floor":19,"gold_loss":0},{"damage_healed":0,"gold_gain":0,"player_choice":"Ignored","damage_taken":0,"max_hp_gain":0,"max_hp_loss":0,"event_name":"Ghosts","floor":22,"gold_loss":0},{"cards_removed":["Doppelganger"],"damage_healed":0,"gold_gain":0,"player_choice":"Purged","damage_taken":0,"max_hp_gain":0,"max_hp_loss":0,"event_name":"Purifier","floor":28,"gold_loss":0},{"damage_healed":0,"gold_gain":0,"player_choice":"Upgraded Two","damage_taken":0,"max_hp_gain":0,"max_hp_loss":0,"event_name":"Designer","floor":31,"gold_loss":40,"cards_upgraded":["PiercingWail","Poisoned Stab"]}],"is_beta":false,"boss_relics":[{"not_picked":["Runic Dome","Cursed Key"],"picked":"Black Star"}],"items_purged_floors":[],"is_endless":false,"potions_floor_spawned":[1,7,23,30],"killed_by":"Champ","ascension_level":0}