{"gold_per_floor":[113,113,35,53,27,58,58,83,131,141,156,156,156,176,176,248,248,264,21,21,38,38,38,38],"floor_reached":24,"playtime":1330,"items_purged":["Strike_G"],"score":458,"play_id":"23690870-f76c-47f2-9349-c424f5936409","local_time":"20190401133817","is_ascension_mode":true,"campfire_choices":[{"data":"Dagger Spray","floor":7,"key":"SMITH"},{"data":"Neutralize","floor":12,"key":"SMITH"},{"floor":15,"key":"DIG"},{"floor":23,"key":"REST"}],"neow_cost":"NONE","seed_source_timestamp":2019689673219833,"circlet_count":0,"master_deck":["AscendersBane","Defend_G","Defend_G","Defend_G","Defend_G","Defend_G","Survivor","Neutralize+1","Footwork","Noxious Fumes","Dagger Spray+1","Malaise","Cloak And Dagger","PiercingWail","Bouncing Flask","Corpse Explosion","Dash+1","Setup+1","Acrobatics+1","PiercingWail"],"relics":["Ring of the Snake","NeowsBlessing","Pen Nib","Shovel","Ancient Tea Set","PreservedInsect","Astrolabe","Oddly Smooth Stone"],"potions_floor_usage":[16,16,20],"damage_taken":[{"damage":0,"enemies":"Jaw Worm","floor":1,"turns":1},{"damage":0,"enemies":"Cultist","floor":4,"turns":1},{"damage":0,"enemies":"Lagavulin","floor":6,"turns":2},{"damage":20,"enemies":"3 Sentries","floor":8,"turns":6},{"damage":0,"enemies":"Small Slimes","floor":10,"turns":4},{"damage":7,"enemies":"Exordium Thugs","floor":11,"turns":5},{"damage":0,"enemies":"3 Louse","floor":14,"turns":2},{"damage":21,"enemies":"Slime Boss","floor":16,"turns":11},{"damage":25,"enemies":"2 Thieves","floor":18,"turns":3},{"damage":25,"enemies":"Colosseum Slavers","floor":20,"turns":4},{"damage":4,"enemies":"Spheric Guardian","floor":21,"turns":6},{"damage":47,"enemies":"Cultist and Chosen","floor":24,"turns":3}],"seed_played":"5281026089270642335","potions_obtained":[{"floor":6,"key":"GhostInAJar"},{"floor":10,"key":"Dexterity Potion"},{"floor":16,"key":"Fruit Juice"},{"floor":21,"key":"SkillPotion"}],"is_trial":false,"path_per_floor":["M","?","$","M","$","E","R","E","T","M","M","R","?","M","R","B",null,"M","$","?","M","$","R","M"],"character_chosen":"THE_SILENT","items_purchased":["Footwork","Dagger Spray","Oddly Smooth Stone"],"campfire_rested":1,"item_purchase_floors":[3,5,19],"current_hp_per_floor":[59,64,64,64,64,64,64,44,44,44,37,37,37,37,37,21,59,34,34,9,5,5,26,0],"gold":38,"neow_bonus":"THREE_ENEMY_KILL","is_prod":false,"is_daily":false,"chose_seed":false,"campfire_upgraded":2,"win_rate":0,"timestamp":1554122297,"path_taken":["M","?","?","M","$","E","R","E","T","M","?","R","?","M","R","BOSS","M","$","?","M","$","R","M"],"build_version":"2019-01-23","purchased_purges":1,"victory":false,"max_hp_per_floor":[66,66,66,66,66,66,66,66,66,66,66,66,66,66,66,71,71,71,71,71,71,71,71,71],"card_choices":[{"not_picked":["Underhanded Strike","Cloak And Dagger"],"picked":"Poisoned Stab","floor":1},{"not_picked":["Slice","Storm of Steel"],"picked":"Noxious Fumes","floor":4},{"not_picked":["Quick Slash","Acrobatics","Predator"],"picked":"SKIP","floor":6},{"not_picked":["Slice","Backstab"],"picked":"Malaise","floor":8},{"not_picked":["Blade Dance","Dagger Spray"],"picked":"Cloak And Dagger","floor":10},{"not_picked":["Dagger Throw","Poisoned Stab"],"picked":"PiercingWail","floor":11},{"not_picked":["Prepared","Dash"],"picked":"Bouncing Flask","floor":14},{"not_picked":["Bullet Time","Doppelganger"],"picked":"Corpse Explosion","floor":16},{"not_picked":["Prepared","Dagger Throw","Tactician"],"picked":"SKIP","floor":18},{"not_picked":["Prepared","Dagger Spray"],"picked":"PiercingWail","floor":21}],"player_experience":1568867,"relics_obtained":[{"floor":6,"key":"Pen Nib"},{"floor":8,"key":"Shovel"},{"floor":9,"key":"Ancient Tea Set"},{"floor":15,"key":"PreservedInsect"}],"event_choices":[{"cards_removed":["Poisoned Stab"],"damage_healed":5,"gold_gain":0,"player_choice":"Offered Common","damage_taken":0,"max_hp_gain":0,"max_hp_loss":0,"event_name":"Bonfire Elementals","floor":2,"gold_loss":0},{"cards_removed":["Poisoned Stab"],"damage_healed":5,"gold_gain":0,"player_choice":"Offered Special","damage_taken":0,"max_hp_gain":0,"max_hp_loss":0,"event_name":"Bonfire Elementals","floor":2,"gold_loss":0},{"cards_removed":["Strike_G"],"damage_healed":0,"gold_gain":0,"player_choice":"Purged","damage_taken":0,"max_hp_gain":0,"max_hp_loss":0,"event_name":"Purifier","floor":13,"gold_loss":0},{"damage_healed":0,"gold_gain":0,"player_choice":"Fight","damage_taken":0,"max_hp_gain":0,"max_hp_loss":0,"event_name":"Colosseum","floor":20,"gold_loss":0},{"damage_healed":0,"gold_gain":0,"player_choice":"Fled From Nobs","damage_taken":0,"max_hp_gain":0,"max_hp_loss":0,"event_name":"Colosseum","floor":20,"gold_loss":0}],"is_beta":false,"boss_relics":[{"not_picked":["Pandora\u0027s Box","Philosopher\u0027s Stone"],"picked":"Astrolabe"}],"items_purged_floors":[19],"is_endless":false,"potions_floor_spawned":[6,10,16,21],"killed_by":"Cultist and Chosen","ascension_level":20}