{"gold_per_floor":[119,44,54,65,85,85,118,118,118,118,118,133,165,178,178,178],"floor_reached":16,"playtime":834,"items_purged":[],"score":274,"play_id":"c8802f2d-70d6-47f5-9d1f-ea3664585450","local_time":"20190503145304","is_ascension_mode":true,"campfire_choices":[{"data":"Glass Knife","floor":6,"key":"SMITH"},{"data":"Neutralize","floor":8,"key":"SMITH"},{"data":"Cloak And Dagger","floor":10,"key":"SMITH"},{"data":"Strike_G","floor":15,"key":"PURGE"}],"neow_cost":"TEN_PERCENT_HP_LOSS","seed_source_timestamp":177622741394478,"circlet_count":0,"master_deck":["AscendersBane","Defend_G","Defend_G","Defend_G","Defend_G","Defend_G","Strike_G","Strike_G","Strike_G","Survivor","Neutralize+1","Glass Knife+1","Poisoned Stab","Sucker Punch","Cloak And Dagger+1","Grand Finale","Escape Plan","Footwork"],"relics":["Ring of the Snake","Lantern","Kunai","Peace Pipe"],"potions_floor_usage":[13,13,16,16],"damage_taken":[{"damage":4,"enemies":"Cultist","floor":1,"turns":3},{"damage":0,"enemies":"2 Louse","floor":3,"turns":2},{"damage":0,"enemies":"Jaw Worm","floor":4,"turns":5},{"damage":0,"enemies":"2 Fungi Beasts","floor":5,"turns":3},{"damage":15,"enemies":"3 Sentries","floor":7,"turns":3},{"damage":3,"enemies":"Looter","floor":12,"turns":3},{"damage":0,"enemies":"Lagavulin","floor":13,"turns":3},{"damage":0,"enemies":"3 Louse","floor":14,"turns":3},{"damage":49,"enemies":"Slime Boss","floor":16,"turns":8}],"seed_played":"7596555102524041503","potions_obtained":[{"floor":3,"key":"Poison Potion"},{"floor":5,"key":"EssenceOfSteel"},{"floor":13,"key":"LiquidBronze"},{"floor":14,"key":"SkillPotion"}],"is_trial":false,"path_per_floor":["M","?","M","M","M","R","E","R","T","R","?","M","E","M","R","B"],"character_chosen":"THE_SILENT","items_purchased":[],"campfire_rested":0,"item_purchase_floors":[],"current_hp_per_floor":[55,55,55,55,55,55,40,40,40,40,35,32,32,32,32,0],"gold":178,"neow_bonus":"THREE_RARE_CARDS","is_prod":false,"is_daily":false,"chose_seed":false,"campfire_upgraded":3,"win_rate":0,"timestamp":1556887984,"path_taken":["M","?","M","M","M","R","E","R","T","R","?","M","E","M","R","BOSS"],"build_version":"2019-01-23","purchased_purges":0,"victory":false,"max_hp_per_floor":[60,60,60,60,60,60,60,60,60,60,60,60,60,60,60,60],"card_choices":[{"not_picked":["Malaise","Bullet Time"],"picked":"Glass Knife","floor":0},{"not_picked":["Cloak And Dagger","Bane"],"picked":"Poisoned Stab","floor":1},{"not_picked":["Bane","Deadly Poison"],"picked":"Sucker Punch","floor":3},{"not_picked":["Bane","Deadly Poison"],"picked":"Cloak And Dagger","floor":4},{"not_picked":["Flying Knee","Deflect"],"picked":"Grand Finale","floor":5},{"not_picked":["Caltrops","Prepared","Dodge and Roll"],"picked":"SKIP","floor":7},{"not_picked":["Blade Dance","Poisoned Stab"],"picked":"Escape Plan","floor":12},{"not_picked":["Night Terror","Terror"],"picked":"Footwork","floor":13},{"not_picked":["Dagger Throw","Bane","Flying Knee"],"picked":"SKIP","floor":14}],"player_experience":1942859,"relics_obtained":[{"floor":7,"key":"Lantern"},{"floor":9,"key":"Kunai"},{"floor":13,"key":"Peace Pipe"}],"event_choices":[{"cards_removed":["Strike_G"],"damage_healed":0,"gold_gain":0,"player_choice":"Card Removal","damage_taken":0,"max_hp_gain":0,"max_hp_loss":0,"event_name":"The Cleric","floor":2,"gold_loss":75},{"damage_healed":0,"gold_gain":0,"player_choice":"Fled","damage_taken":5,"max_hp_gain":0,"max_hp_loss":0,"event_name":"Scrap Ooze","floor":11,"gold_loss":0}],"is_beta":false,"boss_relics":[],"items_purged_floors":[],"is_endless":false,"potions_floor_spawned":[3,5,13,14],"killed_by":"Slime Boss","ascension_level":20}