{"gold_per_floor":[119,11,37,37,54,54,79,89,114,124,124,76,76,110,110,187,187,204,404,424,424],"floor_reached":21,"playtime":687,"items_purged":[],"score":374,"play_id":"bca9aad6-54f5-4864-862f-f953dbdbe899","local_time":"20190501112738","is_ascension_mode":true,"campfire_choices":[{"data":"Barricade","floor":6,"key":"SMITH"},{"data":"Rage","floor":15,"key":"SMITH"}],"neow_cost":"NONE","seed_source_timestamp":3796525719917198,"circlet_count":0,"master_deck":["AscendersBane","Strike_R","Strike_R","Strike_R","Strike_R","Defend_R","Defend_R","Defend_R","Defend_R","Bash","Barricade+1","Ghostly Armor","Thunderclap","Havoc","Headbutt","Rage+1","Rampage","True Grit","Iron Wave"],"relics":["Burning Blood","PreservedInsect","Dream Catcher","Art of War","Vajra","Velvet Choker"],"potions_floor_usage":[7,18,21,21],"damage_taken":[{"damage":1,"enemies":"Cultist","floor":1,"turns":3},{"damage":2,"enemies":"2 Louse","floor":5,"turns":3},{"damage":32,"enemies":"Lagavulin","floor":7,"turns":9},{"damage":7,"enemies":"Jaw Worm","floor":8,"turns":3},{"damage":18,"enemies":"Red Slaver","floor":10,"turns":6},{"damage":8,"enemies":"Gremlin Nob","floor":14,"turns":3},{"damage":48,"enemies":"The Guardian","floor":16,"turns":11},{"damage":20,"enemies":"2 Thieves","floor":18,"turns":5},{"damage":21,"enemies":"Shell Parasite","floor":20,"turns":6},{"damage":35,"enemies":"Snake Plant","floor":21,"turns":4}],"seed_played":"-1424977363553654730","potions_obtained":[{"floor":5,"key":"AttackPotion"},{"floor":7,"key":"SteroidPotion"},{"floor":14,"key":"SkillPotion"},{"floor":20,"key":"GamblersBrew"}],"is_trial":false,"path_per_floor":["M","$","T","$","M","R","E","M","T","M","?","?","?","E","R","B",null,"M","?","M","M"],"character_chosen":"IRONCLAD","items_purchased":["Thunderclap","Dexterity Potion"],"campfire_rested":0,"item_purchase_floors":[2,2],"current_hp_per_floor":[73,73,73,73,75,75,49,48,48,36,61,61,61,59,59,17,61,47,47,32,0],"gold":424,"neow_bonus":"ONE_RANDOM_RARE_CARD","is_prod":false,"is_daily":false,"chose_seed":false,"campfire_upgraded":2,"win_rate":0,"timestamp":1556706458,"path_taken":["M","$","?","?","?","R","E","M","T","M","?","?","?","E","R","BOSS","M","?","?","M"],"build_version":"2019-01-23","purchased_purges":0,"victory":false,"max_hp_per_floor":[75,75,75,75,75,75,75,75,75,75,75,75,75,75,75,75,75,75,75,75,75],"card_choices":[{"not_picked":["Sword Boomerang","Havoc"],"picked":"Ghostly Armor","floor":1},{"not_picked":["Perfected Strike","Bloodletting"],"picked":"Havoc","floor":5},{"not_picked":["Wild Strike","Clash"],"picked":"Headbutt","floor":7},{"not_picked":["Clothesline","Havoc"],"picked":"Rage","floor":8},{"not_picked":["Juggernaut","Clash"],"picked":"Rampage","floor":10},{"not_picked":["Fire Breathing","Anger","Feed"],"picked":"SKIP","floor":14},{"not_picked":["Pommel Strike","Disarm"],"picked":"True Grit","floor":18},{"not_picked":["Body Slam","Sword Boomerang"],"picked":"Iron Wave","floor":20}],"player_experience":762446,"relics_obtained":[{"floor":3,"key":"PreservedInsect"},{"floor":7,"key":"Dream Catcher"},{"floor":9,"key":"Art of War"},{"floor":14,"key":"Vajra"}],"event_choices":[{"damage_healed":25,"gold_gain":0,"player_choice":"Banana","damage_taken":0,"max_hp_gain":0,"max_hp_loss":0,"event_name":"Big Fish","floor":11,"gold_loss":0},{"damage_healed":0,"gold_gain":0,"player_choice":"Left Gold","damage_taken":0,"max_hp_gain":0,"max_hp_loss":0,"event_name":"World of Goop","floor":12,"gold_loss":48},{"cards_removed":["Strike_R"],"damage_healed":0,"gold_gain":0,"player_choice":"Forget","damage_taken":0,"max_hp_gain":0,"max_hp_loss":0,"event_name":"Living Wall","floor":13,"gold_loss":0},{"damage_healed":0,"gold_gain":200,"player_choice":"Gold","damage_taken":0,"max_hp_gain":0,"max_hp_loss":0,"event_name":"Wheel of Change","floor":19,"gold_loss":0}],"is_beta":false,"boss_relics":[{"not_picked":["Orrery","Astrolabe"],"picked":"Velvet Choker"}],"items_purged_floors":[],"is_endless":false,"potions_floor_spawned":[5,7,14,20],"killed_by":"Snake Plant","ascension_level":20}