{"gold_per_floor":[114,114,22,22,22,22,22,22,22,0,0,15,15,15,15,115,115,130,130,130,12,27,27,27,27,27,42,42,42,42,57,57,157,157,172,172,132,14,29,29,29,29,29,44,44,44,44,44,44,44],"floor_reached":50,"playtime":1628,"items_purged":[],"score":470,"play_id":"d59f1d2d-8fdd-4ea7-9b5d-7b78e73f6f19","local_time":"20190214115603","daily_mods":["Heirloom","Flight","Binary"],"is_ascension_mode":false,"campfire_choices":[{"floor":6,"key":"REST"},{"data":"BootSequence","floor":8,"key":"SMITH"},{"floor":11,"key":"REST"},{"floor":13,"key":"REST"},{"data":"Dark Shackles","floor":15,"key":"SMITH"},{"floor":23,"key":"REST"},{"data":"Aggregate","floor":24,"key":"SMITH"},{"floor":29,"key":"REST"},{"data":"Discovery","floor":30,"key":"SMITH"},{"floor":32,"key":"REST"},{"floor":40,"key":"REST"},{"data":"Rainbow","floor":41,"key":"SMITH"},{"floor":45,"key":"REST"},{"floor":46,"key":"REST"},{"data":"Mind Blast","floor":49,"key":"SMITH"}],"neow_cost":"","seed_source_timestamp":64028608434657,"circlet_count":0,"master_deck":["Strike_B","Strike_B","Strike_B","Strike_B+1","Defend_B","Defend_B+1","Defend_B","Defend_B","Zap+1","Dualcast","BootSequence+1","Dark Shackles+1","Leap","Redo","Reinforced Body","Sweeping Beam","Seek","Doom and Gloom","FTL","Go for the Eyes","Stack","Aggregate+1","Gash+1","Discovery+1","Electrodynamics","Gash","Rainbow+1","Conserve Battery+1","Mind Blast+1","Deep Breath","Impatience","Rebound+1","Compile Driver","Tempest","Storm","Zap"],"special_seed":17941,"relics":["Cracked Core","Dead Branch","The Courier","Potion Belt","Dream Catcher","Nuclear Battery","Happy Flower","Letter Opener","Lizard Tail","Question Card"],"potions_floor_usage":[16,22,27,42,42,42,42,42,42,42,44,50],"damage_taken":[{"damage":0,"enemies":"2 Louse","floor":1,"turns":2},{"damage":0,"enemies":"Jaw Worm","floor":12,"turns":2},{"damage":32,"enemies":"The Guardian","floor":16,"turns":14},{"damage":5,"enemies":"Spheric Guardian","floor":18,"turns":4},{"damage":16,"enemies":"Chosen","floor":22,"turns":5},{"damage":2,"enemies":"3 Cultists","floor":27,"turns":3},{"damage":8,"enemies":"Sentry and Sphere","floor":31,"turns":5},{"damage":47,"enemies":"Collector","floor":33,"turns":9},{"damage":10,"enemies":"3 Shapes","floor":35,"turns":3},{"damage":0,"enemies":"Orb Walker","floor":39,"turns":2},{"damage":32,"enemies":"Spire Growth","floor":42,"turns":3},{"damage":19,"enemies":"4 Shapes","floor":44,"turns":4},{"damage":126,"enemies":"Donu and Deca","floor":50,"turns":8}],"seed_played":"-7343806222778123622","potions_obtained":[{"floor":1,"key":"Swift Potion"},{"floor":18,"key":"LiquidBronze"},{"floor":22,"key":"FearPotion"},{"floor":37,"key":"EntropicBrew"},{"floor":37,"key":"LiquidBronze"},{"floor":37,"key":"Regen Potion"},{"floor":44,"key":"SneckoOil"}],"is_trial":false,"path_per_floor":["M","?","$","?","T","R","$","R","T","?","R","M","R","?","R","B",null,"M","?","T","$","M","R","R","?","T","M","$","R","R","M","R","B",null,"M","?","?","$","M","R","R","M","T","M","R","R","?","?","R","B"],"character_chosen":"DEFECT","items_purchased":["Dark Shackles","Leap","FTL","Go for the Eyes","Stack","Impatience","PowerPotion"],"campfire_rested":9,"item_purchase_floors":[3,3,21,21,21,38,38],"current_hp_per_floor":[75,57,57,42,42,64,64,64,64,64,75,75,75,75,75,43,75,70,56,56,56,40,64,64,48,48,46,46,70,70,62,80,33,80,70,65,65,65,65,80,80,48,48,29,53,77,77,77,77,0],"gold":44,"neow_bonus":"","is_prod":false,"is_daily":true,"chose_seed":false,"campfire_upgraded":6,"win_rate":0,"timestamp":1550174163,"path_taken":["M","?","$","?","?","R","?","R","T","?","R","?","R","?","R","BOSS","M","?","?","$","?","R","R","?","T","?","$","R","R","M","R","BOSS","M","?","?","$","?","R","R","?","T","?","R","R","?","?","R","BOSS"],"build_version":"2019-01-23","purchased_purges":0,"victory":false,"max_hp_per_floor":[75,75,75,75,75,75,75,75,75,75,75,75,75,75,75,75,75,75,80,80,80,80,80,80,80,80,80,80,80,80,80,80,80,80,80,80,80,80,80,80,80,80,80,80,80,80,80,80,80,80],"card_choices":[{"not_picked":["Heatsinks"],"picked":"BootSequence","floor":1},{"not_picked":["Steam"],"picked":"Redo","floor":11},{"not_picked":["Stack"],"picked":"Reinforced Body","floor":12},{"not_picked":["Cold Snap"],"picked":"Sweeping Beam","floor":13},{"not_picked":["All For One"],"picked":"Seek","floor":16},{"not_picked":["Double Energy"],"picked":"Doom and Gloom","floor":18},{"not_picked":["Coolheaded"],"picked":"Aggregate","floor":22},{"not_picked":["Rebound"],"picked":"Gash+1","floor":23},{"not_picked":["Sweeping Beam","Turbo"],"picked":"SKIP","floor":27},{"not_picked":["Undo"],"picked":"Electrodynamics","floor":29},{"not_picked":["Barrage"],"picked":"Gash","floor":31},{"not_picked":["Core Surge"],"picked":"Rainbow","floor":33},{"not_picked":["Rip and Tear"],"picked":"Conserve Battery+1","floor":35},{"not_picked":["Magnetism"],"picked":"Mind Blast","floor":36},{"not_picked":["Trip"],"picked":"Deep Breath","floor":36},{"not_picked":["Recycle","Steam+1"],"picked":"SKIP","floor":39},{"not_picked":["Cold Snap"],"picked":"Rebound+1","floor":40},{"not_picked":["Steam+1","Force Field+1"],"picked":"Compile Driver","floor":44},{"not_picked":["Ball Lightning+1","Leap+1"],"picked":"Tempest","floor":45}],"player_experience":359194,"relics_obtained":[{"floor":5,"key":"Potion Belt"},{"floor":9,"key":"Dream Catcher"},{"floor":20,"key":"Happy Flower"},{"floor":26,"key":"Letter Opener"},{"floor":43,"key":"Question Card"}],"event_choices":[{"damage_healed":0,"gold_gain":0,"player_choice":"Success","damage_taken":18,"relics_obtained":["The Courier"],"max_hp_gain":0,"max_hp_loss":0,"event_name":"Scrap Ooze","floor":2,"gold_loss":0},{"damage_healed":0,"gold_gain":0,"player_choice":"Entered Light","damage_taken":15,"max_hp_gain":0,"max_hp_loss":0,"event_name":"Shining Light","floor":4,"gold_loss":0,"cards_upgraded":["Strike_B","Defend_B"]},{"damage_healed":0,"gold_gain":0,"player_choice":"Left Gold","damage_taken":0,"max_hp_gain":0,"max_hp_loss":0,"event_name":"World of Goop","floor":10,"gold_loss":22},{"damage_healed":0,"gold_gain":0,"player_choice":"Forge","damage_taken":0,"max_hp_gain":0,"max_hp_loss":0,"event_name":"Accursed Blacksmith","floor":14,"gold_loss":0,"cards_upgraded":["Zap"]},{"damage_healed":0,"gold_gain":0,"player_choice":"Shed Blood","damage_taken":19,"max_hp_gain":5,"max_hp_loss":0,"event_name":"Forgotten Altar","floor":19,"gold_loss":0},{"damage_healed":0,"gold_gain":0,"player_choice":"CARD ","damage_taken":16,"max_hp_gain":0,"max_hp_loss":0,"event_name":"Knowing Skull","floor":25,"potions_obtained":[],"gold_loss":0,"cards_obtained":["Discovery"]},{"damage_healed":0,"gold_gain":0,"player_choice":"Memory 2","damage_taken":5,"max_hp_gain":0,"max_hp_loss":0,"event_name":"SensoryStone","floor":36,"gold_loss":0},{"damage_healed":0,"gold_gain":0,"player_choice":"Bought 3 Potions","damage_taken":0,"max_hp_gain":0,"max_hp_loss":0,"event_name":"The Woman in Blue","floor":37,"gold_loss":0},{"damage_healed":0,"gold_gain":0,"player_choice":"Ignored","damage_taken":0,"max_hp_gain":0,"max_hp_loss":0,"event_name":"Mysterious Sphere","floor":47,"gold_loss":0},{"damage_healed":0,"gold_gain":0,"player_choice":"2 cards matched","damage_taken":0,"max_hp_gain":0,"max_hp_loss":0,"event_name":"Match and Keep!","floor":48,"gold_loss":0,"cards_obtained":["Storm","Zap"]}],"is_beta":false,"boss_relics":[{"not_picked":["Philosopher\u0027s Stone","Velvet Choker"],"picked":"Nuclear Battery"},{"not_picked":["Cursed Key","FrozenCore"],"picked":"Lizard Tail"}],"items_purged_floors":[],"is_endless":false,"potions_floor_spawned":[1,18,22,44],"killed_by":"Donu and Deca","ascension_level":0}