{"gold_per_floor":[110,124,49,64,84,84,50,63,63,63,89,107,107,107,107,203,203,203,131,86,86,86,86,86,86,86,86,86,86,86,86,86,86,86,86,86,86,7,7,7,7,0,0,0,0,0,0,0,0,0],"floor_reached":51,"playtime":4670,"items_purged":["Pain"],"score":965,"play_id":"a94bc08f-f6c8-41dd-80df-5a6bb10e55a7","local_time":"20190422232213","is_ascension_mode":true,"campfire_choices":[{"data":"Crippling Poison","floor":6,"key":"SMITH"},{"data":"Caltrops","floor":10,"key":"SMITH"},{"data":"Noxious Fumes","floor":13,"key":"SMITH"},{"data":"Infinite Blades","floor":15,"key":"SMITH"},{"floor":23,"key":"REST"},{"floor":25,"key":"REST"},{"floor":27,"key":"REST"},{"floor":32,"key":"REST"},{"floor":40,"key":"REST"},{"floor":49,"key":"REST"}],"neow_cost":"CURSE","seed_source_timestamp":209370373486800,"circlet_count":0,"master_deck":["AscendersBane","Defend_G","Defend_G","Defend_G","Defend_G","Defend_G","Strike_G","Strike_G","Strike_G","Survivor","Neutralize","Dramatic Entrance","Discovery","Infinite Blades+1","Cloak And Dagger","Crippling Poison+1","Caltrops+1","Noxious Fumes+1","Well Laid Plans","Envenom","Bouncing Flask+1","Footwork","Backflip+1","Predator","Terror","Adrenaline","Cloak And Dagger","Expertise","Tools of the Trade","Acrobatics+1","Leg Sweep+1","Trip+1","Poisoned Stab","Dodge and Roll+1"],"relics":["Ring of the Snake","Mummified Hand","Smiling Mask","Ectoplasm","Snake Skull","Enchiridion","Busted Crown","Toxic Egg 2","Red Mask","Meat on the Bone","Unceasing Top"],"potions_floor_usage":[16,18,24,24,29,45,45,50],"damage_taken":[{"damage":7,"enemies":"Small Slimes","floor":1,"turns":7},{"damage":5,"enemies":"2 Louse","floor":2,"turns":3},{"damage":0,"enemies":"Cultist","floor":4,"turns":5},{"damage":0,"enemies":"2 Fungi Beasts","floor":5,"turns":2},{"damage":0,"enemies":"3 Louse","floor":8,"turns":1},{"damage":14,"enemies":"3 Sentries","floor":11,"turns":10},{"damage":1,"enemies":"Looter","floor":12,"turns":3},{"damage":4,"enemies":"Hexaghost","floor":16,"turns":9},{"damage":20,"enemies":"Spheric Guardian","floor":18,"turns":6},{"damage":11,"enemies":"2 Thieves","floor":20,"turns":3},{"damage":17,"enemies":"Sentry and Sphere","floor":21,"turns":4},{"damage":0,"enemies":"Cultist and Chosen","floor":22,"turns":5},{"damage":17,"enemies":"Centurion and Healer","floor":24,"turns":4},{"damage":14,"enemies":"Shelled Parasite and Fungi","floor":28,"turns":3},{"damage":1,"enemies":"Sentry and Sphere","floor":29,"turns":5},{"damage":36,"enemies":"Collector","floor":33,"turns":7},{"damage":8,"enemies":"Orb Walker","floor":35,"turns":3},{"damage":0,"enemies":"3 Shapes","floor":41,"turns":4},{"damage":0,"enemies":"Maw","floor":44,"turns":6},{"damage":7,"enemies":"4 Shapes","floor":45,"turns":3},{"damage":3,"enemies":"Jaw Worm Horde","floor":46,"turns":4},{"damage":19,"enemies":"2 Orb Walkers","floor":47,"turns":4},{"damage":0,"enemies":"Sphere and 2 Shapes","floor":48,"turns":3},{"damage":25,"enemies":"Donu and Deca","floor":50,"turns":9}],"seed_played":"-283571410769486307","potions_obtained":[{"floor":2,"key":"Weak Potion"},{"floor":4,"key":"Weak Potion"},{"floor":20,"key":"Explosive Potion"},{"floor":22,"key":"Energy Potion"},{"floor":28,"key":"AttackPotion"},{"floor":33,"key":"PowerPotion"},{"floor":35,"key":"Fire Potion"},{"floor":48,"key":"EssenceOfSteel"}],"is_trial":false,"path_per_floor":["M","M","$","M","M","R","?","M","T","R","E","M","R","?","R","B",null,"M","$","M","M","M","R","M","R","T","R","M","M","?","?","R","B",null,"M","$","T","$","?","R","M","?","T","M","M","M","?","M","R","B",null],"character_chosen":"THE_SILENT","items_purchased":["Footwork","Leg Sweep+1"],"campfire_rested":6,"item_purchase_floors":[19,38],"current_hp_per_floor":[56,51,51,51,51,51,51,51,51,51,37,36,36,29,29,25,59,39,39,28,11,11,32,15,36,36,57,43,42,26,26,47,11,55,47,47,47,47,47,68,68,68,68,68,61,58,39,39,60,47],"gold":0,"neow_bonus":"RANDOM_COLORLESS_2","is_prod":false,"is_daily":false,"chose_seed":false,"campfire_upgraded":4,"win_rate":0,"timestamp":1555968133,"path_taken":["M","M","$","M","M","R","?","M","T","R","E","M","R","?","R","BOSS","M","$","M","M","M","R","M","R","T","R","M","M","?","?","R","BOSS","M","$","?","$","?","R","M","?","T","M","M","M","?","M","R","BOSS"],"build_version":"2019-01-23","purchased_purges":1,"victory":true,"max_hp_per_floor":[70,70,70,70,70,70,70,70,70,70,70,70,70,70,70,70,70,70,70,70,70,70,70,70,70,70,70,70,70,70,70,70,70,70,70,70,70,70,70,70,70,70,70,70,70,70,70,70,70,70],"card_choices":[{"not_picked":["Calculated Gamble","Prepared"],"picked":"Infinite Blades","floor":1},{"not_picked":["Infinite Blades","Finisher","Bane"],"picked":"SKIP","floor":2},{"not_picked":["Masterful Stab","Finisher"],"picked":"Cloak And Dagger","floor":4},{"not_picked":["Quick Slash","Reflex"],"picked":"Crippling Poison","floor":5},{"not_picked":["Deflect","Dagger Spray"],"picked":"Caltrops","floor":8},{"not_picked":["PiercingWail","Blade Dance"],"picked":"Noxious Fumes","floor":11},{"not_picked":["Backflip","Prepared"],"picked":"Well Laid Plans","floor":12},{"not_picked":["Burst","Storm of Steel"],"picked":"Envenom","floor":16},{"not_picked":["Underhanded Strike+1","Quick Slash"],"picked":"Bouncing Flask+1","floor":18},{"not_picked":["Quick Slash+1","Dagger Spray"],"picked":"Backflip+1","floor":20},{"not_picked":["Tactician","Quick Slash"],"picked":"Predator","floor":21},{"not_picked":["Underhanded Strike","Concentrate+1"],"picked":"Terror","floor":22},{"not_picked":["Backflip","Quick Slash"],"picked":"Adrenaline","floor":24},{"not_picked":["Prepared","Sucker Punch"],"picked":"Cloak And Dagger","floor":28},{"not_picked":["Slice","Finisher"],"picked":"Expertise","floor":29},{"not_picked":["Storm of Steel","Envenom"],"picked":"Tools of the Trade","floor":33},{"not_picked":[],"picked":"Acrobatics+1","floor":35},{"not_picked":[],"picked":"Trip+1","floor":39},{"not_picked":["Dagger Throw"],"picked":"SKIP","floor":41},{"not_picked":["Acrobatics+1"],"picked":"SKIP","floor":44},{"not_picked":["Concentrate+1"],"picked":"SKIP","floor":45},{"not_picked":[],"picked":"Poisoned Stab","floor":46},{"not_picked":[],"picked":"Dodge and Roll+1","floor":48}],"player_experience":687591,"relics_obtained":[{"floor":9,"key":"Mummified Hand"},{"floor":11,"key":"Smiling Mask"},{"floor":26,"key":"Snake Skull"},{"floor":30,"key":"Enchiridion"},{"floor":37,"key":"Toxic Egg 2"},{"floor":43,"key":"Meat on the Bone"},{"floor":47,"key":"Unceasing Top"}],"event_choices":[{"damage_healed":0,"gold_gain":0,"player_choice":"Left Gold","damage_taken":0,"max_hp_gain":0,"max_hp_loss":0,"event_name":"World of Goop","floor":7,"gold_loss":34},{"cards_removed":["Strike_G"],"damage_healed":0,"gold_gain":0,"player_choice":"Card Removal","damage_taken":7,"max_hp_gain":0,"max_hp_loss":0,"event_name":"Golden Wing","floor":14,"gold_loss":0},{"damage_healed":0,"gold_gain":0,"player_choice":"Obtained Book","damage_taken":16,"max_hp_gain":0,"max_hp_loss":0,"event_name":"Cursed Tome","floor":30,"gold_loss":0},{"cards_removed":["Strike_G"],"damage_healed":0,"gold_gain":0,"player_choice":"Offered Basic","damage_taken":0,"max_hp_gain":0,"max_hp_loss":0,"event_name":"Bonfire Elementals","floor":31,"gold_loss":0},{"damage_healed":0,"gold_gain":0,"player_choice":"Memory 1","damage_taken":0,"max_hp_gain":0,"max_hp_loss":0,"event_name":"SensoryStone","floor":39,"gold_loss":0},{"damage_healed":0,"gold_gain":0,"player_choice":"Paid","damage_taken":0,"relics_obtained":["Red Mask"],"max_hp_gain":0,"max_hp_loss":0,"event_name":"Tomb of Lord Red Mask","floor":42,"gold_loss":7},{"damage_healed":0,"gold_gain":0,"player_choice":"Fight","damage_taken":0,"max_hp_gain":0,"max_hp_loss":0,"event_name":"Mysterious Sphere","floor":47,"gold_loss":0}],"is_beta":false,"boss_relics":[{"not_picked":["Philosopher\u0027s Stone","Runic Pyramid"],"picked":"Ectoplasm"},{"not_picked":["Lizard Tail","Calling Bell"],"picked":"Busted Crown"}],"items_purged_floors":[3],"is_endless":false,"potions_floor_spawned":[2,4,11,20,22,28,33,35,44,48],"ascension_level":12}