{"gold_per_floor":[116,116,133,145,44,44,75,95,95,95,95,95,118,22,22,22],"floor_reached":16,"playtime":1578,"items_purged":["Strike_G"],"score":196,"play_id":"6fd54998-e7c1-4594-8406-3be31573f021","local_time":"20190426141441","is_ascension_mode":true,"campfire_choices":[{"data":"Dagger Throw","floor":6,"key":"SMITH"},{"data":"Dodge and Roll","floor":12,"key":"SMITH"},{"data":"Neutralize","floor":15,"key":"SMITH"}],"neow_cost":"NONE","seed_source_timestamp":3107496456140146,"circlet_count":0,"master_deck":["AscendersBane","Defend_G","Defend_G","Defend_G","Defend_G","Defend_G","Strike_G","Strike_G","Strike_G","Strike_G","Survivor","Neutralize+1","Dagger Throw+1","Dagger Spray","Backflip","Dodge and Roll+1","PiercingWail","Well Laid Plans","Leg Sweep","Slice"],"relics":["Ring of the Snake","Ancient Tea Set","Darkstone Periapt","Kunai","Snake Skull"],"potions_floor_usage":[],"damage_taken":[{"damage":2,"enemies":"Jaw Worm","floor":1,"turns":5},{"damage":1,"enemies":"Cultist","floor":3,"turns":4},{"damage":0,"enemies":"Small Slimes","floor":4,"turns":2},{"damage":47,"enemies":"Gremlin Nob","floor":7,"turns":5},{"damage":0,"enemies":"Blue Slaver","floor":8,"turns":6},{"damage":10,"enemies":"Hexaghost","floor":16,"turns":14}],"seed_played":"8486774572250150053","potions_obtained":[{"floor":7,"key":"SteroidPotion"}],"is_trial":false,"path_per_floor":["M","?","M","M","$","R","E","M","T","?","$","R","T","$","R","B"],"character_chosen":"THE_SILENT","items_purchased":["Dodge and Roll","Leg Sweep","Slice"],"campfire_rested":0,"item_purchase_floors":[5,14,14],"current_hp_per_floor":[57,57,56,56,56,56,9,9,9,9,9,9,9,9,9,0],"gold":22,"neow_bonus":"RANDOM_COMMON_RELIC","is_prod":false,"is_daily":false,"chose_seed":false,"campfire_upgraded":3,"win_rate":0,"timestamp":1556280881,"path_taken":["M","?","M","M","$","R","E","?","T","?","$","R","?","?","R","BOSS"],"build_version":"2019-01-23","purchased_purges":1,"victory":false,"max_hp_per_floor":[66,66,66,66,66,66,66,66,66,66,66,66,66,66,66,66],"card_choices":[{"not_picked":["Outmaneuver","Blade Dance"],"picked":"Dagger Throw","floor":1},{"not_picked":["Acrobatics","Eviscerate"],"picked":"Dagger Spray","floor":3},{"not_picked":["Tactician","Escape Plan"],"picked":"Backflip","floor":4},{"not_picked":["Deflect","Bane"],"picked":"PiercingWail","floor":7},{"not_picked":["Quick Slash","Backflip"],"picked":"Well Laid Plans","floor":8}],"player_experience":1781342,"relics_obtained":[{"floor":7,"key":"Darkstone Periapt"},{"floor":9,"key":"Kunai"},{"floor":13,"key":"Snake Skull"}],"event_choices":[{"damage_healed":0,"gold_gain":0,"player_choice":"Ignored","damage_taken":0,"max_hp_gain":0,"max_hp_loss":0,"event_name":"WeMeetAgain","floor":2,"gold_loss":0},{"damage_healed":0,"gold_gain":0,"player_choice":"Ignored","damage_taken":0,"max_hp_gain":0,"max_hp_loss":0,"event_name":"Shining Light","floor":10,"gold_loss":0}],"is_beta":false,"boss_relics":[],"items_purged_floors":[5],"is_endless":false,"potions_floor_spawned":[7],"killed_by":"Hexaghost","ascension_level":20}