{"gold_per_floor":[109,24,24,39,62,102,117,142,142,93,93,113,113,43,43,169,169,182,196,196,161,161,161],"floor_reached":23,"playtime":638,"items_purged":[],"score":220,"play_id":"9041470a-456d-4945-b37c-af03e83a2dcc","local_time":"20190414213316","is_ascension_mode":true,"campfire_choices":[{"floor":11,"key":"REST"},{"floor":13,"key":"REST"},{"floor":15,"key":"REST"}],"neow_cost":"NONE","seed_source_timestamp":443419032579799,"circlet_count":0,"master_deck":["Strike_B","Strike_B","Strike_B","Strike_B","Defend_B","Defend_B","Defend_B","Defend_B","Zap","Dualcast","Enlightenment","Injury","Redo","Hologram","Chill","Sunder","Electrodynamics","FTL","Capacitor","Echo Form","BootSequence+1","Defragment","Loop","Decay"],"relics":["Cracked Core","NeowsBlessing","Golden Idol","Mercury Hourglass","Inserter"],"potions_floor_usage":[8,12,16],"damage_taken":[{"damage":0,"enemies":"Jaw Worm","floor":1,"turns":1},{"damage":0,"enemies":"2 Louse","floor":4,"turns":1},{"damage":0,"enemies":"Cultist","floor":5,"turns":1},{"damage":59,"enemies":"3 Sentries","floor":6,"turns":7},{"damage":3,"enemies":"Exordium Thugs","floor":7,"turns":4},{"damage":1,"enemies":"Looter","floor":8,"turns":2},{"damage":4,"enemies":"Lots of Slimes","floor":12,"turns":2},{"damage":49,"enemies":"Hexaghost","floor":16,"turns":9},{"damage":50,"enemies":"3 Byrds","floor":18,"turns":4},{"damage":24,"enemies":"Shell Parasite","floor":19,"turns":7},{"damage":1,"enemies":"Cultist and Chosen","floor":23,"turns":2}],"seed_played":"-209011407930878346","potions_obtained":[{"floor":6,"key":"GamblersBrew"},{"floor":7,"key":"Weak Potion"},{"floor":12,"key":"FearPotion"}],"is_trial":false,"path_per_floor":["M","$","?","M","M","E","M","M","T","?","R","M","R","$","R","B",null,"M","M","?","$","?","M"],"character_chosen":"DEFECT","items_purchased":["Enlightenment","Capacitor","Loop"],"campfire_rested":3,"item_purchase_floors":[2,14,21],"current_hp_per_floor":[75,75,75,75,75,16,13,12,12,12,34,30,52,52,74,25,75,25,1,1,1,1,0],"gold":161,"neow_bonus":"THREE_ENEMY_KILL","is_prod":false,"is_daily":false,"chose_seed":false,"campfire_upgraded":0,"win_rate":0,"timestamp":1555302796,"path_taken":["M","$","?","M","M","E","M","M","T","?","R","M","R","$","R","BOSS","M","M","?","$","?","?"],"build_version":"2019-01-23","purchased_purges":0,"victory":false,"max_hp_per_floor":[75,75,75,75,75,75,75,75,75,75,75,75,75,75,75,75,75,75,75,75,75,75,75],"card_choices":[{"not_picked":["Stack","Double Energy","Go for the Eyes"],"picked":"SKIP","floor":1},{"not_picked":["Turbo","Beam Cell"],"picked":"Redo","floor":4},{"not_picked":["Compile Driver","Beam Cell"],"picked":"Hologram","floor":5},{"not_picked":["Turbo","Gash"],"picked":"Chill","floor":6},{"not_picked":["Beam Cell","Skim"],"picked":"Sunder","floor":7},{"not_picked":["Tempest","Cold Snap"],"picked":"Electrodynamics","floor":8},{"not_picked":["Conserve Battery","Double Energy"],"picked":"FTL","floor":12},{"not_picked":["Meteor Strike","Hyperbeam"],"picked":"Echo Form","floor":16},{"not_picked":["Scrape","Coolheaded+1"],"picked":"BootSequence+1","floor":18},{"not_picked":["White Noise+1","Conserve Battery"],"picked":"Defragment","floor":19}],"player_experience":423697,"relics_obtained":[{"floor":6,"key":"Mercury Hourglass"}],"event_choices":[{"damage_healed":0,"gold_gain":0,"player_choice":"Take Wound","damage_taken":0,"relics_obtained":["Golden Idol"],"max_hp_gain":0,"max_hp_loss":0,"event_name":"Golden Idol","floor":3,"gold_loss":0,"cards_obtained":["Injury"]},{"damage_healed":0,"gold_gain":0,"player_choice":"Left Gold","damage_taken":0,"max_hp_gain":0,"max_hp_loss":0,"event_name":"World of Goop","floor":10,"gold_loss":49},{"damage_healed":0,"gold_gain":0,"player_choice":"Ignored","damage_taken":0,"max_hp_gain":0,"max_hp_loss":0,"event_name":"Ghosts","floor":20,"gold_loss":0},{"damage_healed":0,"gold_gain":0,"player_choice":"Cursed","damage_taken":0,"max_hp_gain":0,"max_hp_loss":0,"event_name":"Wheel of Change","floor":22,"gold_loss":0,"cards_obtained":["Decay"]}],"is_beta":false,"boss_relics":[{"not_picked":["Pandora\u0027s Box","Calling Bell"],"picked":"Inserter"}],"items_purged_floors":[],"is_endless":false,"potions_floor_spawned":[6,7,12],"killed_by":"Cultist and Chosen","ascension_level":3}