{"gold_per_floor":[116,134,85,85,85,85,103,103,103,115,115,127,73,73,73,73],"floor_reached":16,"playtime":1051,"items_purged":[],"score":90,"play_id":"f4bd41c5-5a30-48e5-a98e-c8e0213a2a6d","local_time":"20181206195035","is_ascension_mode":false,"campfire_choices":[{"data":"Predator","floor":6,"key":"SMITH"},{"floor":11,"key":"REST"},{"floor":15,"key":"REST"}],"neow_cost":"NONE","seed_source_timestamp":163876836941031,"circlet_count":0,"master_deck":["Defend_G","Defend_G","Defend_G+1","Defend_G","Defend_G","Strike_G","Strike_G+1","Strike_G","Strike_G","Strike_G","Survivor","Neutralize","Predator+1","Quick Slash","All Out Attack","Slice","Underhanded Strike"],"relics":["Ring of the Snake","WingedGreaves"],"potions_floor_usage":[16,16,16],"damage_taken":[{"damage":4,"enemies":"2 Louse","floor":1,"turns":4},{"damage":0,"enemies":"Cultist","floor":2,"turns":3},{"damage":0,"enemies":"Jaw Worm","floor":7,"turns":3},{"damage":16,"enemies":"Exordium Thugs","floor":10,"turns":5},{"damage":0,"enemies":"2 Fungi Beasts","floor":12,"turns":2},{"damage":76,"enemies":"Hexaghost","floor":16,"turns":12}],"seed_played":"8086731573519987528","potions_obtained":[{"floor":0,"key":"SneckoOil"},{"floor":0,"key":"AttackPotion"},{"floor":0,"key":"Explosive Potion"},{"floor":10,"key":"FearPotion"}],"is_trial":false,"path_per_floor":["M","M","$","?","?","R","M","?","T","M","R","M","$","?","R","B"],"character_chosen":"THE_SILENT","items_purchased":["Energy Potion","Underhanded Strike"],"campfire_rested":2,"item_purchase_floors":[3,13],"current_hp_per_floor":[66,66,66,71,71,71,71,71,71,55,75,75,75,60,75,0],"gold":73,"neow_bonus":"THREE_SMALL_POTIONS","is_prod":false,"is_daily":false,"chose_seed":false,"campfire_upgraded":1,"win_rate":0.0,"timestamp":1544154635,"path_taken":["M","M","$","?","?","R","?","?","T","M","R","M","?","?","R","BOSS"],"build_version":"2018-11-15","purchased_purges":0,"victory":false,"max_hp_per_floor":[70,70,70,75,75,75,75,75,75,75,75,75,75,75,75,75],"card_choices":[{"not_picked":["Bouncing Flask","Heel Hook"],"picked":"Predator","floor":1},{"not_picked":["Distraction","Accuracy"],"picked":"Quick Slash","floor":2},{"not_picked":["Prepared","Riddle With Holes"],"picked":"All Out Attack","floor":7},{"not_picked":["Finisher","Outmaneuver"],"picked":"Slice","floor":10},{"not_picked":["Cloak And Dagger","Infinite Blades","Prepared"],"picked":"SKIP","floor":12}],"player_experience":124541,"relics_obtained":[{"floor":9,"key":"WingedGreaves"}],"event_choices":[{"damage_healed":0,"gold_gain":0,"player_choice":"Donut","damage_taken":0,"max_hp_gain":5,"max_hp_loss":0,"event_name":"Big Fish","floor":4,"gold_loss":0},{"damage_healed":0,"gold_gain":0,"player_choice":"Leave","damage_taken":0,"max_hp_gain":0,"max_hp_loss":0,"event_name":"FaceTrader","floor":5,"gold_loss":0},{"damage_healed":0,"gold_gain":0,"player_choice":"Ignored","damage_taken":0,"max_hp_gain":0,"max_hp_loss":0,"event_name":"Liars Game","floor":8,"gold_loss":0},{"damage_healed":0,"gold_gain":0,"player_choice":"Entered Light","damage_taken":15,"max_hp_gain":0,"max_hp_loss":0,"event_name":"Shining Light","floor":14,"gold_loss":0,"cards_upgraded":["Strike_G","Defend_G"]}],"is_beta":false,"boss_relics":[],"items_purged_floors":[],"is_endless":false,"potions_floor_spawned":[10,12],"killed_by":"Hexaghost","ascension_level":0}