{"gold_per_floor":[114,114,130,142,162,162,190,190,213,225,0,0,17,52,52,128,128,148,166,166,186,186,186,89,117,117,117],"floor_reached":27,"playtime":1554,"items_purged":["Decay"],"score":398,"play_id":"576f0916-1472-40e2-9680-652f6f20e733","local_time":"20190416004108","is_ascension_mode":true,"campfire_choices":[{"data":"Armaments","floor":6,"key":"SMITH"},{"data":"True Grit","floor":8,"key":"SMITH"},{"data":"Uppercut","floor":10,"key":"SMITH"},{"data":"Inflame","floor":15,"key":"SMITH"},{"floor":23,"key":"REST"}],"neow_cost":"CURSE","seed_source_timestamp":456624195831700,"circlet_count":0,"master_deck":["AscendersBane","Strike_R","Strike_R","Strike_R","Strike_R","Strike_R","Defend_R","Defend_R","Defend_R","Defend_R","Bash","True Grit+1","Uppercut+1","Armaments+1","Pommel Strike","Uppercut","Inflame+1","Thunderclap","Impervious","Dropkick","Twin Strike+1","Ghostly Armor","Sword Boomerang"],"relics":["Burning Blood","Dead Branch","Red Skull","MawBank","Membership Card","Boot","Potion Belt","Fusion Hammer","Omamori","Ice Cream","Darkstone Periapt"],"potions_floor_usage":[7,16,21,25],"damage_taken":[{"damage":15,"enemies":"Small Slimes","floor":1,"turns":3},{"damage":5,"enemies":"2 Louse","floor":3,"turns":3},{"damage":3,"enemies":"Cultist","floor":4,"turns":3},{"damage":4,"enemies":"Looter","floor":5,"turns":4},{"damage":32,"enemies":"Lagavulin","floor":7,"turns":9},{"damage":14,"enemies":"Exordium Thugs","floor":13,"turns":4},{"damage":22,"enemies":"Gremlin Nob","floor":14,"turns":4},{"damage":13,"enemies":"Slime Boss","floor":16,"turns":9},{"damage":5,"enemies":"Shell Parasite","floor":18,"turns":5},{"damage":7,"enemies":"Chosen","floor":19,"turns":4},{"damage":27,"enemies":"Centurion and Healer","floor":21,"turns":6},{"damage":50,"enemies":"Gremlin Leader","floor":25,"turns":7},{"damage":19,"enemies":"Snake Plant","floor":27,"turns":1}],"seed_played":"7515297212767987537","potions_obtained":[{"floor":1,"key":"Dexterity Potion"},{"floor":3,"key":"Strength Potion"},{"floor":14,"key":"Regen Potion"},{"floor":19,"key":"Block Potion"},{"floor":21,"key":"Strength Potion"}],"is_trial":false,"path_per_floor":["M","?","M","M","M","R","E","R","T","R","$","?","M","E","R","B",null,"M","M","$","M","?","R","$","E","T","M"],"character_chosen":"IRONCLAD","items_purchased":["Membership Card","Omamori","Strength Potion"],"campfire_rested":1,"item_purchase_floors":[11,24,24],"current_hp_per_floor":[63,68,69,72,74,74,48,48,48,48,48,48,40,24,24,32,72,73,72,72,51,35,62,62,18,18,0],"gold":117,"neow_bonus":"ONE_RARE_RELIC","is_prod":false,"is_daily":false,"chose_seed":false,"campfire_upgraded":4,"win_rate":0,"timestamp":1555368068,"path_taken":["M","?","M","M","M","R","E","R","T","R","$","?","M","E","R","BOSS","M","?","$","M","?","R","$","E","T","M"],"build_version":"2019-01-23","purchased_purges":1,"victory":false,"max_hp_per_floor":[80,85,85,85,85,85,85,85,85,85,85,85,85,85,85,85,85,85,85,85,85,90,90,90,90,90,90],"card_choices":[{"not_picked":["Corruption","Thunderclap"],"picked":"True Grit","floor":1},{"not_picked":["Whirlwind","Clothesline"],"picked":"Uppercut","floor":3},{"not_picked":["Perfected Strike","Sentinel"],"picked":"Armaments","floor":4},{"not_picked":["Clash","Rupture"],"picked":"Pommel Strike","floor":5},{"not_picked":["Bloodletting","Hemokinesis"],"picked":"Uppercut","floor":7},{"not_picked":["Thunderclap","Perfected Strike"],"picked":"Inflame","floor":13},{"not_picked":["Entrench","Dual Wield"],"picked":"Thunderclap","floor":14},{"not_picked":["Limit Break","Barricade"],"picked":"Impervious","floor":16},{"not_picked":["Flex","Infernal Blade"],"picked":"Dropkick","floor":18},{"not_picked":["Thunderclap","Warcry"],"picked":"Twin Strike+1","floor":19},{"not_picked":["Dropkick","Pommel Strike"],"picked":"Ghostly Armor","floor":21},{"not_picked":["Twin Strike","Rupture"],"picked":"Sword Boomerang","floor":25}],"player_experience":667793,"relics_obtained":[{"floor":7,"key":"Red Skull"},{"floor":9,"key":"MawBank"},{"floor":14,"key":"Potion Belt"},{"floor":25,"key":"Ice Cream"},{"floor":26,"key":"Darkstone Periapt"}],"event_choices":[{"damage_healed":0,"gold_gain":0,"player_choice":"Donut","damage_taken":0,"max_hp_gain":5,"max_hp_loss":0,"event_name":"Big Fish","floor":2,"gold_loss":0},{"damage_healed":0,"gold_gain":0,"player_choice":"Gave Potion","damage_taken":0,"relics_obtained":["Boot"],"max_hp_gain":0,"max_hp_loss":0,"event_name":"WeMeetAgain","floor":12,"gold_loss":0},{"damage_healed":0,"gold_gain":0,"player_choice":"Shed Blood","damage_taken":21,"max_hp_gain":5,"max_hp_loss":0,"event_name":"Forgotten Altar","floor":22,"gold_loss":0}],"is_beta":false,"boss_relics":[{"not_picked":["Pandora\u0027s Box","Sozu"],"picked":"Fusion Hammer"}],"items_purged_floors":[11],"is_endless":false,"potions_floor_spawned":[1,3,5,14,19,21],"killed_by":"Snake Plant","ascension_level":13}