{"gold_per_floor":[116,133,133,152,117,117,117,117,190,221,232,250,250,250],"floor_reached":14,"playtime":1071,"items_purged":[],"score":180,"play_id":"ec56d6fd-7f01-4fab-ba14-fa58e80b76b5","local_time":"20190505085001","is_ascension_mode":true,"campfire_choices":[{"data":"Bouncing Flask","floor":6.0,"key":"SMITH"},{"data":"Slice","floor":8.0,"key":"SMITH"},{"data":"Noxious Fumes","floor":13.0,"key":"SMITH"}],"neow_cost":"NONE","seed_source_timestamp":269638234494913,"circlet_count":0,"master_deck":["AscendersBane","Defend_G","Defend_G","Defend_G","Defend_G","Defend_G","Strike_G","Strike_G+1","Strike_G+1","Strike_G","Survivor+1","Neutralize+1","Bouncing Flask+1","Slice+1","Noxious Fumes+1","Bane","Blade Dance"],"special_seed":0,"relics":["Ring of the Snake","Kunai","Whetstone"],"potions_floor_usage":[],"damage_taken":[{"damage":1.0,"enemies":"2 Louse","floor":1.0,"turns":4.0},{"damage":7.0,"enemies":"Small Slimes","floor":2.0,"turns":5.0},{"damage":11.0,"enemies":"Jaw Worm","floor":4.0,"turns":6.0},{"damage":25.0,"enemies":"Gremlin Nob","floor":10.0,"turns":4.0},{"damage":0.0,"enemies":"Looter","floor":11.0,"turns":3.0},{"damage":9.0,"enemies":"Exordium Wildlife","floor":12.0,"turns":3.0},{"damage":0,"enemies":"Exordium Thugs","floor":14,"turns":1}],"seed_played":"7397551307976952926","potions_obtained":[{"floor":4.0,"key":"Regen Potion"},{"floor":11.0,"key":"Strength Potion"}],"is_trial":false,"path_per_floor":["M","M","?","M","?","R","?","R","T","E","M","M","R","M"],"character_chosen":"THE_SILENT","items_purchased":[],"campfire_rested":0,"item_purchase_floors":[],"current_hp_per_floor":[64,57,50,39,57,57,35,35,35,24,24,15,15,15],"gold":250,"neow_bonus":"TEN_PERCENT_HP_BONUS","is_prod":false,"is_daily":false,"chose_seed":false,"campfire_upgraded":3,"win_rate":0,"timestamp":1557039001,"path_taken":["M","M","?","M","?","R","?","R","T","E","M","M","R","?"],"build_version":"2019-01-23","purchased_purges":0,"victory":false,"max_hp_per_floor":[72,72,72,72,72,72,72,72,72,72,72,72,72,72],"card_choices":[{"not_picked":["Outmaneuver","Dodge and Roll","Acrobatics"],"picked":"SKIP","floor":1.0},{"not_picked":["Backflip","Acrobatics"],"picked":"Bouncing Flask","floor":2.0},{"not_picked":["Poisoned Stab","Dodge and Roll"],"picked":"Slice","floor":4.0},{"not_picked":["Dash","Doppelganger"],"picked":"Noxious Fumes","floor":10.0},{"not_picked":["Concentrate","Underhanded Strike"],"picked":"Bane","floor":11.0},{"not_picked":["Deadly Poison","Eviscerate"],"picked":"Blade Dance","floor":12.0}],"player_experience":2025898,"relics_obtained":[{"floor":9.0,"key":"Kunai"},{"floor":10.0,"key":"Whetstone"}],"event_choices":[{"cards_removed":["Strike_G"],"damage_healed":0.0,"max_hp_gain":0.0,"max_hp_loss":0.0,"gold_gain":0.0,"event_name":"Golden Wing","player_choice":"Card Removal","floor":3.0,"gold_loss":0.0,"damage_taken":7.0},{"damage_healed":18.0,"max_hp_gain":0.0,"max_hp_loss":0.0,"gold_gain":0.0,"event_name":"The Cleric","player_choice":"Healed","floor":5.0,"gold_loss":35.0,"damage_taken":0.0},{"damage_healed":0.0,"max_hp_gain":0.0,"max_hp_loss":0.0,"gold_gain":0.0,"event_name":"Shining Light","player_choice":"Entered Light","floor":7.0,"gold_loss":0.0,"damage_taken":22.0,"cards_upgraded":["Neutralize","Survivor"]}],"is_beta":false,"boss_relics":[],"items_purged_floors":[],"is_endless":false,"potions_floor_spawned":[4,11],"killed_by":"Exordium Thugs","ascension_level":20}