{"gold_per_floor":[114,114,129,144,159,159,174,174,199,149,164,164,179,194,194,294,294,279,279,0,15,15],"floor_reached":22,"playtime":1244,"items_purged":[],"score":355,"play_id":"f0c0c20c-b5bf-44d4-8e08-5e0f14f1166f","local_time":"20180822223110","daily_mods":["Insanity","Binary","Hoarder"],"is_ascension_mode":false,"campfire_choices":[{"floor":6,"key":"REST"},{"data":"Seeing Red","floor":8,"key":"SMITH"},{"floor":12,"key":"REST"},{"data":"Seeing Red","floor":15,"key":"SMITH"}],"neow_cost":"","seed_source_timestamp":0,"circlet_count":0,"master_deck":["Reckless Charge","Carnage+1","Double Tap","Iron Wave","Shrug It Off","Wild Strike","Rupture","Metallicize","Anger","Intimidate","Shrug It Off+1","Exhume","Disarm","Thunderclap","Ghostly Armor","Reaper","Twin Strike","Demon Form","Dark Embrace","Shrug It Off","Bludgeon","Juggernaut","Perfected Strike","Seeing Red","Seeing Red+1","Dual Wield","Bash","Warcry","Inflame","Searing Blow","True Grit","Fire Breathing","Dropkick","True Grit","Twin Strike","Dual Wield","Clash","Clothesline","Dual Wield","Feel No Pain","Reckless Charge","Dual Wield","Entrench+1","Reaper","Whirlwind","Twin Strike","Armaments","Combust","Entrench","Flex","Flex","Flex","Seeing Red+1","Seeing Red","Seeing Red","Anger","Anger","Anger","Carnage","Carnage","Carnage","Clash","Clash","Clash","RitualDagger","RitualDagger","RitualDagger"],"special_seed":17766,"relics":["Burning Blood","War Paint","Pandora\u0027s Box"],"potions_floor_usage":[],"damage_taken":[{"damage":11,"enemies":"Jaw Worm","floor":1,"turns":3},{"damage":15,"enemies":"Cultist","floor":3,"turns":5},{"damage":16,"enemies":"2 Louse","floor":4,"turns":3},{"damage":30,"enemies":"Gremlin Gang","floor":5,"turns":4},{"damage":25,"enemies":"Exordium Thugs","floor":7,"turns":5},{"damage":27,"enemies":"Lots of Slimes","floor":11,"turns":5},{"damage":1,"enemies":"2 Fungi Beasts","floor":13,"turns":3},{"damage":0,"enemies":"3 Louse","floor":14,"turns":1},{"damage":63,"enemies":"The Guardian","floor":16,"turns":8},{"damage":34,"enemies":"2 Thieves","floor":18,"turns":4},{"damage":12,"enemies":"Shell Parasite","floor":21,"turns":3},{"damage":52,"enemies":"Centurion and Healer","floor":22,"turns":6}],"seed_played":"633193296058416102","potions_obtained":[{"floor":3,"key":"Explosive Potion"},{"floor":5,"key":"Weak Potion"},{"floor":16,"key":"Strength Potion"}],"is_trial":false,"path_per_floor":["M","?","M","M","M","R","M","R","T","$","M","R","M","M","R","B",null,"M","?","?","M"],"character_chosen":"IRONCLAD","items_purchased":["PowerPotion"],"campfire_rested":2,"item_purchase_floors":[10],"current_hp_per_floor":[75,75,66,68,56,80,80,80,80,80,59,80,80,80,80,33,80,52,46,46,40,0],"gold":15,"neow_bonus":"","is_prod":false,"is_daily":true,"chose_seed":false,"campfire_upgraded":2,"win_rate":0,"timestamp":1535002270,"path_taken":["M","?","M","?","M","R","M","R","T","?","M","R","?","M","R","BOSS","M","?","?","?","M"],"build_version":"2018-08-16","purchased_purges":0,"victory":false,"max_hp_per_floor":[80,80,80,80,80,80,80,80,80,80,80,80,80,80,80,80,80,80,80,80,80,80],"card_choices":[{"not_picked":["Anger","Iron Wave"],"picked":"SKIP","floor":1},{"not_picked":["Pommel Strike","Shrug It Off"],"picked":"SKIP","floor":3},{"not_picked":["Headbutt","Wild Strike"],"picked":"SKIP","floor":4},{"not_picked":["Reckless Charge"],"picked":"Flex","floor":5},{"not_picked":["Reckless Charge"],"picked":"Seeing Red","floor":7},{"not_picked":["Feel No Pain"],"picked":"Anger","floor":11},{"not_picked":["Infernal Blade","Body Slam"],"picked":"SKIP","floor":13},{"not_picked":["Rupture","Wild Strike"],"picked":"SKIP","floor":14},{"not_picked":["Carnage"],"picked":"Clash","floor":18},{"not_picked":["Wild Strike","Carnage"],"picked":"SKIP","floor":21}],"player_experience":35315,"relics_obtained":[{"floor":9,"key":"War Paint"}],"event_choices":[{"event_name":"Upgrade Shrine","player_choice":"Upgraded","floor":2,"damage_taken":0},{"event_name":"Nest","player_choice":"Joined the Cult","floor":19,"damage_taken":0},{"event_name":"Masked Bandits","player_choice":"Paid Fearfully","floor":20,"damage_taken":0}],"is_beta":false,"boss_relics":[{"not_picked":["Tiny House","Velvet Choker"],"picked":"Pandora\u0027s Box"}],"items_purged_floors":[],"is_endless":false,"potions_floor_spawned":[3,5,14,16,21],"killed_by":"Centurion and Healer","ascension_level":0}