{"gold_per_floor":[218,218,25,45,60,60,80,3,27,27,38,38,58,88,88,191,191,202,202,217,232,232],"floor_reached":22,"playtime":1510,"items_purged":[],"score":188,"play_id":"8ad4225e-502e-483c-9704-c10b3badc936","local_time":"20181208112640","is_ascension_mode":false,"campfire_choices":[{"data":"Infinite Blades","floor":6,"key":"SMITH"},{"data":"Caltrops","floor":10,"key":"SMITH"},{"data":"Terror","floor":12,"key":"SMITH"},{"floor":15,"key":"REST"}],"neow_cost":"NONE","seed_source_timestamp":305983046139001,"circlet_count":0,"master_deck":["Defend_G","Defend_G","Defend_G","Defend_G","Defend_G","Strike_G","Strike_G","Strike_G","Strike_G","Strike_G","Survivor","Neutralize","Poisoned Stab+1","Infinite Blades+1","Noxious Fumes","Caltrops+1","Endless Agony","Terror+1","Slice","Bane","Outmaneuver","Storm of Steel","Noxious Fumes+1","Backstab"],"relics":["Ring of the Snake","TwistedFunnel","Ancient Tea Set","Dream Catcher","Runic Pyramid"],"potions_floor_usage":[],"damage_taken":[{"damage":0,"enemies":"Cultist","floor":1,"turns":4},{"damage":0,"enemies":"Jaw Worm","floor":4,"turns":3},{"damage":0,"enemies":"2 Louse","floor":5,"turns":1},{"damage":1,"enemies":"Exordium Wildlife","floor":7,"turns":3},{"damage":1,"enemies":"Exordium Thugs","floor":11,"turns":3},{"damage":5,"enemies":"Looter","floor":13,"turns":2},{"damage":8,"enemies":"Gremlin Nob","floor":14,"turns":3},{"damage":17,"enemies":"Slime Boss","floor":16,"turns":9},{"damage":10,"enemies":"Shell Parasite","floor":18,"turns":4},{"damage":35,"enemies":"2 Thieves","floor":20,"turns":3},{"damage":22,"enemies":"Cultist and Chosen","floor":21,"turns":4},{"damage":3,"enemies":"Centurion and Healer","floor":22,"turns":1}],"seed_played":"5881697376809260170","potions_obtained":[{"floor":1,"key":"Ancient Potion"},{"floor":4,"key":"Poison Potion"},{"floor":11,"key":"Swift Potion"},{"floor":18,"key":"Fire Potion"}],"is_trial":false,"path_per_floor":["M","?","$","M","M","R","M","$","T","R","M","R","M","E","R","B",null,"M","?","M","M","M"],"character_chosen":"THE_SILENT","items_purchased":["TwistedFunnel","Endless Agony"],"campfire_rested":1,"item_purchase_floors":[3,8],"current_hp_per_floor":[70,70,70,70,70,70,69,69,69,69,68,68,63,55,70,53,70,60,60,25,3,0],"gold":232,"neow_bonus":"HUNDRED_GOLD","is_prod":false,"is_daily":false,"chose_seed":false,"campfire_upgraded":3,"win_rate":0.0,"timestamp":1544297200,"path_taken":["M","?","?","M","M","R","M","$","T","R","?","R","M","E","R","BOSS","M","?","M","M","M"],"build_version":"2018-12-06","purchased_purges":0,"victory":false,"max_hp_per_floor":[70,70,70,70,70,70,70,70,70,70,70,70,70,70,70,70,70,70,70,70,70,70],"card_choices":[{"not_picked":["Eviscerate","Dodge and Roll"],"picked":"Poisoned Stab","floor":1},{"not_picked":["Deflect","Concentrate"],"picked":"Infinite Blades","floor":4},{"not_picked":["Setup","Choke"],"picked":"Noxious Fumes","floor":5},{"not_picked":["Deflect","Calculated Gamble"],"picked":"Caltrops","floor":7},{"not_picked":["Sucker Punch","Dash"],"picked":"Terror","floor":11},{"not_picked":["Blur","Leg Sweep"],"picked":"Slice","floor":13},{"not_picked":["Noxious Fumes","Blur"],"picked":"Bane","floor":14},{"not_picked":["Backflip","Distraction"],"picked":"Outmaneuver","floor":15},{"not_picked":["Night Terror","Tools of the Trade"],"picked":"Storm of Steel","floor":16},{"not_picked":["Caltrops","Underhanded Strike"],"picked":"Noxious Fumes+1","floor":18},{"not_picked":["Deadly Poison","Dagger Throw"],"picked":"Backstab","floor":20},{"not_picked":["Reflex","Blade Dance+1","Dagger Spray"],"picked":"SKIP","floor":21}],"player_experience":162638,"relics_obtained":[{"floor":9,"key":"Ancient Tea Set"},{"floor":14,"key":"Dream Catcher"}],"event_choices":[{"damage_healed":0,"gold_gain":0,"player_choice":"Upgraded","damage_taken":0,"max_hp_gain":0,"max_hp_loss":0,"event_name":"Upgrade Shrine","floor":2,"gold_loss":0,"cards_upgraded":["Poisoned Stab"]},{"damage_healed":0,"gold_gain":0,"player_choice":"Ignored","damage_taken":0,"max_hp_gain":0,"max_hp_loss":0,"event_name":"NoteForYourself","floor":19,"gold_loss":0}],"is_beta":false,"boss_relics":[{"not_picked":["Coffee Dripper","Cursed Key"],"picked":"Runic Pyramid"}],"items_purged_floors":[],"is_endless":false,"potions_floor_spawned":[1,4,11,18,20],"killed_by":"Centurion and Healer","ascension_level":0}