{"gold_per_floor":[117,135,5,17,17,17,42,42,124,124,124,135,148,180,192,302,314,340,364,39,53,153,180,180,198,225,225,243,20,33,33,33,133,133,144,108,125,144,144],"floor_reached":39,"playtime":5015,"items_purged":["Strike_G"],"score":413,"play_id":"4eb298f7-98e4-4b79-b029-64f54ad1bb88","local_time":"20190505161336","is_ascension_mode":false,"campfire_choices":[{"floor":6,"key":"RECALL"},{"data":"Venomology","floor":8,"key":"SMITH"},{"data":"Tools of the Trade","floor":10,"key":"SMITH"},{"data":"Caltrops","floor":15,"key":"SMITH"},{"floor":24,"key":"REST"},{"data":"Venomology","floor":27,"key":"SMITH"},{"data":"Footwork","floor":32,"key":"SMITH"}],"neow_cost":"NONE","seed_source_timestamp":124140834372661,"circlet_count":0,"master_deck":["Defend_G","Defend_G","Defend_G","Defend_G","Strike_G","Strike_G","Strike_G","Strike_G","Survivor","Neutralize","Venomology+1","Flying Knee","Predator","Infinite Blades","Blade Dance","Corpse Explosion","Tools of the Trade+1","Infinite Blades","Blade Dance","Caltrops+1","Venomology+1","Well Laid Plans","Caltrops","Accuracy","Escape Plan","Envenom","Doppelganger","Footwork+1","Die Die Die","Caltrops","Tactician"],"relics":["Ring of the Snake","Boot","Question Card","MawBank","Lizard Tail","Bird Faced Urn","Mummified Hand","Lantern","Sozu"],"potions_floor_usage":[4,7,7,12,14,14,16,16,18,19,19,21,23,23,23,23,23,23,23,23,25,28,28,28,30,33,33,33,39],"damage_taken":[{"damage":1,"enemies":"Jaw Worm","floor":1,"turns":4},{"damage":0,"enemies":"2 Louse","floor":2,"turns":3},{"damage":0,"enemies":"Cultist","floor":4,"turns":3},{"damage":4,"enemies":"Gremlin Nob","floor":7,"turns":4},{"damage":0,"enemies":"3 Louse","floor":12,"turns":1},{"damage":5,"enemies":"Large Slime","floor":13,"turns":4},{"damage":11,"enemies":"Lagavulin","floor":14,"turns":7},{"damage":13,"enemies":"Slime Boss","floor":16,"turns":8},{"damage":7,"enemies":"3 Byrds","floor":18,"turns":2},{"damage":29,"enemies":"Spheric Guardian","floor":19,"turns":6},{"damage":19,"enemies":"3 Cultists","floor":21,"turns":3},{"damage":38,"enemies":"Book of Stabbing","floor":23,"turns":5},{"damage":18,"enemies":"Snake Plant","floor":25,"turns":3},{"damage":18,"enemies":"Shelled Parasite and Fungi","floor":28,"turns":4},{"damage":0,"enemies":"Centurion and Healer","floor":30,"turns":5},{"damage":84,"enemies":"Champ","floor":33,"turns":10},{"damage":28,"enemies":"3 Darklings","floor":35,"turns":4},{"damage":19,"enemies":"Orb Walker","floor":37,"turns":3},{"damage":53,"enemies":"Spire Growth","floor":38,"turns":5},{"damage":25,"enemies":"Maw","floor":39,"turns":2}],"seed_played":"3994094327315637792","potions_obtained":[{"floor":1,"key":"SteroidPotion"},{"floor":13,"key":"Energy Potion"},{"floor":14,"key":"AttackPotion"},{"floor":21,"key":"Swift Potion"},{"floor":23,"key":"Fire Potion"},{"floor":30,"key":"SkillPotion"}],"is_trial":false,"path_per_floor":["M","M","$","M","?","R","E","R","T","R","T","M","M","E","R","B",null,"M","M","$","M","?","E","R","M","T","R","M","$","M","?","R","B",null,"M","$","M","M","M"],"character_chosen":"THE_SILENT","items_purchased":["Infinite Blades","Blade Dance","Bird Faced Urn","Caltrops","Envenom","Caltrops"],"campfire_rested":1,"item_purchase_floors":[3,3,20,20,29,36],"current_hp_per_floor":[69,69,69,69,62,62,58,58,58,58,58,58,53,42,42,29,70,63,46,46,35,35,14,35,27,27,27,35,35,51,51,51,35,70,46,46,41,8,0],"gold":144,"neow_bonus":"ONE_RANDOM_RARE_CARD","is_prod":false,"is_daily":false,"chose_seed":false,"campfire_upgraded":5,"win_rate":0,"timestamp":1557065616,"path_taken":["M","M","$","M","?","R","E","R","T","R","?","M","M","E","R","BOSS","M","M","$","M","?","E","R","M","T","R","M","$","?","?","R","BOSS","M","$","M","M","M"],"build_version":"2019-01-23","purchased_purges":1,"victory":false,"max_hp_per_floor":[70,70,70,70,70,70,70,70,70,70,70,70,70,70,70,70,70,70,70,70,70,70,70,70,70,70,70,70,70,70,70,70,70,70,70,70,70,70,70],"card_choices":[{"not_picked":["Slice","PiercingWail"],"picked":"Flying Knee","floor":1},{"not_picked":["Slice","Flying Knee"],"picked":"Predator","floor":2},{"not_picked":["Bane","Blade Dance"],"picked":"Corpse Explosion","floor":4},{"not_picked":["Slice","Prepared"],"picked":"Tools of the Trade","floor":7},{"not_picked":["Sucker Punch","Prepared","Flying Knee"],"picked":"Infinite Blades","floor":12},{"not_picked":["PiercingWail","Dagger Throw","Reflex"],"picked":"Blade Dance","floor":13},{"not_picked":["Predator","Bouncing Flask","Leg Sweep"],"picked":"Caltrops","floor":14},{"not_picked":["Storm of Steel","Doppelganger","Phantasmal Killer"],"picked":"Venomology","floor":16},{"not_picked":["Catalyst","Dodge and Roll+1","Heel Hook+1"],"picked":"Well Laid Plans","floor":18},{"not_picked":["Bane+1","Underhanded Strike","Dagger Spray","Acrobatics"],"picked":"SKIP","floor":19},{"not_picked":["Quick Slash","Sucker Punch","Deadly Poison","Bane"],"picked":"SKIP","floor":21},{"not_picked":["Leg Sweep","All Out Attack+1","Outmaneuver+1"],"picked":"Accuracy","floor":23},{"not_picked":["Acrobatics","Slice","Sucker Punch","Dodge and Roll"],"picked":"SKIP","floor":25},{"not_picked":["PiercingWail+1","Deflect","All Out Attack"],"picked":"Escape Plan","floor":28},{"not_picked":["PiercingWail+1","Dodge and Roll","Slice+1"],"picked":"Doppelganger","floor":30},{"not_picked":["Wraith Form v2","Night Terror","Bullet Time"],"picked":"Die Die Die","floor":33},{"not_picked":["Acrobatics+1","Reflex","Underhanded Strike","Backstab"],"picked":"SKIP","floor":35},{"not_picked":["Quick Slash","Deadly Poison","Bouncing Flask+1","Poisoned Stab"],"picked":"SKIP","floor":37},{"not_picked":["Dagger Throw","PiercingWail","Distraction+1"],"picked":"Tactician","floor":38}],"player_experience":184496,"relics_obtained":[{"floor":7,"key":"Boot"},{"floor":11,"key":"Question Card"},{"floor":14,"key":"MawBank"},{"floor":23,"key":"Mummified Hand"},{"floor":26,"key":"Lantern"}],"event_choices":[{"cards_removed":["Defend_G"],"damage_healed":0,"gold_gain":0,"player_choice":"Card Removal","damage_taken":7,"max_hp_gain":0,"max_hp_loss":0,"event_name":"Golden Wing","floor":5,"gold_loss":0},{"damage_healed":0,"gold_gain":100,"player_choice":"Pray","damage_taken":0,"max_hp_gain":0,"max_hp_loss":0,"event_name":"Golden Shrine","floor":22,"gold_loss":0},{"damage_healed":0,"gold_gain":0,"player_choice":"Read","damage_taken":0,"max_hp_gain":0,"max_hp_loss":0,"event_name":"The Library","floor":31,"gold_loss":0,"cards_obtained":["Footwork"]}],"is_beta":false,"boss_relics":[{"not_picked":["Coffee Dripper","Calling Bell"],"picked":"Lizard Tail"},{"not_picked":["Black Star","Snecko Eye"],"picked":"Sozu"}],"items_purged_floors":[29],"is_endless":false,"potions_floor_spawned":[1,2,13,14,21,23,30],"killed_by":"Maw","ascension_level":0}