{"gold_per_floor":[20,33,53,53,70,70,87,115,115,115,125,125,141,156,156,253,253,272,16,29,29,47,47,47,77,77,88,88,123,138,152,152,248,248,261,222,240,255,265,265,275,290,336,336,368,173,191,210,210,210],"floor_reached":51,"playtime":2440,"items_purged":[],"score":854,"play_id":"bdaffdf6-5dbd-49a9-8da9-9e0c2a9bf8cb","local_time":"20180815021213","is_ascension_mode":false,"campfire_choices":[{"data":"Body Slam","floor":6.0,"key":"SMITH"},{"data":"Armaments","floor":10.0,"key":"SMITH"},{"data":"Metallicize","floor":15.0,"key":"SMITH"},{"data":"Barricade","floor":23.0,"key":"SMITH"},{"data":"Flame Barrier","floor":28.0,"key":"SMITH"},{"data":"Battle Trance","floor":32.0,"key":"SMITH"},{"data":"Metallicize","floor":40.0,"key":"SMITH"},{"data":"Body Slam","floor":44,"key":"SMITH"},{"data":"Metallicize","floor":49,"key":"SMITH"}],"neow_cost":"NO_GOLD","seed_source_timestamp":31734943040853,"circlet_count":0,"master_deck":["Strike_R","Strike_R","Strike_R","Strike_R","Strike_R","Defend_R","Defend_R","Defend_R","Defend_R","Bash","Body Slam+1","Flame Barrier+1","Metallicize+1","Armaments+1","Iron Wave","Barricade+1","Battle Trance+1","Shrug It Off","Metallicize+1","Shrug It Off+1","Impervious","Metallicize+1","Shrug It Off","Ghostly Armor+1","Body Slam+1","Metallicize+1"],"special_seed":0,"relics":["Burning Blood","Magic Flower","Question Card","Blood Vial","Sozu","Self Forming Clay","Vajra","Lantern","Meat on the Bone","Smiling Mask","Lizard Tail","Bag of Marbles","Bird Faced Urn","Art of War"],"potions_floor_usage":[50,50],"damage_taken":[{"damage":14.0,"enemies":"Jaw Worm","floor":1.0,"turns":4.0},{"damage":6.0,"enemies":"Cultist","floor":2.0,"turns":3.0},{"damage":7.0,"enemies":"Small Slimes","floor":3.0,"turns":3.0},{"damage":10.0,"enemies":"Looter","floor":5.0,"turns":3.0},{"damage":2.0,"enemies":"Blue Slaver","floor":7.0,"turns":5.0},{"damage":2.0,"enemies":"Lagavulin","floor":8.0,"turns":10.0},{"damage":4.0,"enemies":"3 Louse","floor":11.0,"turns":3.0},{"damage":7.0,"enemies":"2 Fungi Beasts","floor":13.0,"turns":3.0},{"damage":8.0,"enemies":"Lots of Slimes","floor":14.0,"turns":5.0},{"damage":25.0,"enemies":"The Guardian","floor":16.0,"turns":15.0},{"damage":0.0,"enemies":"Shell Parasite","floor":18.0,"turns":7.0},{"damage":8.0,"enemies":"Spheric Guardian","floor":20.0,"turns":7.0},{"damage":16.0,"enemies":"Cultist and Chosen","floor":22.0,"turns":9.0},{"damage":34.0,"enemies":"Gremlin Leader","floor":25.0,"turns":13.0},{"damage":1.0,"enemies":"Chosen and Byrds","floor":27.0,"turns":8.0},{"damage":3.0,"enemies":"Book of Stabbing","floor":29.0,"turns":8.0},{"damage":0.0,"enemies":"Sentry and Sphere","floor":30.0,"turns":6.0},{"damage":5.0,"enemies":"3 Cultists","floor":31.0,"turns":6.0},{"damage":2.0,"enemies":"Champ","floor":33.0,"turns":11.0},{"damage":0.0,"enemies":"3 Darklings","floor":35.0,"turns":9.0},{"damage":0.0,"enemies":"3 Shapes","floor":37.0,"turns":6.0},{"damage":7.0,"enemies":"Sphere and 2 Shapes","floor":38.0,"turns":10.0},{"damage":10.0,"enemies":"3 Darklings","floor":39.0,"turns":8.0},{"damage":9,"enemies":"Transient","floor":41,"turns":5},{"damage":48,"enemies":"4 Shapes","floor":42,"turns":8},{"damage":0,"enemies":"Giant Head","floor":45,"turns":9},{"damage":3,"enemies":"Spire Growth","floor":47,"turns":6},{"damage":0,"enemies":"3 Darklings","floor":48,"turns":11},{"damage":0,"enemies":"Donu and Deca","floor":50,"turns":12}],"seed_played":"5447736464453101251","potions_obtained":[{"floor":3.0,"key":"Dexterity Potion"},{"floor":5.0,"key":"Dexterity Potion"},{"floor":11.0,"key":"Ancient Potion"},{"floor":16.0,"key":"GamblersBrew"}],"is_trial":false,"path_per_floor":["M","M","M","?","M","R","M","E","T","R","M","$","M","M","R","B",null,"M","$","M","$","M","R","T","E","T","M","R","E","M","M","R","B",null,"M","$","M","M","M","R","M","M","T","R","E","$","M","M","R","B"],"character_chosen":"IRONCLAD","items_purchased":["Self Forming Clay","Metallicize","Art of War","Metallicize"],"campfire_rested":0,"item_purchase_floors":[19,36,46,46],"current_hp_per_floor":[75,78,80,80,79,79,80,80,80,80,80,80,80,80,80,64,80,80,80,80,80,73,73,73,51,51,62,62,71,80,80,80,80,80,80,80,80,80,79,79,80,59,59,59,71,71,80,80,80,80],"gold":210,"neow_bonus":"ONE_RARE_RELIC","is_prod":false,"is_daily":false,"chose_seed":false,"campfire_upgraded":9,"win_rate":0,"timestamp":1534288333,"path_taken":["M","M","M","?","?","R","M","E","T","R","M","$","M","M","R","BOSS","M","$","M","$","M","R","?","E","T","M","R","E","M","M","R","BOSS","M","$","M","M","M","R","?","M","T","R","E","$","M","M","R","BOSS"],"build_version":"2018-08-09","purchased_purges":0,"victory":true,"max_hp_per_floor":[80,80,80,80,80,80,80,80,80,80,80,80,80,80,80,80,80,80,80,80,80,80,80,80,80,80,80,80,80,80,80,80,80,80,80,80,80,80,80,80,80,80,80,80,80,80,80,80,80,80],"card_choices":[{"not_picked":["Wild Strike","Feel No Pain"],"picked":"Body Slam","floor":1.0},{"not_picked":["Thunderclap","Burning Pact"],"picked":"Flame Barrier","floor":2.0},{"not_picked":["Headbutt","Rage","Pommel Strike"],"picked":"SKIP","floor":3.0},{"not_picked":["Spot Weakness","Cleave","Anger"],"picked":"SKIP","floor":5.0},{"not_picked":["Headbutt","Sword Boomerang"],"picked":"Metallicize","floor":7.0},{"not_picked":["Flame Barrier","Rampage"],"picked":"Armaments","floor":8.0},{"not_picked":["Clash","Pummel","Warcry"],"picked":"Iron Wave","floor":11.0},{"not_picked":["Fire Breathing","Power Through","Warcry","Wild Strike"],"picked":"SKIP","floor":13.0},{"not_picked":["Clash","Fiend Fire","Warcry","Infernal Blade"],"picked":"SKIP","floor":14.0},{"not_picked":["Demon Form","Fiend Fire","Reaper"],"picked":"Barricade","floor":16.0},{"not_picked":["Second Wind+1","Headbutt","Carnage"],"picked":"Battle Trance","floor":18.0},{"not_picked":["Thunderclap","Clothesline+1","True Grit"],"picked":"Shrug It Off","floor":20.0},{"not_picked":["Anger","Uppercut","Iron Wave","Pommel Strike"],"picked":"SKIP","floor":22.0},{"not_picked":["Disarm","Power Through","Pommel Strike+1","Twin Strike"],"picked":"SKIP","floor":25.0},{"not_picked":["Anger","Iron Wave","Clothesline"],"picked":"Metallicize+1","floor":27.0},{"not_picked":["Sever Soul","Cleave","Barricade","Thunderclap"],"picked":"SKIP","floor":29.0},{"not_picked":["Anger","Seeing Red+1","Iron Wave"],"picked":"Shrug It Off+1","floor":30.0},{"not_picked":["Reckless Charge","Rampage","Armaments","Sword Boomerang+1"],"picked":"SKIP","floor":31.0},{"not_picked":["Reaper","Offering","Berserk"],"picked":"Impervious","floor":33.0},{"not_picked":["Thunderclap","Heavy Blade+1","Sentinel","Iron Wave"],"picked":"SKIP","floor":35.0},{"not_picked":["Heavy Blade","Cleave","Shockwave+1"],"picked":"Shrug It Off","floor":37.0},{"not_picked":["Heavy Blade","Carnage+1","Shockwave","Cleave+1"],"picked":"SKIP","floor":38.0},{"not_picked":["Warcry","Whirlwind+1","Spot Weakness+1"],"picked":"Ghostly Armor+1","floor":39.0},{"not_picked":["Evolve+1","Exhume","Searing Blow+1"],"picked":"Body Slam","floor":41},{"not_picked":["Whirlwind","Iron Wave","Dual Wield","Infernal Blade"],"picked":"SKIP","floor":42},{"not_picked":["Cleave","Wild Strike","Havoc+1","Sword Boomerang+1"],"picked":"SKIP","floor":45},{"not_picked":["Pommel Strike+1","Power Through","Rupture+1","Anger"],"picked":"SKIP","floor":47},{"not_picked":["Hemokinesis","Sword Boomerang+1","Shockwave","Dropkick+1"],"picked":"SKIP","floor":48}],"player_experience":303976,"relics_obtained":[{"floor":8.0,"key":"Question Card"},{"floor":9.0,"key":"Blood Vial"},{"floor":24.0,"key":"Vajra"},{"floor":25.0,"key":"Lantern"},{"floor":26.0,"key":"Meat on the Bone"},{"floor":29.0,"key":"Smiling Mask"},{"floor":43,"key":"Bag of Marbles"},{"floor":45,"key":"Bird Faced Urn"}],"event_choices":[{"event_name":"The Cleric","player_choice":"Leave","floor":4.0,"damage_taken":0.0}],"is_beta":false,"boss_relics":[{"not_picked":["Empty Cage","Runic Pyramid"],"picked":"Sozu"},{"not_picked":["White Beast Statue","Snecko Eye"],"picked":"Lizard Tail"}],"items_purged_floors":[],"is_endless":false,"potions_floor_spawned":[3,5,11,13,14,16,20,27,29,30,31,35,37,41,45,47],"ascension_level":0}