{"gold_per_floor":[10,24,24,24,38,72,72,72,72,72,101,56,109,119,119,215,215,228,71,89,100,117,117,117,42,42,55,55,55,82,92,92,197,197,217,23,23,23,36,36,71,71,120,72,84,95,95,105,105,105],"floor_reached":51,"playtime":1456,"items_purged":["Defend_R"],"score":755,"play_id":"a08f2efa-66b3-42e5-b3c3-209259f50235","local_time":"20181014022726","is_ascension_mode":false,"campfire_choices":[{"data":"Perfected Strike","floor":8.0,"key":"SMITH"},{"data":"Shrug It Off","floor":15.0,"key":"SMITH"},{"data":"Demon Form","floor":23.0,"key":"SMITH"},{"floor":28.0,"key":"REST"},{"data":"Heavy Blade","floor":32.0,"key":"SMITH"},{"data":"Shrug It Off","floor":40.0,"key":"SMITH"},{"data":"Defend_R","floor":42.0,"key":"SMITH"},{"floor":47.0,"key":"REST"},{"data":"Body Slam","floor":49.0,"key":"SMITH"}],"neow_cost":"NO_GOLD","seed_source_timestamp":113066866520690,"circlet_count":0,"master_deck":["Strike_R","Strike_R","Strike_R","Strike_R","Strike_R","Defend_R+1","Defend_R+1","Defend_R+1","Bash+1","Twin Strike","Shrug It Off+1","Perfected Strike+1","Twin Strike","Thunderclap","Demon Form+1","Twin Strike+1","Demon Form+1","Heavy Blade+1","Shrug It Off+1","Body Slam+1"],"special_seed":0,"relics":["Burning Blood","Pocketwatch","Gambling Chip","Thread and Needle","War Paint","Anchor","Lizard Tail","PreservedInsect","MutagenicStrength","Meat on the Bone","Bag of Marbles","Eternal Feather","Pen Nib","Dodecahedron","Bronze Scales"],"potions_floor_usage":[50,50,50],"damage_taken":[{"damage":7.0,"enemies":"2 Louse","floor":1.0,"turns":2.0},{"damage":6.0,"enemies":"Cultist","floor":2.0,"turns":3.0},{"damage":0.0,"enemies":"Small Slimes","floor":5.0,"turns":3.0},{"damage":36.0,"enemies":"Lagavulin","floor":6.0,"turns":4.0},{"damage":0.0,"enemies":"Gremlin Nob","floor":11.0,"turns":2.0},{"damage":0.0,"enemies":"2 Fungi Beasts","floor":14.0,"turns":2.0},{"damage":12.0,"enemies":"Slime Boss","floor":16.0,"turns":8.0},{"damage":24.0,"enemies":"3 Byrds","floor":18.0,"turns":6.0},{"damage":16.0,"enemies":"Spheric Guardian","floor":20.0,"turns":4.0},{"damage":17.0,"enemies":"Centurion and Healer","floor":21.0,"turns":8.0},{"damage":9.0,"enemies":"Chosen and Byrds","floor":22.0,"turns":7.0},{"damage":4.0,"enemies":"Shelled Parasite and Fungi","floor":27.0,"turns":4.0},{"damage":23.0,"enemies":"Gremlin Leader","floor":30.0,"turns":4.0},{"damage":18.0,"enemies":"Snecko","floor":31.0,"turns":4.0},{"damage":20.0,"enemies":"Champ","floor":33.0,"turns":7.0},{"damage":8.0,"enemies":"3 Shapes","floor":35.0,"turns":4.0},{"damage":16.0,"enemies":"Orb Walker","floor":39.0,"turns":3.0},{"damage":18.0,"enemies":"2 Orb Walkers","floor":41.0,"turns":3.0},{"damage":11.0,"enemies":"Maw","floor":45.0,"turns":6.0},{"damage":16.0,"enemies":"Sphere and 2 Shapes","floor":46.0,"turns":5.0},{"damage":4.0,"enemies":"Reptomancer","floor":48.0,"turns":5.0},{"damage":45,"enemies":"Donu and Deca","floor":50,"turns":8}],"seed_played":"5832993167883907196","potions_obtained":[{"floor":6.0,"key":"Energy Potion"},{"floor":11.0,"key":"FearPotion"},{"floor":16.0,"key":"Ancient Potion"},{"floor":18.0,"key":"Explosive Potion"},{"floor":21.0,"key":"PowerPotion"},{"floor":33.0,"key":"SkillPotion"},{"floor":37.0,"key":"EntropicBrew"},{"floor":37.0,"key":"Explosive Potion"}],"is_trial":false,"path_per_floor":["M","M","$","?","M","E","$","R","T","?","E","$","?","M","R","B",null,"M","$","M","M","M","R","?","$","T","M","R","?","E","M","R","B",null,"M","$","?","$","M","R","E","R","T","$","M","M","R","M","R","B"],"character_chosen":"IRONCLAD","items_purchased":["Thunderclap","PreservedInsect","Pen Nib","Shrug It Off","Weak Potion"],"campfire_rested":2,"item_purchase_floors":[12,19,36,36,44],"current_hp_per_floor":[79,79,79,79,80,50,50,50,50,43,49,49,49,55,55,49,80,62,62,52,41,38,38,38,38,38,52,76,76,59,47,47,45,80,78,78,78,78,68,77,65,74,74,74,69,59,80,80,80,53],"gold":105,"neow_bonus":"ONE_RARE_RELIC","is_prod":false,"is_daily":false,"chose_seed":false,"campfire_upgraded":7,"win_rate":0,"timestamp":1539473246,"path_taken":["M","M","$","?","M","E","$","R","T","?","E","$","?","M","R","BOSS","M","$","M","M","M","R","?","$","T","M","R","?","E","M","R","BOSS","M","$","?","$","M","R","E","R","T","$","M","M","R","M","R","BOSS"],"build_version":"2018-10-11","purchased_purges":1,"victory":true,"max_hp_per_floor":[80,80,80,80,80,80,80,80,80,80,80,80,80,80,80,80,80,80,80,80,80,80,80,80,80,80,80,80,80,80,80,80,80,80,80,80,80,80,80,80,80,80,80,80,80,80,80,80,80,80],"card_choices":[{"not_picked":["Pommel Strike","Body Slam"],"picked":"Twin Strike","floor":1.0},{"not_picked":["Perfected Strike","Iron Wave"],"picked":"Shrug It Off","floor":2.0},{"not_picked":["Body Slam","Anger"],"picked":"Perfected Strike","floor":5.0},{"not_picked":["Warcry","Berserk","Disarm"],"picked":"SKIP","floor":6.0},{"not_picked":["Anger","Evolve"],"picked":"Twin Strike","floor":11.0},{"not_picked":["True Grit","Intimidate","Pommel Strike"],"picked":"SKIP","floor":14.0},{"not_picked":["Dark Embrace","Limit Break"],"picked":"Demon Form","floor":16.0},{"not_picked":["Havoc","Uppercut+1","Intimidate"],"picked":"SKIP","floor":18.0},{"not_picked":["Cleave","Havoc","True Grit"],"picked":"SKIP","floor":20.0},{"not_picked":["Dark Embrace","Headbutt"],"picked":"Twin Strike+1","floor":21.0},{"not_picked":["Wild Strike","Sentinel+1","Evolve"],"picked":"SKIP","floor":22.0},{"not_picked":["Inflame","Spot Weakness","Clothesline"],"picked":"SKIP","floor":27.0},{"not_picked":["Reckless Charge","Fiend Fire","Sever Soul"],"picked":"SKIP","floor":30.0},{"not_picked":["Armaments","Headbutt+1"],"picked":"Heavy Blade","floor":31.0},{"not_picked":["Havoc+1","Pummel","True Grit+1"],"picked":"SKIP","floor":35.0},{"not_picked":["Clash+1","Reckless Charge+1","Heavy Blade+1"],"picked":"SKIP","floor":39.0},{"not_picked":["Thunderclap","Cleave","Iron Wave"],"picked":"SKIP","floor":41.0},{"not_picked":["Heavy Blade+1","Metallicize+1","Clash+1"],"picked":"SKIP","floor":45.0},{"not_picked":["Anger","Rampage+1","Evolve+1"],"picked":"SKIP","floor":46.0},{"not_picked":["Second Wind+1","Carnage+1"],"picked":"Body Slam","floor":48.0}],"player_experience":408797,"relics_obtained":[{"floor":6.0,"key":"Gambling Chip"},{"floor":9.0,"key":"Thread and Needle"},{"floor":11.0,"key":"Anchor"},{"floor":26.0,"key":"Meat on the Bone"},{"floor":30.0,"key":"Bag of Marbles"},{"floor":41.0,"key":"Dodecahedron"},{"floor":43.0,"key":"Bronze Scales"}],"event_choices":[{"event_name":"Upgrade Shrine","player_choice":"Upgraded","floor":4.0,"damage_taken":0.0},{"event_name":"Scrap Ooze","player_choice":"success","floor":10.0,"damage_taken":7.0},{"event_name":"Golden Wing","player_choice":"Gained Gold","floor":13.0,"damage_taken":0.0},{"event_name":"Drug Dealer","player_choice":"Inject Mutagens","floor":24.0,"damage_taken":0.0},{"event_name":"Duplicator","player_choice":"One dupe","floor":29.0,"damage_taken":0.0},{"event_name":"The Lab","player_choice":"Got Potions","floor":37.0,"damage_taken":0.0}],"is_beta":false,"boss_relics":[{"not_picked":["Empty Cage","Calling Bell"],"picked":"Lizard Tail"},{"not_picked":["Black Star","White Beast Statue"],"picked":"Eternal Feather"}],"items_purged_floors":[25],"is_endless":false,"potions_floor_spawned":[6,11,16,18,21,33,39],"ascension_level":0}