{"path_per_floor":["M","?","M","M","M","R","M","R","T","?","$","R","?","M","R","B",null,"M","M","$","M","?","R","M","R","T","R","M","?","R","$","R","B",null,"M","M","?","?","$","R","?","?","T","M","R","?","R","?","R","B"],"character_chosen":"THE_SILENT","items_purchased":["Adrenaline","Mercury Hourglass"],"gold_per_floor":[13,13,32,52,65,65,80,80,80,80,5,5,5,24,24,124,154,140,159,86,103,28,28,38,38,65,65,84,118,118,18,18,120,120,139,154,376,376,8,8,8,8,31,46,46,46,46,46,46,46],"floor_reached":51,"campfire_rested":0,"playtime":5140,"current_hp_per_floor":[70,70,70,69,69,69,69,69,83,67,67,67,64,64,64,55,89,85,85,85,85,85,85,85,85,85,85,85,85,85,85,85,81,89,89,89,89,79,79,79,79,79,79,79,79,79,79,79,79,42],"items_purged":["Defend_G","Strike_G","Defend_G"],"gold":46,"score":458,"play_id":"135e9a17-eecd-480f-873e-77191ac50613","is_prod":false,"is_daily":false,"is_ascension_mode":false,"campfire_upgraded":13,"path_taken":["M","?","M","M","M","R","M","R","T","?","$","R","?","M","R","BOSS","M","M","$","M","?","R","M","R","T","R","M","?","R","?","R","BOSS","M","M","?","?","$","R","?","?","T","M","R","?","R","?","R","BOSS"],"build_version":"2018-02-05-BETA1","purchased_purges":3,"victory":true,"master_deck":["Defend_G","Defend_G","Strike_G+1","Strike_G+1","Survivor","Neutralize+1","Bullet Time+1","Leg Sweep+1","Acrobatics+1","Backflip+1","Flying Knee+1","Bouncing Flask+1","Adrenaline+1","Adrenaline+1","Predator+1","Caltrops+1","Escape Plan","After Image+1","Dagger Spray+1","Madness","Madness+1","Bullet Time+1"],"max_hp_per_floor":[70,70,70,70,70,70,70,70,84,84,84,84,84,84,84,84,89,89,89,89,89,89,89,89,89,89,89,89,89,89,89,89,89,89,89,89,89,89,89,89,89,89,89,89,89,89,89,89,89,89],"relics":["Ring of the Snake","Mango","Oddly Smooth Stone","Tiny House","Juzu Bracelet","Red Mask","Sozu","Mercury Hourglass","Omamori"],"card_choices":[{"not_picked":["Tools of the Trade","Phantasmal Killer"],"picked":"Bullet Time"},{"not_picked":["Dodge and Roll","Calculated Gamble"],"picked":"Leg Sweep"},{"not_picked":["Poisoned Stab","Dagger Throw"],"picked":"Acrobatics"},{"not_picked":["Riddle With Holes","Sucker Punch"],"picked":"Backflip"},{"not_picked":["Dodge and Roll","Poisoned Stab"],"picked":"Flying Knee"},{"not_picked":["Sucker Punch","PiercingWail"],"picked":"Bouncing Flask"},{"not_picked":["Doppelganger","Envenom"],"picked":"Adrenaline"},{"not_picked":["Finisher","Dodge and Roll"],"picked":"Predator"},{"not_picked":["Catalyst","Cloak And Dagger"],"picked":"Caltrops"},{"not_picked":["Backflip","Crippling Poison"],"picked":"Escape Plan"},{"not_picked":["Glass Knife","Doppelganger"],"picked":"After Image"},{"not_picked":["Dodge and Roll","Outmaneuver"],"picked":"Dagger Spray"}],"player_experience":246597,"potions_floor_usage":[16,18,29],"damage_taken":[{"damage":0,"enemies":"2 Louse","floor":1,"turns":3},{"damage":0,"enemies":"Blue Slaver","floor":3,"turns":5},{"damage":1,"enemies":"Cultist","floor":4,"turns":6},{"damage":0,"enemies":"2 Fungi Beasts","floor":5,"turns":7},{"damage":0,"enemies":"Looter","floor":7,"turns":3},{"damage":0,"enemies":"Exordium Wildlife","floor":14,"turns":3},{"damage":9,"enemies":"Slime Boss","floor":16,"turns":16},{"damage":4,"enemies":"2 Thieves","floor":18,"turns":4},{"damage":0,"enemies":"Shell Parasite","floor":19,"turns":4},{"damage":0,"enemies":"3 Cultists","floor":21,"turns":6},{"damage":0,"enemies":"Chosen and Byrds","floor":24,"turns":4},{"damage":0,"enemies":"Sentry and Sphere","floor":28,"turns":3},{"damage":0,"enemies":"Masked Bandits","floor":29,"turns":2},{"damage":4,"enemies":"Automaton","floor":33,"turns":8},{"damage":0,"enemies":"3 Darklings","floor":35,"turns":4},{"damage":0,"enemies":"Flame Bruiser 1 Orb","floor":36,"turns":3},{"damage":0,"enemies":"3 Darklings","floor":44,"turns":2},{"damage":37,"enemies":"Awakened One","floor":50,"turns":12}],"event_choices":[{"event_name":"Bonfire Elementals","player_choice":"BASIC","floor":2,"damage_taken":0},{"event_name":"Shining Light","player_choice":"Entered Light","floor":10,"damage_taken":0},{"event_name":"Scrap Ooze","player_choice":"success","floor":13,"damage_taken":3},{"event_name":"Beggar","player_choice":"Gave Gold","floor":22,"damage_taken":0},{"event_name":"Masked Bandits","player_choice":"Fought over 84 gold","floor":29,"damage_taken":0},{"event_name":"Tomb of Lord Red Mask","player_choice":"Wore Mask","floor":37,"damage_taken":0},{"event_name":"Winding Halls","player_choice":"Embrace Madness","floor":38,"damage_taken":0},{"event_name":"Mysterious Sphere","player_choice":"Ignore","floor":42,"damage_taken":0},{"event_name":"Duplicator","player_choice":"One dupe","floor":46,"damage_taken":0},{"event_name":"The Lab","player_choice":"Got Potions","floor":48,"damage_taken":0}],"boss_relics":[{"not_picked":["Runic Dome","Runic Pyramid"],"picked":"Tiny House"},{"not_picked":["Philosopher\u0027s Stone","Black Star"],"picked":"Sozu"}],"potions_floor_spawned":[4,5,14,28,29,44],"seed_played":"-7044116562116470966","ascension_level":0,"is_trial":false}