{"gold_per_floor":[109,109,109,190,190,190,201,236,236,249,25,37,37,81,81,211,211,235,248,248,273,121,121,53,53,79,94,70,89,89,188,188,319,319,344,363,379,393,393,393,246,246,300,175,210,60,60,78,78,78],"floor_reached":51,"playtime":1293,"items_purged":["Strike_R","Strike_R","Strike_R","Strike_R+1"],"score":908,"play_id":"ba89abf3-0425-4ada-91a4-a3866c4797c0","local_time":"20190707175511","is_ascension_mode":false,"campfire_choices":[{"data":"Defend_R","floor":6,"key":"SMITH"},{"data":"Body Slam","floor":15,"key":"SMITH"},{"data":"Body Slam","floor":23,"key":"SMITH"},{"data":"Entrench","floor":25,"key":"SMITH"},{"data":"Entrench","floor":30,"key":"SMITH"},{"data":"Ghostly Armor","floor":32,"key":"SMITH"},{"data":"Shrug It Off","floor":40,"key":"SMITH"},{"data":"Shrug It Off","floor":42,"key":"SMITH"},{"data":"Bash","floor":49,"key":"SMITH"}],"neow_cost":"NONE","seed_source_timestamp":63905746794300,"circlet_count":0,"master_deck":["Strike_R+1","Defend_R","Defend_R","Defend_R+1","Bash+1","Body Slam+1","Entrench+1","Body Slam+1","Body Slam+1","Ghostly Armor+1","Entrench+1","Body Slam+1","Shrug It Off+1","Shrug It Off+1"],"relics":["Black Blood","NeowsBlessing","Shuriken","Singing Bowl","Dodecahedron","Bronze Scales","Golden Idol","Bag of Preparation","Runic Pyramid","Strawberry","Red Skull","Blue Candle"],"potions_floor_usage":[14,16,21,50,50,50],"damage_taken":[{"damage":0,"enemies":"2 Louse","floor":1,"turns":1},{"damage":0,"enemies":"Jaw Worm","floor":7,"turns":1},{"damage":1,"enemies":"3 Sentries","floor":8,"turns":2},{"damage":0,"enemies":"Small Slimes","floor":10,"turns":4},{"damage":0,"enemies":"Gremlin Gang","floor":12,"turns":5},{"damage":5,"enemies":"Gremlin Nob","floor":14,"turns":4},{"damage":44,"enemies":"Hexaghost","floor":16,"turns":9},{"damage":0,"enemies":"Chosen","floor":18,"turns":3},{"damage":0,"enemies":"Shell Parasite","floor":19,"turns":6},{"damage":0,"enemies":"3 Cultists","floor":21,"turns":5},{"damage":21,"enemies":"Snake Plant","floor":27,"turns":3},{"damage":0,"enemies":"Centurion and Healer","floor":29,"turns":5},{"damage":53,"enemies":"Automaton","floor":33,"turns":10},{"damage":0,"enemies":"3 Shapes","floor":35,"turns":2},{"damage":0,"enemies":"3 Darklings","floor":36,"turns":6},{"damage":0,"enemies":"4 Shapes","floor":37,"turns":3},{"damage":0,"enemies":"Sphere and 2 Shapes","floor":38,"turns":4},{"damage":0,"enemies":"Giant Head","floor":45,"turns":3},{"damage":0,"enemies":"Spire Growth","floor":48,"turns":2},{"damage":0,"enemies":"Awakened One","floor":50,"turns":6}],"seed_played":"793848251313029889","potions_obtained":[{"floor":8,"key":"Swift Potion"},{"floor":10,"key":"LiquidBronze"},{"floor":16,"key":"Ancient Potion"},{"floor":18,"key":"AttackPotion"},{"floor":33,"key":"EssenceOfSteel"},{"floor":36,"key":"SteroidPotion"},{"floor":45,"key":"Swift Potion"}],"is_trial":false,"path_per_floor":["M","$","?","T","?","R","M","E","T","M","$","M","?","E","R","B",null,"M","M","?","M","$","R","$","R","T","M","$","M","R","?","R","B",null,"M","M","M","M","?","R","$","R","T","$","E","$","?","M","R","B",null],"character_chosen":"IRONCLAD","items_purchased":["Entrench","Bronze Scales","Ghostly Armor","Entrench","Shrug It Off","Shrug It Off"],"campfire_rested":0,"item_purchase_floors":[11,11,22,24,28,41],"current_hp_per_floor":[80,80,64,64,64,64,70,77,77,84,84,84,78,80,80,44,82,84,86,86,88,88,88,88,88,95,80,80,88,88,88,88,43,99,101,103,105,107,107,107,107,107,107,107,109,109,109,111,111,111],"gold":78,"neow_bonus":"THREE_ENEMY_KILL","is_prod":false,"is_daily":false,"chose_seed":false,"campfire_upgraded":9,"win_rate":0,"timestamp":1562511311,"path_taken":["M","$","?","?","?","R","M","E","T","M","$","M","?","E","R","BOSS","M","M","?","?","$","R","?","R","T","M","$","M","R","?","R","BOSS","M","M","M","M","?","R","$","R","T","$","E","$","?","M","R","BOSS"],"build_version":"2019-07-05","purchased_purges":4,"victory":true,"max_hp_per_floor":[80,80,80,80,80,80,80,82,82,84,84,84,78,80,80,82,82,84,86,86,88,88,88,88,88,95,95,95,97,97,97,97,99,99,101,103,105,107,107,107,107,107,107,107,109,109,109,111,111,111],"card_choices":[{"not_picked":["Clash","Seeing Red","Power Through"],"picked":"SKIP","floor":1},{"not_picked":["Wild Strike","Searing Blow"],"picked":"Body Slam","floor":7},{"not_picked":["Sentinel","True Grit","Reckless Charge"],"picked":"Singing Bowl","floor":8},{"not_picked":["Pommel Strike","Clash","Twin Strike"],"picked":"Singing Bowl","floor":10},{"not_picked":["Iron Wave","Pummel"],"picked":"Body Slam","floor":12},{"not_picked":["Burning Pact","Iron Wave","Perfected Strike"],"picked":"Singing Bowl","floor":14},{"not_picked":["Fiend Fire","Immolate","Exhume"],"picked":"Singing Bowl","floor":16},{"not_picked":["Hemokinesis","Sentinel","Twin Strike"],"picked":"Singing Bowl","floor":18},{"not_picked":["Twin Strike+1","Headbutt","Cleave"],"picked":"Singing Bowl","floor":19},{"not_picked":["Sword Boomerang+1","Rage","Combust"],"picked":"Singing Bowl","floor":21},{"not_picked":["True Grit","Exhume"],"picked":"Body Slam+1","floor":27},{"not_picked":["Sword Boomerang+1","Perfected Strike","Anger+1"],"picked":"Singing Bowl","floor":29},{"not_picked":["Demon Form","Immolate","Berserk"],"picked":"Singing Bowl","floor":33},{"not_picked":["Clash","Flex","Cleave+1"],"picked":"Singing Bowl","floor":35},{"not_picked":["Reckless Charge+1","Havoc","Burning Pact+1"],"picked":"Singing Bowl","floor":36},{"not_picked":["Carnage+1","Warcry","True Grit"],"picked":"Singing Bowl","floor":37},{"not_picked":["Infernal Blade","Sword Boomerang+1","True Grit+1"],"picked":"Singing Bowl","floor":38},{"not_picked":["Body Slam","Wild Strike+1","Second Wind+1"],"picked":"Singing Bowl","floor":45},{"not_picked":["Wild Strike+1","Warcry+1","Armaments"],"picked":"Singing Bowl","floor":48}],"player_experience":680310,"relics_obtained":[{"floor":4,"key":"Shuriken"},{"floor":8,"key":"Singing Bowl"},{"floor":9,"key":"Dodecahedron"},{"floor":14,"key":"Bag of Preparation"},{"floor":26,"key":"Strawberry"},{"floor":43,"key":"Red Skull"},{"floor":45,"key":"Blue Candle"}],"event_choices":[{"damage_healed":0,"gold_gain":0,"player_choice":"Entered Light","damage_taken":16,"max_hp_gain":0,"max_hp_loss":0,"event_name":"Shining Light","floor":3,"gold_loss":0,"cards_upgraded":["Strike_R","Strike_R"]},{"damage_healed":0,"gold_gain":0,"player_choice":"Leave","damage_taken":0,"max_hp_gain":0,"max_hp_loss":0,"event_name":"The Cleric","floor":5,"gold_loss":0},{"damage_healed":0,"gold_gain":0,"player_choice":"Lose Max HP","damage_taken":0,"relics_obtained":["Golden Idol"],"max_hp_gain":0,"max_hp_loss":6,"event_name":"Golden Idol","floor":13,"gold_loss":0},{"damage_healed":0,"gold_gain":0,"player_choice":"Copied","damage_taken":0,"max_hp_gain":0,"max_hp_loss":0,"event_name":"Duplicator","floor":20,"gold_loss":0,"cards_obtained":["Body Slam"]},{"damage_healed":0,"gold_gain":99,"player_choice":"Stole From Cult","damage_taken":0,"max_hp_gain":0,"max_hp_loss":0,"event_name":"Nest","floor":31,"gold_loss":0},{"cards_removed":["Defend_R"],"damage_healed":0,"gold_gain":0,"player_choice":"Removed Skill","damage_taken":0,"max_hp_gain":0,"max_hp_loss":0,"event_name":"Falling","floor":39,"gold_loss":0},{"damage_healed":0,"gold_gain":0,"player_choice":"Ignored","damage_taken":0,"max_hp_gain":0,"max_hp_loss":0,"event_name":"Mysterious Sphere","floor":47,"gold_loss":0}],"is_beta":false,"boss_relics":[{"not_picked":["Pandora\u0027s Box","Orrery"],"picked":"Runic Pyramid"},{"not_picked":["Runic Cube","Eternal Feather"],"picked":"Black Blood"}],"items_purged_floors":[22,41,44,46],"is_endless":false,"potions_floor_spawned":[8,10,16,18,33,36,38,45],"ascension_level":0}