{"gold_per_floor":[366,379,379,22,42,42,83,108,135,135,170,191,229,254,254,379,379,402,501,13,13,29,29,69,69,142,142,206,231,270,19,19,138,138,159,231,231,251,315,358,358,402,402,417,177,193,9,9,9,9,9,9,9,43,43],"floor_reached":55,"playtime":5200,"items_purged":["Strike_B","Defend_B","Normality","Parasite"],"score":1071,"play_id":"60cefc07-5be7-4375-9756-8d2e7630c8e5","local_time":"20190728214631","is_ascension_mode":true,"campfire_choices":[{"floor":6,"key":"RECALL"},{"data":"Defragment","floor":15,"key":"SMITH"},{"data":"Glacier","floor":23,"key":"SMITH"},{"data":"Electrodynamics","floor":32,"key":"SMITH"},{"data":"Loop","floor":41,"key":"SMITH"},{"data":"Heatsinks","floor":49,"key":"SMITH"},{"data":"Defragment","floor":52,"key":"SMITH"}],"neow_cost":"PERCENT_DAMAGE","seed_source_timestamp":1318086496902302,"circlet_count":0,"master_deck":["Strike_B+1","Strike_B+1","Strike_B","Defend_B","Zap","Dualcast","Cold Snap","Chill+1","Turbo","Echo Form","Defragment+1","Lockon","Heatsinks+1","Defragment+1","Force Field","Electrodynamics+1","Redo+1","Multi-Cast+1","Echo Form","Glacier+1","Defragment+1","FTL","Redo","Double Energy","All For One","Conserve Battery+1","Hologram+1","Loop+1","Self Repair+1","Storm+1","Beam Cell+1","Storm","Heatsinks"],"relics":["Cracked Core","Golden Idol","Runic Capacitor","Bag of Preparation","Blood Vial","Whetstone","Odd Mushroom","Philosopher\u0027s Stone","Happy Flower","Mercury Hourglass","PreservedInsect","Darkstone Periapt","Tiny Chest","Lantern","Membership Card","Cursed Key","Sundial","Ginger","War Paint","Ancient Tea Set","Ornamental Fan","Bronze Scales","TheAbacus","Oddly Smooth Stone","Pear"],"potions_floor_usage":[7,11,16,29,33,39,50,50,55],"damage_taken":[{"damage":1,"enemies":"2 Louse","floor":1,"turns":2},{"damage":0,"enemies":"Small Slimes","floor":2,"turns":2},{"damage":0,"enemies":"Cultist","floor":5,"turns":3},{"damage":13,"enemies":"Lagavulin","floor":7,"turns":8},{"damage":13,"enemies":"3 Louse","floor":8,"turns":3},{"damage":0,"enemies":"3 Sentries","floor":11,"turns":9},{"damage":5,"enemies":"Exordium Wildlife","floor":12,"turns":4},{"damage":3,"enemies":"The Mushroom Lair","floor":13,"turns":4},{"damage":0,"enemies":"Large Slime","floor":14,"turns":5},{"damage":19,"enemies":"The Guardian","floor":16,"turns":8},{"damage":11,"enemies":"Spheric Guardian","floor":18,"turns":5},{"damage":22,"enemies":"Shell Parasite","floor":22,"turns":4},{"damage":18,"enemies":"Gremlin Leader","floor":24,"turns":5},{"damage":0,"enemies":"Slavers","floor":28,"turns":5},{"damage":0,"enemies":"Shelled Parasite and Fungi","floor":29,"turns":6},{"damage":0,"enemies":"Gremlin Leader","floor":30,"turns":3},{"damage":3,"enemies":"Champ","floor":33,"turns":10},{"damage":8,"enemies":"3 Shapes","floor":35,"turns":3},{"damage":9,"enemies":"Orb Walker","floor":38,"turns":4},{"damage":16,"enemies":"2 Orb Walkers","floor":39,"turns":3},{"damage":0,"enemies":"Giant Head","floor":40,"turns":7},{"damage":0,"enemies":"Reptomancer","floor":42,"turns":4},{"damage":23,"enemies":"Transient","floor":44,"turns":5},{"damage":10,"enemies":"Writhing Mass","floor":46,"turns":2},{"damage":48,"enemies":"Time Eater","floor":50,"turns":6},{"damage":58,"enemies":"Shield and Spear","floor":54,"turns":5},{"damage":40,"enemies":"The Heart","floor":55,"turns":3}],"seed_played":"460475425802680863","potions_obtained":[{"floor":2,"key":"FocusPotion"},{"floor":5,"key":"Weak Potion"},{"floor":7,"key":"FearPotion"},{"floor":12,"key":"AttackPotion"},{"floor":18,"key":"EssenceOfSteel"},{"floor":27,"key":"PowerPotion"},{"floor":27,"key":"Weak Potion"},{"floor":33,"key":"AttackPotion"},{"floor":35,"key":"AttackPotion"},{"floor":39,"key":"LiquidBronze"},{"floor":44,"key":"Explosive Potion"}],"is_trial":false,"path_per_floor":["M","M","?","$","M","R","E","M","T","?","E","M","?","M","R","B",null,"M","?","$","?","M","R","E","?","T","?","E","M","E","$","R","B",null,"M","T","?","M","?","E","R","E","T","M","$","M","$","?","R","B",null,"R","$","E","B"],"character_chosen":"DEFECT","items_purchased":["Runic Capacitor","Bag of Preparation","Happy Flower","Mercury Hourglass","Membership Card","Bronze Scales","TheAbacus","Oddly Smooth Stone","Storm"],"campfire_rested":0,"item_purchase_floors":[4,4,20,20,31,45,45,47,47],"current_hp_per_floor":[53,53,53,53,53,53,40,29,29,29,31,28,27,29,29,12,69,58,58,58,58,38,38,22,45,45,45,47,49,51,51,51,50,69,61,67,67,60,46,48,48,70,76,65,65,57,57,57,57,11,74,74,74,36,0],"gold":43,"neow_bonus":"TWO_FIFTY_GOLD","is_prod":false,"is_daily":false,"chose_seed":false,"campfire_upgraded":6,"win_rate":0,"timestamp":1564368391,"path_taken":["M","M","?","$","M","R","E","M","T","?","E","?","?","M","R","BOSS","M","?","$","?","M","R","E","?","T","?","E","M","E","$","R","BOSS","M","?","?","?","?","E","R","E","T","M","$","M","$","?","R","BOSS","R","$","E","BOSS"],"build_version":"2019-07-17","purchased_purges":4,"victory":false,"max_hp_per_floor":[75,75,69,69,69,69,69,69,69,69,69,69,69,69,69,69,69,69,69,69,69,69,69,69,69,69,69,69,69,69,69,69,69,69,69,75,75,75,75,75,75,75,81,81,81,81,78,74,74,74,74,74,74,84,84],"card_choices":[{"not_picked":["Barrage","Hologram"],"picked":"Cold Snap","floor":1},{"not_picked":["Storm","Steam"],"picked":"Chill","floor":2},{"not_picked":["Compile Driver","Hologram"],"picked":"Turbo","floor":5},{"not_picked":["Auto Shields","Machine Learning"],"picked":"Echo Form","floor":7},{"not_picked":["Auto Shields","Steam Power"],"picked":"Defragment","floor":8},{"not_picked":["Rebound","Steam Power"],"picked":"Lockon","floor":11},{"not_picked":["Leap","Lockon"],"picked":"Heatsinks","floor":12},{"not_picked":["Cold Snap","Undo"],"picked":"Defragment","floor":13},{"not_picked":["Hello World","Turbo"],"picked":"Force Field","floor":14},{"not_picked":["Reboot","Machine Learning"],"picked":"Electrodynamics","floor":16},{"not_picked":["Hologram","Static Discharge"],"picked":"Redo+1","floor":18},{"not_picked":["Coolheaded","Stack"],"picked":"Glacier","floor":22},{"not_picked":["Rebound","Beam Cell"],"picked":"Defragment","floor":24},{"not_picked":["Sweeping Beam","Fission"],"picked":"FTL","floor":28},{"not_picked":["Leap","Auto Shields"],"picked":"Redo","floor":29},{"not_picked":["Beam Cell","Defragment"],"picked":"Double Energy","floor":30},{"not_picked":["Rainbow","Hyperbeam"],"picked":"All For One","floor":33},{"not_picked":["Redo","Compile Driver+1"],"picked":"Conserve Battery","floor":35},{"not_picked":["Scrape","Conserve Battery+1"],"picked":"Hologram+1","floor":38},{"not_picked":["Barrage+1","Rebound"],"picked":"Loop","floor":39},{"not_picked":["Gash","Redo"],"picked":"Self Repair+1","floor":40},{"not_picked":["Reprogram+1","Leap","Rainbow"],"picked":"SKIP","floor":42},{"not_picked":["Beam Cell+1","Leap"],"picked":"Storm+1","floor":44},{"not_picked":["Coolheaded+1","Stack"],"picked":"Beam Cell+1","floor":46},{"not_picked":["Biased Cognition","Fusion+1"],"picked":"Heatsinks","floor":54}],"player_experience":98975,"relics_obtained":[{"floor":7,"key":"Blood Vial"},{"floor":11,"key":"Whetstone"},{"floor":13,"key":"Odd Mushroom"},{"floor":24,"key":"PreservedInsect"},{"floor":26,"key":"Darkstone Periapt"},{"floor":28,"key":"Tiny Chest"},{"floor":30,"key":"Lantern"},{"floor":36,"key":"Sundial"},{"floor":39,"key":"Ginger"},{"floor":40,"key":"War Paint"},{"floor":42,"key":"Ancient Tea Set"},{"floor":43,"key":"Ornamental Fan"},{"floor":54,"key":"Pear"}],"event_choices":[{"damage_healed":0,"gold_gain":0,"player_choice":"Lose Max HP","damage_taken":0,"relics_obtained":["Golden Idol"],"max_hp_gain":0,"max_hp_loss":6,"event_name":"Golden Idol","floor":3,"gold_loss":0},{"damage_healed":0,"gold_gain":0,"player_choice":"Upgraded","damage_taken":0,"max_hp_gain":0,"max_hp_loss":0,"event_name":"Upgrade Shrine","floor":10,"gold_loss":0,"cards_upgraded":["Chill"]},{"damage_healed":0,"gold_gain":0,"player_choice":"Fought Mushrooms","damage_taken":0,"max_hp_gain":0,"max_hp_loss":0,"event_name":"Mushrooms","floor":13,"gold_loss":0},{"damage_healed":0,"gold_gain":99,"player_choice":"Stole From Cult","damage_taken":0,"max_hp_gain":0,"max_hp_loss":0,"event_name":"Nest","floor":19,"gold_loss":0},{"damage_healed":0,"gold_gain":0,"cards_transformed":["Defend_B","Defend_B"],"player_choice":"Became Test Subject","damage_taken":0,"max_hp_gain":0,"max_hp_loss":0,"event_name":"Drug Dealer","floor":21,"gold_loss":0,"cards_obtained":["Multi-Cast","Echo Form"]},{"damage_healed":23,"gold_gain":0,"player_choice":"Heal","damage_taken":0,"max_hp_gain":0,"max_hp_loss":0,"event_name":"The Library","floor":25,"gold_loss":0},{"damage_healed":0,"gold_gain":0,"player_choice":"Got Potions","damage_taken":0,"max_hp_gain":0,"max_hp_loss":0,"event_name":"Lab","floor":27,"gold_loss":0},{"damage_healed":0,"gold_gain":0,"player_choice":"Upgraded","damage_taken":0,"max_hp_gain":0,"max_hp_loss":0,"event_name":"Upgrade Shrine","floor":37,"gold_loss":0,"cards_upgraded":["Defragment"]},{"damage_healed":0,"gold_gain":0,"player_choice":"Fight","damage_taken":0,"max_hp_gain":0,"max_hp_loss":0,"event_name":"Mysterious Sphere","floor":39,"gold_loss":0},{"damage_healed":0,"gold_gain":0,"player_choice":"Max HP","damage_taken":0,"max_hp_gain":0,"max_hp_loss":4,"event_name":"Winding Halls","floor":48,"gold_loss":0}],"is_beta":false,"boss_relics":[{"not_picked":["Runic Dome","Empty Cage"],"picked":"Philosopher\u0027s Stone"},{"not_picked":["FrozenCore","Busted Crown"],"picked":"Cursed Key"}],"items_purged_floors":[20,31,45,47],"is_endless":false,"potions_floor_spawned":[2,5,7,12,18,28,33,35,39,44],"killed_by":"The Heart","ascension_level":3}