{"gold_per_floor":[116,116,116,133,98,124,138,138,138,152,26,37,53,84,84,189,189,200,100,199,212,232,232,232,232],"floor_reached":25,"playtime":750,"items_purged":["Strike_B","Normality"],"score":238,"play_id":"286d1456-fe29-4b8d-9952-d673c0609b03","local_time":"20190724180923","is_ascension_mode":false,"campfire_choices":[{"data":"Machine Learning","floor":8,"key":"SMITH"},{"data":"Defragment","floor":15,"key":"SMITH"},{"data":"Echo Form","floor":23,"key":"SMITH"}],"neow_cost":"NONE","seed_source_timestamp":88494406323900,"circlet_count":0,"master_deck":["Strike_B","Strike_B","Strike_B","Defend_B","Defend_B","Defend_B","Defend_B","Zap","Dualcast","Go for the Eyes","Defragment+1","Steam","Machine Learning+1","Auto Shields","Conserve Battery","Gash","Hologram+1","Echo Form+1","Doubt","Parasite","Go for the Eyes+1","Ball Lightning+1"],"relics":["Cracked Core","NeowsBlessing","Sundial","Du-Vu Doll","Shuriken","Toxic Egg 2","Calling Bell","Boot","Molten Egg 2","Unceasing Top","MutagenicStrength"],"potions_floor_usage":[14,16],"damage_taken":[{"damage":0,"enemies":"2 Louse","floor":1,"turns":1},{"damage":0,"enemies":"Cultist","floor":4,"turns":1},{"damage":0,"enemies":"Lagavulin","floor":6,"turns":2},{"damage":2,"enemies":"Small Slimes","floor":7,"turns":3},{"damage":2,"enemies":"Blue Slaver","floor":10,"turns":5},{"damage":0,"enemies":"Looter","floor":12,"turns":4},{"damage":6,"enemies":"2 Fungi Beasts","floor":13,"turns":3},{"damage":11,"enemies":"3 Sentries","floor":14,"turns":9},{"damage":35,"enemies":"Slime Boss","floor":16,"turns":9},{"damage":15,"enemies":"Chosen","floor":18,"turns":6},{"damage":22,"enemies":"Spheric Guardian","floor":21,"turns":6},{"damage":31,"enemies":"Centurion and Healer","floor":22,"turns":13}],"seed_played":"7020206111129399210","potions_obtained":[{"floor":7,"key":"Weak Potion"},{"floor":12,"key":"AttackPotion"},{"floor":13,"key":"Weak Potion"}],"is_trial":false,"path_per_floor":["M","?","$","M","$","E","M","R","T","M","$","M","M","E","R","B",null,"M","$","?","M","M","R","?","?"],"character_chosen":"DEFECT","items_purchased":["Defragment","Conserve Battery"],"campfire_rested":0,"item_purchase_floors":[5,11],"current_hp_per_floor":[75,75,75,75,75,75,73,73,73,71,71,71,65,54,54,19,75,60,60,60,38,7,7,7,0],"gold":232,"neow_bonus":"THREE_ENEMY_KILL","is_prod":false,"is_daily":false,"chose_seed":false,"campfire_upgraded":3,"win_rate":0,"timestamp":1563980963,"path_taken":["M","?","$","M","$","E","M","R","T","M","?","M","M","E","R","BOSS","M","$","?","M","M","R","?","?"],"build_version":"2019-07-17","purchased_purges":2,"victory":false,"max_hp_per_floor":[75,75,75,75,75,75,75,75,75,75,75,75,75,75,75,75,75,75,75,75,75,75,75,75,80],"card_choices":[{"not_picked":["Steam","Gash"],"picked":"Go for the Eyes","floor":1},{"not_picked":["Compile Driver","Streamline"],"picked":"Go for the Eyes","floor":4},{"not_picked":["Rebound","Leap"],"picked":"Steam","floor":6},{"not_picked":["Leap","Conserve Battery"],"picked":"Machine Learning","floor":7},{"not_picked":["Tempest","Conserve Battery"],"picked":"Auto Shields","floor":10},{"not_picked":["Loop","Static Discharge"],"picked":"Gash","floor":12},{"not_picked":["Sweeping Beam","Lockon","Sunder"],"picked":"SKIP","floor":13},{"not_picked":["Ball Lightning","Steam"],"picked":"Hologram","floor":14},{"not_picked":["Hyperbeam","Creative AI"],"picked":"Echo Form","floor":16},{"not_picked":["Coolheaded+1","Beam Cell+1"],"picked":"Go for the Eyes+1","floor":18},{"not_picked":["Conserve Battery+1","Steam+1","Streamline+1"],"picked":"SKIP","floor":21},{"not_picked":["Barrage+1","Go for the Eyes+1"],"picked":"Ball Lightning+1","floor":22}],"player_experience":757839,"relics_obtained":[{"floor":6,"key":"Du-Vu Doll"},{"floor":9,"key":"Shuriken"},{"floor":14,"key":"Toxic Egg 2"},{"floor":17,"key":"Boot"},{"floor":17,"key":"Molten Egg 2"},{"floor":17,"key":"Unceasing Top"}],"event_choices":[{"cards_removed":["Go for the Eyes"],"damage_healed":0,"gold_gain":0,"player_choice":"Gave Card","damage_taken":0,"relics_obtained":["Sundial"],"max_hp_gain":0,"max_hp_loss":0,"event_name":"WeMeetAgain","floor":2,"gold_loss":0},{"damage_healed":0,"gold_gain":99,"player_choice":"Stole From Cult","damage_taken":0,"max_hp_gain":0,"max_hp_loss":0,"event_name":"Nest","floor":20,"gold_loss":0},{"damage_healed":0,"gold_gain":0,"player_choice":"Inject Mutagens","damage_taken":0,"relics_obtained":["MutagenicStrength"],"max_hp_gain":0,"max_hp_loss":0,"event_name":"Drug Dealer","floor":24,"gold_loss":0}],"is_beta":false,"boss_relics":[{"not_picked":["Runic Dome","Velvet Choker"],"picked":"Calling Bell"}],"items_purged_floors":[11,19],"is_endless":false,"potions_floor_spawned":[7,12,13],"ascension_level":0}