{"gold_per_floor":[368,368,293,306,320,347,366,366,391,401,417,442,542,554,554,554],"floor_reached":16,"playtime":478,"items_purged":["Strike_R"],"score":114,"play_id":"641ca15b-1806-4fc4-a065-cc684f3cd407","local_time":"20190719112214","is_ascension_mode":false,"campfire_choices":[{"data":"Defend_R","floor":8.0,"key":"SMITH"},{"data":"Bash","floor":15,"key":"SMITH"}],"neow_cost":"PERCENT_DAMAGE","seed_source_timestamp":99265290548900,"circlet_count":0,"master_deck":["Strike_R","Strike_R","Strike_R","Strike_R","Defend_R","Defend_R","Defend_R","Defend_R+1","Bash+1","Battle Trance","Dropkick","Feed"],"special_seed":0,"relics":["Burning Blood","Anchor","Blood Vial"],"potions_floor_usage":[16],"damage_taken":[{"damage":5.0,"enemies":"Jaw Worm","floor":1.0,"turns":4.0},{"damage":2.0,"enemies":"2 Louse","floor":4.0,"turns":3.0},{"damage":1.0,"enemies":"Cultist","floor":5.0,"turns":3.0},{"damage":52.0,"enemies":"Lagavulin","floor":6.0,"turns":7.0},{"damage":9.0,"enemies":"Lots of Slimes","floor":7.0,"turns":6.0},{"damage":4.0,"enemies":"3 Louse","floor":10.0,"turns":4.0},{"damage":0.0,"enemies":"2 Fungi Beasts","floor":11.0,"turns":5.0},{"damage":16.0,"enemies":"3 Sentries","floor":12.0,"turns":12.0},{"damage":5,"enemies":"Looter","floor":14,"turns":3},{"damage":23,"enemies":"Hexaghost","floor":16,"turns":6}],"seed_played":"6771844023342171234","potions_obtained":[{"floor":5.0,"key":"Weak Potion"},{"floor":7.0,"key":"Ancient Potion"},{"floor":10.0,"key":"SpeedPotion"},{"floor":11.0,"key":"Block Potion"},{"floor":14,"key":"BloodPotion"}],"is_trial":false,"path_per_floor":["M","?","$","M","M","E","M","R","T","M","M","E","?","M","R","B"],"character_chosen":"IRONCLAD","items_purchased":[],"campfire_rested":0,"item_purchase_floors":[],"current_hp_per_floor":[57,57,57,61,66,20,17,17,17,19,25,15,15,18,18,17],"gold":554,"neow_bonus":"TWO_FIFTY_GOLD","is_prod":false,"is_daily":false,"chose_seed":false,"campfire_upgraded":2,"win_rate":0,"timestamp":1563524534,"path_taken":["M","?","$","M","M","E","M","R","T","M","M","E","?","?","R","BOSS"],"build_version":"2019-07-18","purchased_purges":1,"victory":false,"max_hp_per_floor":[80,80,80,80,80,80,80,80,80,80,80,80,80,80,80,80],"card_choices":[{"not_picked":["Pommel Strike","True Grit","Anger"],"picked":"SKIP","floor":1.0},{"not_picked":["Flame Barrier","Second Wind"],"picked":"Battle Trance","floor":4.0},{"not_picked":["Havoc","Wild Strike","Corruption"],"picked":"SKIP","floor":5.0},{"not_picked":["Iron Wave","Second Wind","Perfected Strike"],"picked":"SKIP","floor":6.0},{"not_picked":["Uppercut","Shockwave","Corruption"],"picked":"SKIP","floor":7.0},{"not_picked":["Pommel Strike","Armaments","Perfected Strike"],"picked":"SKIP","floor":10.0},{"not_picked":["Perfected Strike","Iron Wave"],"picked":"Dropkick","floor":11.0},{"not_picked":["Intimidate","Cleave","Uppercut"],"picked":"SKIP","floor":12.0},{"not_picked":["Fire Breathing","Clash"],"picked":"Feed","floor":14}],"player_experience":181830,"relics_obtained":[{"floor":6.0,"key":"Anchor"},{"floor":12.0,"key":"Blood Vial"}],"event_choices":[{"damage_healed":0.0,"max_hp_gain":0.0,"max_hp_loss":0.0,"gold_gain":0.0,"event_name":"The Cleric","player_choice":"Leave","floor":2.0,"gold_loss":0.0,"damage_taken":0.0},{"damage_healed":0.0,"max_hp_gain":0.0,"max_hp_loss":0.0,"gold_gain":100.0,"event_name":"Golden Shrine","player_choice":"Pray","floor":13.0,"gold_loss":0.0,"damage_taken":0.0}],"is_beta":true,"boss_relics":[],"items_purged_floors":[3],"is_endless":false,"potions_floor_spawned":[5,7,10,11,14],"killed_by":"Hexaghost","ascension_level":0}