{"path_per_floor":["M","M","$","M","M","R","?","R","T","R","M","E","$","M","R","B",null,"M","M","?","M","$","R","?","?","T","M","R","M","$","M","R","B",null,"M","?","M","M","M","R","M","$","T","R","?","R","$","M","R"],"character_chosen":"IRONCLAD","items_purchased":["Armaments","Shrug It Off","Battle Trance","Inflame","Shockwave"],"gold_per_floor":[111,129,5,17,32,32,32,32,56,56,70,396,173,186,186,289,289,306,318,318,333,169,169,69,69,94,111,111,130,59,76,76,177,177,191,191,205,219,234,234,244,244,244,244,244,244,94,110,110],"floor_reached":50,"campfire_rested":2,"playtime":4762,"current_hp_per_floor":[80,80,80,80,78,78,78,78,78,78,80,69,69,62,62,44,80,80,73,73,53,53,53,53,53,53,37,61,76,76,66,80,43,80,70,70,67,71,66,66,80,80,80,80,80,80,80,80,80],"items_purged":["Strike_R","Strike_R","Strike_R","Defend_R"],"gold":110,"play_id":"54159b9d-e67d-4c18-a106-570b37373630","is_prod":false,"is_daily":false,"is_ascension_mode":false,"campfire_upgraded":9,"path_taken":["M","M","$","M","M","R","?","R","T","R","M","E","$","M","R","BOSS","M","M","?","M","$","R","?","?","T","M","R","M","$","M","R","BOSS","M","?","M","M","M","R","M","$","T","R","?","R","$","M","R","BOSS"],"build_version":"2018-02-02-BETA1","purchased_purges":5,"victory":false,"master_deck":["Strike_R","Defend_R","Defend_R","Defend_R","Bash","Flex","Body Slam+1","Armaments+1","Seeing Red+1","Evolve+1","Headbutt","Shrug It Off+1","Battle Trance+1","Metallicize+1","Reaper","Cleave","Iron Wave","Inflame","J.A.X.","Shockwave+1","Shrug It Off+1","Cleave","Demon Form+1","Wild Strike+1","Whirlwind+1"],"max_hp_per_floor":[80,80,80,80,80,80,80,80,80,80,80,80,80,80,80,80,80,80,80,80,80,80,80,80,80,80,80,80,80,80,80,80,80,80,80,80,80,80,80,80,80,80,80,80,80,80,80,80,80],"relics":["Burning Blood","Blood Vial","Old Coin","Sozu","Ice Cream","Happy Flower","Torii"],"card_choices":[{"not_picked":["Blood for Blood","Corruption"],"picked":"Flex"},{"not_picked":["Clothesline","Berserk"],"picked":"Body Slam"},{"not_picked":["Corruption","Heavy Blade"],"picked":"Dual Wield"},{"not_picked":["Clothesline","Second Wind"],"picked":"Seeing Red"},{"not_picked":["Sword Boomerang","Heavy Blade"],"picked":"Evolve"},{"not_picked":["Feel No Pain","Intimidate"],"picked":"Headbutt"},{"not_picked":["Combust","Power Through"],"picked":"Metallicize"},{"not_picked":["Bludgeon","Berserk"],"picked":"Reaper"},{"not_picked":["True Grit","Armaments"],"picked":"Cleave"},{"not_picked":["Cleave","Wild Strike"],"picked":"Iron Wave"},{"not_picked":["Clash","Clothesline"],"picked":"Shrug It Off"},{"not_picked":["Heavy Blade","Iron Wave"],"picked":"Demon Form"},{"not_picked":["Seeing Red","Thunderclap"],"picked":"Wild Strike"},{"not_picked":["Pommel Strike","Flame Barrier"],"picked":"Whirlwind"}],"player_experience":215291,"potions_floor_usage":[12,12],"damage_taken":[{"damage":6,"enemies":"Cultist","floor":1,"turns":3},{"damage":1,"enemies":"Jaw Worm","floor":2,"turns":5},{"damage":0,"enemies":"Small Slimes","floor":4,"turns":3},{"damage":8,"enemies":"Exordium Wildlife","floor":5,"turns":8},{"damage":1,"enemies":"2 Fungi Beasts","floor":11,"turns":4},{"damage":17,"enemies":"Lagavulin","floor":12,"turns":6},{"damage":15,"enemies":"3 Louse","floor":14,"turns":4},{"damage":26,"enemies":"Slime Boss","floor":16,"turns":8},{"damage":0,"enemies":"Chosen","floor":18,"turns":5},{"damage":13,"enemies":"Spheric Guardian","floor":19,"turns":6},{"damage":28,"enemies":"Snake Plant","floor":21,"turns":6},{"damage":32,"enemies":"Cultist and Chosen","floor":27,"turns":7},{"damage":3,"enemies":"Centurion and Healer","floor":29,"turns":5},{"damage":27,"enemies":"Snake Plant","floor":31,"turns":4},{"damage":56,"enemies":"Champ","floor":33,"turns":10},{"damage":16,"enemies":"3 Darklings","floor":35,"turns":4},{"damage":35,"enemies":"3 Shapes","floor":37,"turns":4},{"damage":19,"enemies":"Spire Growth","floor":38,"turns":5},{"damage":23,"enemies":"4 Shapes","floor":39,"turns":7},{"damage":3,"enemies":"3 Darklings","floor":41,"turns":4},{"damage":32,"enemies":"Maw","floor":48,"turns":6},{"damage":108,"enemies":"Awakened One","floor":50,"turns":7}],"event_choices":[{"event_name":"Liars Game","player_choice":"disagreed","floor":7,"damage_taken":0},{"event_name":"The Mausoleum","player_choice":"Yes","floor":20,"damage_taken":0},{"event_name":"Drug Dealer","player_choice":"Got JAXXED","floor":24,"damage_taken":0},{"event_name":"The Woman in Blue","player_choice":"Bought 0 Potions","floor":25,"damage_taken":0},{"event_name":"Transmorgrifier","player_choice":"Transform","floor":36,"damage_taken":0},{"event_name":"Upgrade Shrine","player_choice":"Upgraded","floor":45,"damage_taken":0}],"boss_relics":[{"not_picked":["Velvet Choker","Cursed Key"],"picked":"Sozu"},{"not_picked":["Pandora\u0027s Box","White Beast Statue","Snecko Eye"]}],"potions_floor_spawned":[1,11,18,29,31,37,39,41],"seed_played":"-610454751120343706","killed_by":"Awakened One","ascension_level":0,"is_trial":false}