{"gold_per_floor":[115,47,47,66,80,80,94,19,19,19,30,44,44,58,58,163,163,178,178,178,97,113,113,125,125,125,125],"floor_reached":27,"playtime":654,"items_purged":["Inflame"],"score":205,"play_id":"0c49e5e6-aaea-480c-9762-2e68ff146654","local_time":"20190703174722","is_ascension_mode":false,"campfire_choices":[{"data":"Armaments","floor":6,"key":"SMITH"},{"data":"Juggernaut","floor":13,"key":"SMITH"},{"data":"Evolve","floor":15,"key":"SMITH"},{"data":"Barricade","floor":23,"key":"SMITH"},{"data":"Entrench","floor":25,"key":"SMITH"}],"neow_cost":"TEN_PERCENT_HP_LOSS","seed_source_timestamp":92794107304900,"circlet_count":0,"master_deck":["Strike_R","Strike_R","Strike_R","Strike_R","Strike_R","Defend_R","Defend_R","Defend_R","Defend_R","Bash","Juggernaut+1","Armaments+1","Evolve+1","Barricade+1","Entrench+1","Body Slam"],"relics":["Burning Blood","Peace Pipe","Self Forming Clay","Mark of Pain","Torii","Blue Candle"],"potions_floor_usage":[16,24,24],"damage_taken":[{"damage":9,"enemies":"2 Louse","floor":1,"turns":2},{"damage":4,"enemies":"Cultist","floor":4,"turns":4},{"damage":0,"enemies":"Small Slimes","floor":5,"turns":3},{"damage":14,"enemies":"Blue Slaver","floor":7,"turns":4},{"damage":14,"enemies":"Gremlin Gang","floor":11,"turns":6},{"damage":12,"enemies":"3 Louse","floor":12,"turns":4},{"damage":7,"enemies":"Looter","floor":14,"turns":3},{"damage":37,"enemies":"Slime Boss","floor":16,"turns":11},{"damage":22,"enemies":"2 Thieves","floor":18,"turns":4},{"damage":10,"enemies":"3 Byrds","floor":22,"turns":7},{"damage":34,"enemies":"3 Cultists","floor":24,"turns":6},{"damage":21,"enemies":"Sentry and Sphere","floor":27,"turns":7}],"seed_played":"-4748617581638729808","potions_obtained":[{"floor":1,"key":"PowerPotion"},{"floor":7,"key":"SkillPotion"},{"floor":12,"key":"Swift Potion"},{"floor":16,"key":"Energy Potion"}],"is_trial":false,"path_per_floor":["M","$","?","M","M","R","M","$","T","$","M","M","R","M","R","B",null,"M","T","?","$","M","R","M","R","T","M"],"character_chosen":"IRONCLAD","items_purchased":["Inflame","Entrench"],"campfire_rested":0,"item_purchase_floors":[2,21],"current_hp_per_floor":[69,69,69,71,72,72,64,64,64,64,56,50,50,49,49,18,72,56,56,56,56,52,52,24,24,24,3],"gold":125,"neow_bonus":"ONE_RARE_RELIC","is_prod":false,"is_daily":false,"chose_seed":false,"campfire_upgraded":5,"win_rate":0,"timestamp":1562165242,"path_taken":["M","$","?","M","M","R","M","$","T","$","M","M","R","M","R","BOSS","M","?","?","$","M","R","M","R","T","M"],"build_version":"2019-07-01","purchased_purges":1,"victory":false,"max_hp_per_floor":[72,72,72,72,72,72,72,72,72,72,72,72,72,72,72,72,72,72,72,72,72,72,72,72,72,72,72],"card_choices":[{"not_picked":["Hemokinesis","Dropkick","Iron Wave"],"picked":"SKIP","floor":1},{"not_picked":["Dropkick","Bloodletting"],"picked":"Armaments","floor":4},{"not_picked":["True Grit","Havoc"],"picked":"Evolve","floor":5},{"not_picked":["Carnage","Whirlwind","Wild Strike"],"picked":"SKIP","floor":7},{"not_picked":["Disarm","Carnage","Pommel Strike"],"picked":"SKIP","floor":11},{"not_picked":["Warcry","Clash","True Grit"],"picked":"SKIP","floor":12},{"not_picked":["Cleave","Perfected Strike","Twin Strike"],"picked":"SKIP","floor":14},{"not_picked":["Juggernaut","Double Tap"],"picked":"Barricade","floor":16},{"not_picked":["Heavy Blade+1","Pommel Strike+1","Blood for Blood"],"picked":"SKIP","floor":18},{"not_picked":["Iron Wave","Cleave","Heavy Blade"],"picked":"SKIP","floor":22},{"not_picked":["Rampage","Seeing Red+1"],"picked":"Body Slam","floor":24}],"player_experience":674903,"relics_obtained":[{"floor":9,"key":"Self Forming Clay"},{"floor":19,"key":"Torii"},{"floor":26,"key":"Blue Candle"}],"event_choices":[{"damage_healed":0,"gold_gain":0,"player_choice":"1 cards matched","damage_taken":0,"max_hp_gain":0,"max_hp_loss":0,"event_name":"Match and Keep!","floor":3,"gold_loss":0,"cards_obtained":["Juggernaut"]},{"damage_healed":0,"gold_gain":0,"player_choice":"Ignored","damage_taken":0,"max_hp_gain":0,"max_hp_loss":0,"event_name":"Cursed Tome","floor":20,"gold_loss":0}],"is_beta":false,"boss_relics":[{"not_picked":["Runic Cube","Black Blood"],"picked":"Mark of Pain"}],"items_purged_floors":[8],"is_endless":false,"potions_floor_spawned":[1,7,12,16,18],"killed_by":"Sentry and Sphere","ascension_level":0}