{"gold_per_floor":[215,231,251,251,265,265,6,6,54,65,93,165,183,216,216,312,312,325,344,362,362,379,404,68,68,68,68,68,79,104,116,116,218,218,228,247,259,259],"floor_reached":38,"playtime":1412,"items_purged":[],"score":480,"play_id":"eda1818b-de42-4a4d-8bfd-7a97a6c83c52","local_time":"20180730223215","is_ascension_mode":false,"campfire_choices":[{"data":"Battle Trance","floor":6.0,"key":"SMITH"},{"data":"Bash","floor":8.0,"key":"SMITH"},{"data":"1","floor":15.0,"key":"LIFT"},{"data":"2","floor":25.0,"key":"LIFT"},{"data":"3","floor":27.0,"key":"LIFT"},{"data":"Armaments","floor":32.0,"key":"SMITH"}],"neow_cost":"NONE","seed_source_timestamp":119946484733603,"circlet_count":0,"master_deck":["Strike_R","Strike_R","Strike_R","Strike_R","Strike_R","Defend_R","Defend_R","Defend_R","Defend_R","Bash+1","Battle Trance+1","Iron Wave","Iron Wave","Flame Barrier","Shrug It Off","Iron Wave","Armaments+1","Spot Weakness","Iron Wave+1","Battle Trance","Flame Barrier","Limit Break","Evolve+1"],"special_seed":0,"relics":["Burning Blood","Anchor","Matryoshka","Lantern","Red Skull","Omamori","Girya","Sozu","Darkstone Periapt","Magic Flower","Dream Catcher","Molten Egg 2","Pear","Empty Cage"],"potions_floor_usage":[],"damage_taken":[{"damage":10.0,"enemies":"Small Slimes","floor":1.0,"turns":3.0},{"damage":8.0,"enemies":"Jaw Worm","floor":2.0,"turns":4.0},{"damage":2.0,"enemies":"2 Louse","floor":3.0,"turns":2.0},{"damage":5.0,"enemies":"Exordium Wildlife","floor":5.0,"turns":5.0},{"damage":0.0,"enemies":"2 Fungi Beasts","floor":10.0,"turns":5.0},{"damage":27.0,"enemies":"Lagavulin","floor":11.0,"turns":6.0},{"damage":4.0,"enemies":"3 Louse","floor":13.0,"turns":3.0},{"damage":5.0,"enemies":"Gremlin Nob","floor":14.0,"turns":4.0},{"damage":32.0,"enemies":"The Guardian","floor":16.0,"turns":14.0},{"damage":7.0,"enemies":"Shell Parasite","floor":18.0,"turns":5.0},{"damage":0.0,"enemies":"Chosen","floor":19.0,"turns":4.0},{"damage":25.0,"enemies":"3 Cultists","floor":20.0,"turns":7.0},{"damage":8.0,"enemies":"Centurion and Healer","floor":22.0,"turns":8.0},{"damage":0.0,"enemies":"Gremlin Leader","floor":23.0,"turns":7.0},{"damage":17.0,"enemies":"Slaver and Parasite","floor":29.0,"turns":4.0},{"damage":2.0,"enemies":"Slavers","floor":30.0,"turns":6.0},{"damage":5.0,"enemies":"Sentry and Sphere","floor":31.0,"turns":5.0},{"damage":71.0,"enemies":"Champ","floor":33.0,"turns":11.0},{"damage":6.0,"enemies":"3 Shapes","floor":35.0,"turns":7.0},{"damage":5.0,"enemies":"3 Darklings","floor":36.0,"turns":6.0},{"damage":41.0,"enemies":"Spire Growth","floor":37.0,"turns":5.0},{"damage":68,"enemies":"Maw","floor":38,"turns":8}],"seed_played":"4408450821885873063","potions_obtained":[{"floor":1.0,"key":"Fire Potion"},{"floor":5.0,"key":"PowerPotion"},{"floor":13.0,"key":"Energy Potion"}],"is_trial":false,"path_per_floor":["M","M","M","?","M","R","$","R","T","M","E","?","M","E","R","B",null,"M","M","M","?","M","E","$","R","T","R","?","M","E","M","R","B",null,"M","M","M"],"character_chosen":"IRONCLAD","items_purchased":["Matryoshka","Spot Weakness","Magic Flower"],"campfire_rested":0,"item_purchase_floors":[7,24,24],"current_hp_per_floor":[76,74,78,66,67,67,67,67,67,73,52,52,54,55,55,29,80,79,80,61,61,59,65,65,65,65,65,65,57,74,78,78,16,90,90,90,58,0],"gold":259,"neow_bonus":"HUNDRED_GOLD","is_prod":false,"is_daily":false,"chose_seed":false,"campfire_upgraded":3,"win_rate":0,"timestamp":1532979135,"path_taken":["M","M","M","?","M","R","$","R","T","M","E","?","M","E","R","BOSS","M","M","M","?","M","E","$","R","T","R","?","M","E","M","R","BOSS","M","M","M","M"],"build_version":"2018-07-26","purchased_purges":0,"victory":false,"max_hp_per_floor":[80,80,80,80,80,80,80,80,80,80,80,80,80,80,80,80,80,80,80,80,80,80,80,80,80,80,80,80,80,90,90,90,90,90,90,90,90,90],"card_choices":[{"not_picked":["Fire Breathing","Heavy Blade"],"picked":"Iron Wave","floor":1.0},{"not_picked":["Twin Strike","Hemokinesis"],"picked":"Iron Wave","floor":2.0},{"not_picked":["Armaments","Metallicize"],"picked":"Battle Trance","floor":3.0},{"not_picked":["Twin Strike","Uppercut"],"picked":"Iron Wave","floor":5.0},{"not_picked":["Battle Trance","Warcry"],"picked":"Iron Wave","floor":10.0},{"not_picked":["Fire Breathing","Body Slam"],"picked":"Flame Barrier","floor":11.0},{"not_picked":["True Grit","Flex","Rupture"],"picked":"SKIP","floor":13.0},{"not_picked":["Infernal Blade","Heavy Blade","Cleave"],"picked":"SKIP","floor":14.0},{"not_picked":["Sentinel","Twin Strike"],"picked":"Shrug It Off","floor":18.0},{"not_picked":["Twin Strike","Carnage+1"],"picked":"Iron Wave","floor":19.0},{"not_picked":["Clash+1","Clothesline"],"picked":"Armaments","floor":20.0},{"not_picked":["Reckless Charge+1","Flex","Clothesline"],"picked":"SKIP","floor":22.0},{"not_picked":["Sever Soul","True Grit","Armaments+1"],"picked":"SKIP","floor":23.0},{"not_picked":["Sword Boomerang+1","Cleave+1"],"picked":"Battle Trance","floor":29.0},{"not_picked":["Corruption","Shockwave","Fiend Fire+1"],"picked":"SKIP","floor":30.0},{"not_picked":["Clothesline+1","Armaments+1"],"picked":"Flame Barrier","floor":31.0},{"not_picked":["Offering","Demon Form"],"picked":"Limit Break","floor":33.0},{"not_picked":["Dropkick+1","Battle Trance+1","Pummel+1"],"picked":"SKIP","floor":35.0},{"not_picked":["Clothesline+1","Entrench"],"picked":"Evolve+1","floor":36.0},{"not_picked":["Sever Soul+1","True Grit+1","Carnage+1"],"picked":"SKIP","floor":37.0}],"player_experience":269099,"relics_obtained":[{"floor":9.0,"key":"Lantern"},{"floor":9.0,"key":"Red Skull"},{"floor":11.0,"key":"Omamori"},{"floor":14.0,"key":"Girya"},{"floor":23.0,"key":"Darkstone Periapt"},{"floor":26.0,"key":"Dream Catcher"},{"floor":26.0,"key":"Molten Egg 2"},{"floor":30.0,"key":"Pear"}],"event_choices":[{"event_name":"Scrap Ooze","player_choice":"success","floor":4.0,"damage_taken":12.0},{"event_name":"Golden Wing","player_choice":"Gained Gold","floor":12.0,"damage_taken":0.0},{"event_name":"Vampires","player_choice":"Ignored","floor":21.0,"damage_taken":0.0},{"event_name":"The Library","player_choice":"Read","floor":28.0,"damage_taken":0.0}],"is_beta":false,"boss_relics":[{"not_picked":["Runic Pyramid","White Beast Statue"],"picked":"Sozu"},{"not_picked":["Astrolabe","Runic Dome"],"picked":"Empty Cage"}],"items_purged_floors":[],"is_endless":false,"potions_floor_spawned":[1,5,13,14,18,19,22,23,29,33,35,36],"killed_by":"Maw","ascension_level":0}