{"path_per_floor":["M","?","?","$","M","R","?","M","T","?","$","M","M","M","R","B",null,"M","M","$","?","M","R","$","E","T","M","M","T","$"],"character_chosen":"THE_SILENT","items_purchased":["Footwork","Escape Plan","Caltrops","Regen Potion","Bandage Up","Explosive Potion"],"gold_per_floor":[117,117,292,60,76,76,151,161,161,161,37,7,27,41,41,145,145,159,176,76,76,92,92,92,127,127,137,153,176,29],"floor_reached":31,"campfire_rested":1,"playtime":3318,"current_hp_per_floor":[70,70,70,70,70,70,59,59,59,45,45,39,50,50,50,25,59,57,21,21,21,21,52,52,39,39,6,3,3,3],"items_purged":["Regret","Doubt"],"gold":29,"play_id":"3c4658b4-cb4d-4376-9ac0-47c4468d3ee4","is_prod":false,"is_daily":false,"is_ascension_mode":true,"campfire_upgraded":2,"path_taken":["M","?","?","$","M","R","?","M","T","?","?","M","M","?","R","BOSS","M","M","$","?","M","R","$","E","T","M","M","?","$","M"],"build_version":"2018-01-26-BETA1","purchased_purges":3,"victory":false,"master_deck":["Defend_G+1","Defend_G+1","Defend_G+1","Defend_G+1","Defend_G+1","Strike_G+1","Strike_G+1","Strike_G+1","Strike_G+1","Strike_G+1","Survivor+1","Neutralize","Burst+1","Prepared","Footwork+1","Escape Plan+1","Tools of the Trade","Dagger Throw","Caltrops","Slice","Footwork+1","Adrenaline","Deadly Poison","Escape Plan","Die Die Die","Bandage Up"],"max_hp_per_floor":[70,70,70,70,70,70,70,70,70,70,70,70,70,70,70,70,70,70,70,70,70,70,70,70,70,70,70,70,70,70],"relics":["Ring of the Snake","Happy Flower","Ginger","Eternal Feather","Centennial Puzzle","Unceasing Top","War Paint"],"card_choices":[{"not_picked":["Flying Knee","Crippling Poison"],"picked":"Prepared"},{"not_picked":["Quick Slash","Leg Sweep"],"picked":"Tools of the Trade"},{"not_picked":["Slice","Deadly Poison"],"picked":"Dagger Throw"},{"not_picked":["Prepared","Crippling Poison"],"picked":"Slice"},{"not_picked":["Poisoned Stab","Prepared"],"picked":"Footwork"},{"not_picked":["Corpse Explosion","Envenom"],"picked":"Adrenaline"},{"not_picked":["Cloak And Dagger","Sucker Punch"],"picked":"Deadly Poison"},{"not_picked":["Prepared","Bane"],"picked":"Escape Plan"},{"not_picked":["Outmaneuver","Bane"],"picked":"Die Die Die"}],"player_experience":76287,"potions_floor_usage":[13,16,16,18,22,27,31],"damage_taken":[{"damage":0,"enemies":"2 Louse","floor":1,"turns":3},{"damage":0,"enemies":"Jaw Worm","floor":5,"turns":6},{"damage":0,"enemies":"Small Slimes","floor":8,"turns":5},{"damage":6,"enemies":"Looter","floor":12,"turns":4},{"damage":4,"enemies":"Large Slime","floor":13,"turns":8},{"damage":0,"enemies":"3 Louse","floor":14,"turns":3},{"damage":25,"enemies":"Slime Boss","floor":16,"turns":15},{"damage":2,"enemies":"Chosen","floor":18,"turns":6},{"damage":36,"enemies":"Spheric Guardian","floor":19,"turns":8},{"damage":0,"enemies":"Snake Plant","floor":22,"turns":5},{"damage":13,"enemies":"Book of Stabbing","floor":25,"turns":8},{"damage":33,"enemies":"Centurion and Healer","floor":27,"turns":9},{"damage":3,"enemies":"3 Cultists","floor":28,"turns":7},{"damage":10,"enemies":"Snake Plant","floor":31,"turns":3}],"event_choices":[{"event_name":"Big Fish","player_choice":"Box","floor":2,"damage_taken":0},{"event_name":"Liars Game","player_choice":"agreed","floor":3,"damage_taken":0},{"event_name":"World of Goop","player_choice":"Gather Gold","floor":7,"damage_taken":0},{"event_name":"Shining Light","player_choice":"Entered Light","floor":10,"damage_taken":0},{"event_name":"Back to Basics","player_choice":"Simplicity","floor":21,"damage_taken":0}],"boss_relics":[{"not_picked":["Runic Pyramid","Lizard Tail"],"picked":"Eternal Feather"}],"potions_floor_spawned":[5,13,14,16,18,27],"seed_played":"8904396572338785786","killed_by":"Snake Plant","ascension_level":5,"is_trial":false}