{"path_per_floor":["M","$","?","$","M","E","R","E","T","M","E","R","M","T","R","B",null,"M","M","M","M","?","R","M"],"character_chosen":"THE_SILENT","items_purchased":["Footwork","Dagger Spray"],"gold_per_floor":[114,39,214,27,39,66,66,101,125,139,169,169,179,224,224,326,326,345,356,368,388,313,313,325,325],"floor_reached":25,"campfire_rested":1,"playtime":1698,"item_purchase_floors":[4,4],"current_hp_per_floor":[63,63,63,63,63,63,63,52,52,52,66,66,57,57,57,70,70,54,49,31,14,14,50,32,0],"items_purged":["Strike_G","Doubt"],"gold":325,"score":387,"play_id":"655febf0-37cf-4678-9acf-6f85b7d0d299","local_time":"20180625131811","is_prod":false,"is_daily":false,"chose_seed":false,"is_ascension_mode":true,"campfire_upgraded":3,"win_rate":0,"timestamp":1529925491,"campfire_choices":[{"data":"Footwork","floor":7,"key":"SMITH"},{"data":"Noxious Fumes","floor":12,"key":"SMITH"},{"data":"Backflip","floor":15,"key":"SMITH"},{"floor":23,"key":"REST"}],"path_taken":["M","$","?","?","M","E","R","E","T","M","E","R","M","?","R","BOSS","M","M","?","M","?","R","M","M"],"build_version":"2018-06-21","seed_source_timestamp":21120825910257,"purchased_purges":2,"circlet_count":0,"victory":false,"master_deck":["Defend_G","Defend_G","Defend_G","Defend_G","Strike_G","Strike_G","Strike_G","Strike_G","Survivor","Neutralize","Cloak And Dagger","Footwork+1","Dagger Spray","Escape Plan","Terror","Noxious Fumes+1","Backflip+1","All Out Attack","Flying Knee","Venomology","Dash","Deadly Poison+1","Well Laid Plans"],"max_hp_per_floor":[70,70,70,70,70,70,70,70,70,70,70,70,70,70,70,70,70,70,70,70,70,70,70,70,70],"relics":["Ring of the Snake","NeowsBlessing","Dream Catcher","Tingsha","Ancient Tea Set","Bottled Lightning","Regal Pillow","Busted Crown"],"card_choices":[{"not_picked":["Underhanded Strike","Distraction"],"picked":"Cloak And Dagger","floor":1},{"not_picked":["Cloak And Dagger","Dodge and Roll"],"picked":"Escape Plan","floor":5},{"not_picked":["Masterful Stab","Sucker Punch"],"picked":"Terror","floor":6},{"not_picked":["Distraction","Outmaneuver"],"picked":"Noxious Fumes","floor":8},{"not_picked":["Dagger Throw","Underhanded Strike"],"picked":"Backflip","floor":10},{"not_picked":["Blade Dance","PiercingWail"],"picked":"All Out Attack","floor":11},{"not_picked":["Outmaneuver","Cloak And Dagger"],"picked":"Flying Knee","floor":13},{"not_picked":["Unload","Phantasmal Killer"],"picked":"Venomology","floor":16},{"not_picked":["Masterful Stab"],"picked":"SKIP","floor":18},{"not_picked":[],"picked":"Dash","floor":19},{"not_picked":[],"picked":"Deadly Poison+1","floor":20},{"not_picked":["Poisoned Stab+1"],"picked":"SKIP","floor":21},{"not_picked":[],"picked":"Well Laid Plans","floor":23},{"not_picked":["Underhanded Strike"],"picked":"SKIP","floor":24}],"player_experience":482562,"potions_floor_usage":[11,16,16,18,19,21,24,25,25],"damage_taken":[{"damage":0,"enemies":"Small Slimes","floor":1,"turns":1},{"damage":0,"enemies":"Jaw Worm","floor":5,"turns":1},{"damage":0,"enemies":"Lagavulin","floor":6,"turns":1},{"damage":11,"enemies":"3 Sentries","floor":8,"turns":8},{"damage":0,"enemies":"Cultist","floor":10,"turns":3},{"damage":1,"enemies":"Lagavulin","floor":11,"turns":8},{"damage":9,"enemies":"Exordium Thugs","floor":13,"turns":4},{"damage":0,"enemies":"The Guardian","floor":16,"turns":11},{"damage":16,"enemies":"Shell Parasite","floor":18,"turns":6},{"damage":5,"enemies":"2 Thieves","floor":19,"turns":2},{"damage":18,"enemies":"Snake Plant","floor":20,"turns":5},{"damage":17,"enemies":"Centurion and Healer","floor":21,"turns":6},{"damage":18,"enemies":"Cultist and Chosen","floor":24,"turns":6},{"damage":48,"enemies":"Slaver and Parasite","floor":25,"turns":4}],"relics_obtained":[{"floor":6,"key":"Dream Catcher"},{"floor":8,"key":"Tingsha"},{"floor":9,"key":"Ancient Tea Set"},{"floor":11,"key":"Bottled Lightning"},{"floor":14,"key":"Regal Pillow"}],"event_choices":[{"event_name":"Liars Game","player_choice":"agreed","floor":3,"damage_taken":0},{"event_name":"Beggar","player_choice":"Gave Gold","floor":22,"damage_taken":0}],"boss_relics":[{"not_picked":["Calling Bell","Tiny House"],"picked":"Busted Crown"}],"items_purged_floors":[2,4],"is_endless":false,"potions_floor_spawned":[8,10,13,16,18,21],"seed_played":"8673063386972978406","killed_by":"Slaver and Parasite","ascension_level":6,"potions_obtained":[{"floor":8,"key":"Swift Potion"},{"floor":10,"key":"Regen Potion"},{"floor":13,"key":"Regen Potion"},{"floor":16,"key":"SteroidPotion"},{"floor":18,"key":"SteroidPotion"},{"floor":21,"key":"Energy Potion"}],"is_trial":false}