{"path_per_floor":["M","?","M","$","?","R","E","R","T","M","R","E","$","M","R","B",null,"M","?","?","M","?","R","M","M","T","M","M","M","M","$","R","B",null,"M","?","T","?","M","E","R","M","T","E","?","R","M","$","R"],"character_chosen":"THE_SILENT","items_purchased":["Deep Breath","Footwork","Apotheosis","Infinite Blades","Flash of Steel","Bronze Scales","Block Potion"],"gold_per_floor":[116,216,233,139,89,89,121,121,121,131,131,465,159,179,179,274,274,288,288,288,303,228,228,248,263,263,277,287,299,310,138,138,240,240,250,250,250,301,313,345,345,355,355,390,390,390,408,103,103],"floor_reached":50,"campfire_rested":2,"playtime":7690,"current_hp_per_floor":[70,70,70,70,70,70,41,41,41,41,41,28,28,25,25,25,70,70,54,54,54,54,54,42,41,41,27,20,10,22,22,43,39,70,58,58,58,50,50,50,50,47,57,43,43,43,29,29,53],"items_purged":["Defend_G","Corpse Explosion"],"gold":103,"play_id":"73ea24c7-2bb0-45f1-bf2c-71c73f8bca77","is_prod":false,"is_daily":false,"campfire_rituals":0,"campfire_upgraded":7,"is_hardmode":false,"path_taken":["M","?","M","$","?","R","E","R","T","M","R","E","$","M","R","BOSS","M","?","?","M","?","R","M","M","T","M","M","M","M","$","R","BOSS","M","?","?","?","?","E","R","M","T","E","?","R","M","$","R","BOSS"],"build_version":"2018-01-18-PROD4","purchased_purges":3,"victory":false,"master_deck":["Defend_G","Defend_G","Defend_G","Defend_G","Strike_G","Strike_G","Survivor","Neutralize","A Thousand Cuts","Deep Breath","Prepared","Calculated Gamble","Footwork","Apotheosis","Outmaneuver","Venomology","Dagger Throw","Prepared","Dagger Spray","Acrobatics","Well Laid Plans","Infinite Blades","Flash of Steel","Adrenaline","PiercingWail","Distraction","Injury","Prepared"],"max_hp_per_floor":[70,70,70,70,70,70,70,70,70,70,70,70,70,70,70,70,70,70,70,70,70,70,70,70,70,70,70,70,70,70,70,70,70,70,70,70,70,70,70,70,70,70,80,80,80,80,80,80,80],"relics":["Ring of the Snake","Mercury Hourglass","Anchor","Old Coin","The Specimen","Nilry\u0027s Codex","Du-Vu Doll","Astrolabe","Vajra","Ice Cream","Mummified Hand","Pear","Oddly Smooth Stone","Bronze Scales"],"campfire_meditates":0,"card_choices":[{"not_picked":["Deflect","Leg Sweep"],"picked":"A Thousand Cuts"},{"not_picked":["Endless Agony","Corpse Explosion"],"picked":"Prepared"},{"not_picked":["Masterful Stab","Endless Agony"],"picked":"Calculated Gamble"},{"not_picked":["PiercingWail","Slice"],"picked":"Outmaneuver"},{"not_picked":["Doppelganger","Unload"],"picked":"Venomology"},{"not_picked":["Riddle With Holes","Poisoned Stab"],"picked":"Dagger Throw"},{"not_picked":["Terror","Sucker Punch"],"picked":"Outmaneuver"},{"not_picked":["Dodge and Roll","Bouncing Flask"],"picked":"Predator"},{"not_picked":["Malaise","Flying Knee"],"picked":"Dagger Spray"},{"not_picked":["All Out Attack","Malaise"],"picked":"Acrobatics"},{"not_picked":["Malaise","Sucker Punch"],"picked":"Well Laid Plans"},{"not_picked":["Corpse Explosion","Glass Knife"],"picked":"Adrenaline"},{"not_picked":["Corpse Explosion","Acrobatics"],"picked":"Prepared"}],"player_experience":36513,"potions_floor_usage":[16,16,21,24,25,27,28,29,30,33,33,33,33,35,38,40,40,42,44,44,44,47,50],"damage_taken":[{"damage":0,"enemies":"Cultist","floor":1,"turns":3},{"damage":0,"enemies":"Blue Slaver","floor":3,"turns":6},{"damage":29,"enemies":"3 Sentries","floor":7,"turns":6},{"damage":0,"enemies":"Small Slimes","floor":10,"turns":2},{"damage":13,"enemies":"Gremlin Nob","floor":12,"turns":4},{"damage":3,"enemies":"3 Louse","floor":14,"turns":2},{"damage":0,"enemies":"Hexaghost","floor":16,"turns":10},{"damage":0,"enemies":"3 Byrds","floor":18,"turns":3},{"damage":0,"enemies":"Shell Parasite","floor":21,"turns":7},{"damage":12,"enemies":"Chosen and Byrds","floor":24,"turns":5},{"damage":1,"enemies":"Snake Plant","floor":25,"turns":5},{"damage":14,"enemies":"Centurion and Healer","floor":27,"turns":6},{"damage":7,"enemies":"Sentry and Sphere","floor":28,"turns":4},{"damage":10,"enemies":"Snake Plant","floor":29,"turns":5},{"damage":0,"enemies":"Centurion and Healer","floor":30,"turns":5},{"damage":4,"enemies":"Automaton","floor":33,"turns":8},{"damage":12,"enemies":"3 Shapes","floor":35,"turns":4},{"damage":8,"enemies":"Mysterious Sphere","floor":38,"turns":3},{"damage":0,"enemies":"3 Darklings","floor":39,"turns":3},{"damage":0,"enemies":"Nemesis","floor":40,"turns":8},{"damage":3,"enemies":"Maw","floor":42,"turns":7},{"damage":14,"enemies":"2 Orb Walkers","floor":44,"turns":5},{"damage":14,"enemies":"Sphere and 2 Shapes","floor":47,"turns":4},{"damage":70,"enemies":"Time Eater","floor":50,"turns":6}],"event_choices":[{"event_name":"Golden Shrine","player_choice":"Pray","floor":2,"damage_taken":0},{"event_name":"The Cleric","player_choice":"Card Removal","floor":5,"damage_taken":0},{"event_name":"Cursed Tome","player_choice":"Obtained Book","floor":19,"damage_taken":0},{"event_name":"The Library","player_choice":"Read","floor":20,"damage_taken":0},{"event_name":"Beggar","player_choice":"Gave Gold","floor":22,"damage_taken":0},{"event_name":"Accursed Blacksmith","player_choice":"Forge","floor":36,"damage_taken":0},{"event_name":"Mysterious Sphere","player_choice":"Fight","floor":38,"damage_taken":0},{"event_name":"Tomb of Lord Red Mask","player_choice":"Ignored","floor":45,"damage_taken":0}],"boss_relics":[{"not_picked":["Snecko Eye","Sozu"],"picked":"The Specimen"},{"not_picked":["Runic Dome","Eternal Feather"],"picked":"Astrolabe"}],"potions_floor_spawned":[1,12,14,24,27,29,30,33,39,40,42,47],"seed_played":"5836252999010804843","killed_by":"Time Eater","is_trial":false}