{"gold_per_floor":[112,112,129,145,165,200,375,400,400,400,167,167,185,199,199,294,294,311,137,137,137,154,154,154,168,194,206,218,249,261,372,384,491,503,535,565,577,224,224,224,68,88,113,113,113,130,130,29,29,29,29,29,29,62,62],"floor_reached":55,"playtime":3129,"items_purged":["Doubt","Parasite","Defend_G"],"score":653,"play_id":"2643a767-6892-48f8-832a-837d74829bf5","local_time":"20181108002112","is_ascension_mode":false,"campfire_choices":[{"floor":10.0,"key":"REST"},{"floor":15.0,"key":"RECALL"},{"data":"Noxious Fumes","floor":23.0,"key":"SMITH"},{"data":"Footwork","floor":24.0,"key":"SMITH"},{"data":"Bullet Time","floor":27.0,"key":"SMITH"},{"data":"Neutralize","floor":28.0,"key":"SMITH"},{"data":"Acrobatics","floor":30.0,"key":"SMITH"},{"floor":32.0,"key":"REST"},{"data":"Blur","floor":40.0,"key":"SMITH"},{"floor":45.0,"key":"REST"},{"floor":47,"key":"REST"},{"data":"Dash","floor":49,"key":"SMITH"},{"data":"Backflip","floor":52,"key":"SMITH"}],"neow_cost":"NONE","seed_source_timestamp":39098001774085,"circlet_count":0,"master_deck":["Defend_G+1","Defend_G","Defend_G","Strike_G","Strike_G","Strike_G+1","Survivor","Neutralize+1","Slice","Dagger Spray","Flying Knee","Backflip+1","Heel Hook","Adrenaline","Noxious Fumes+1","Footwork+1","Dash+1","Poisoned Stab","Acrobatics+1","Bullet Time+1","Escape Plan","Dagger Throw+1","Die Die Die","Backstab","Blur+1","Finesse","Impatience","Tactician","All Out Attack"],"special_seed":0,"relics":["Ring of the Snake","WingedGreaves","Orichalcum","Busted Crown","Enchiridion","MawBank","Empty Cage","Happy Flower","Oddly Smooth Stone","Snake Skull","Mercury Hourglass","Darkstone Periapt"],"potions_floor_usage":[50,50,50],"damage_taken":[{"damage":0.0,"enemies":"2 Louse","floor":1.0,"turns":4.0},{"damage":0.0,"enemies":"Small Slimes","floor":3.0,"turns":3.0},{"damage":0.0,"enemies":"Jaw Worm","floor":4.0,"turns":3.0},{"damage":0.0,"enemies":"2 Fungi Beasts","floor":5.0,"turns":3.0},{"damage":5.0,"enemies":"3 Sentries","floor":6.0,"turns":6.0},{"damage":39.0,"enemies":"Lagavulin","floor":8.0,"turns":12.0},{"damage":0.0,"enemies":"Blue Slaver","floor":13.0,"turns":3.0},{"damage":0.0,"enemies":"Lots of Slimes","floor":14.0,"turns":4.0},{"damage":4.0,"enemies":"Slime Boss","floor":16.0,"turns":10.0},{"damage":0.0,"enemies":"3 Byrds","floor":18.0,"turns":4.0},{"damage":0.0,"enemies":"Shell Parasite","floor":22.0,"turns":6.0},{"damage":0.0,"enemies":"Shelled Parasite and Fungi","floor":25.0,"turns":5.0},{"damage":10.0,"enemies":"Cultist and Chosen","floor":29.0,"turns":6.0},{"damage":37.0,"enemies":"Collector","floor":33.0,"turns":11.0},{"damage":13.0,"enemies":"3 Darklings","floor":35.0,"turns":4.0},{"damage":0.0,"enemies":"Orb Walker","floor":36.0,"turns":4.0},{"damage":16.0,"enemies":"4 Shapes","floor":42.0,"turns":3.0},{"damage":14,"enemies":"Sphere and 2 Shapes","floor":46,"turns":4},{"damage":24,"enemies":"Donu and Deca","floor":50,"turns":9},{"damage":34,"enemies":"Shield and Spear","floor":54,"turns":8},{"damage":35,"enemies":"The Heart","floor":55,"turns":2}],"seed_played":"8537612138517533136","potions_obtained":[{"floor":3.0,"key":"Explosive Potion"},{"floor":6.0,"key":"EssenceOfSteel"},{"floor":8.0,"key":"Poison Potion"},{"floor":13.0,"key":"Dexterity Potion"},{"floor":14.0,"key":"LiquidBronze"},{"floor":18.0,"key":"Swift Potion"},{"floor":22.0,"key":"PowerPotion"},{"floor":33.0,"key":"PowerPotion"},{"floor":36.0,"key":"Energy Potion"},{"floor":46,"key":"AttackPotion"}],"is_trial":false,"path_per_floor":["M","?","M","M","M","E","?","E","T","R","$","?","M","M","R","B",null,"M","$","?","?","M","R","R","M","T","R","R","M","R","?","R","B",null,"M","M","?","$","?","R","$","M","T","?","R","M","R","$","R","B",null,"R","$","E","B"],"character_chosen":"THE_SILENT","items_purchased":["Footwork","Dash","Escape Plan","Finesse","Happy Flower","Oddly Smooth Stone","PowerPotion","Poison Potion"],"campfire_rested":4,"item_purchase_floors":[11,11,19,38,38,41,48,48],"current_hp_per_floor":[70,56,56,56,56,51,51,12,12,33,33,50,50,50,50,46,70,70,67,51,51,51,51,51,51,51,51,51,41,41,41,61,24,67,54,54,54,54,54,54,54,38,38,38,58,44,64,64,64,40,67,67,67,33,0],"gold":62,"neow_bonus":"THREE_CARDS","is_prod":false,"is_daily":false,"chose_seed":false,"campfire_upgraded":8,"win_rate":0,"timestamp":1541632872,"path_taken":["M","?","M","M","M","E","?","E","T","R","$","?","?","M","R","BOSS","M","$","?","?","?","R","R","M","T","R","R","M","R","?","R","BOSS","M","M","?","$","?","R","?","?","T","?","R","?","R","$","R","BOSS","R","$","E","BOSS"],"build_version":"2018-11-06","purchased_purges":3,"victory":false,"max_hp_per_floor":[70,70,70,70,70,70,70,70,70,70,70,70,70,70,70,70,70,70,67,67,67,67,67,67,67,67,67,67,67,67,67,67,67,67,67,67,67,67,67,67,67,67,67,67,67,67,67,67,67,67,67,67,67,67,67],"card_choices":[{"not_picked":["Underhanded Strike","Outmaneuver"],"picked":"Slice","floor":0.0},{"not_picked":["Riddle With Holes","Slice"],"picked":"Dagger Spray","floor":1.0},{"not_picked":["PiercingWail","Finisher"],"picked":"Flying Knee","floor":3.0},{"not_picked":["Acrobatics","Masterful Stab"],"picked":"Backflip","floor":4.0},{"not_picked":["Grand Finale","Deflect"],"picked":"Heel Hook","floor":5.0},{"not_picked":["Flechettes","Underhanded Strike"],"picked":"Adrenaline","floor":6.0},{"not_picked":["Acrobatics","Dodge and Roll"],"picked":"Noxious Fumes","floor":8.0},{"not_picked":["Acrobatics","Terror"],"picked":"Poisoned Stab","floor":13.0},{"not_picked":["Heel Hook","Setup"],"picked":"Acrobatics","floor":14.0},{"not_picked":["Envenom","Corpse Explosion"],"picked":"Bullet Time","floor":16.0},{"not_picked":["Slice"],"picked":"SKIP","floor":18.0},{"not_picked":[],"picked":"Dagger Throw+1","floor":22.0},{"not_picked":["Slice"],"picked":"SKIP","floor":25.0},{"not_picked":["Masterful Stab"],"picked":"SKIP","floor":29.0},{"not_picked":[],"picked":"Die Die Die","floor":33.0},{"not_picked":[],"picked":"Backstab","floor":35.0},{"not_picked":[],"picked":"Blur","floor":36.0},{"not_picked":[],"picked":"Impatience","floor":39.0},{"not_picked":[],"picked":"Tactician","floor":42.0},{"not_picked":[],"picked":"All Out Attack","floor":46},{"not_picked":["Finisher+1"],"picked":"SKIP","floor":54}],"player_experience":617142,"relics_obtained":[{"floor":6.0,"key":"WingedGreaves"},{"floor":8.0,"key":"Orichalcum"},{"floor":20.0,"key":"Enchiridion"},{"floor":26.0,"key":"MawBank"},{"floor":43.0,"key":"Snake Skull"},{"floor":54,"key":"Darkstone Periapt"}],"event_choices":[{"damage_healed":0.0,"max_hp_gain":0.0,"max_hp_loss":0.0,"gold_gain":0.0,"event_name":"Shining Light","player_choice":"Entered Light","floor":2.0,"gold_loss":0.0,"damage_taken":14.0,"cards_upgraded":["Defend_G","Strike_G"]},{"damage_healed":0.0,"max_hp_gain":0.0,"max_hp_loss":0.0,"gold_gain":175.0,"event_name":"Liars Game","player_choice":"AGREE","floor":7.0,"gold_loss":0.0,"damage_taken":0.0,"cards_obtained":["Doubt"]},{"damage_healed":17.0,"max_hp_gain":0.0,"max_hp_loss":0.0,"gold_gain":0.0,"event_name":"Mushrooms","player_choice":"Healed and dodged fight","floor":12.0,"gold_loss":0.0,"damage_taken":0.0,"cards_obtained":["Parasite"]},{"damage_healed":0.0,"max_hp_gain":0.0,"max_hp_loss":0.0,"gold_gain":0.0,"event_name":"Cursed Tome","player_choice":"Obtained Book","floor":20.0,"gold_loss":0.0,"damage_taken":16.0},{"damage_healed":0.0,"max_hp_gain":0.0,"max_hp_loss":0.0,"gold_gain":0.0,"event_name":"The Woman in Blue","player_choice":"Bought 0 Potions","floor":21.0,"gold_loss":0.0,"damage_taken":0.0},{"damage_healed":0.0,"max_hp_gain":0.0,"max_hp_loss":0.0,"gold_gain":99.0,"event_name":"Nest","player_choice":"Stole From Cult","floor":31.0,"gold_loss":0.0,"damage_taken":0.0},{"cards_removed":["Defend_G"],"damage_healed":0.0,"max_hp_gain":0.0,"max_hp_loss":0.0,"gold_gain":0.0,"event_name":"Falling","player_choice":"Removed Skill","floor":37.0,"gold_loss":0.0,"damage_taken":0.0},{"damage_healed":0.0,"max_hp_gain":0.0,"max_hp_loss":0.0,"gold_gain":0.0,"event_name":"SensoryStone","player_choice":"Memory 1","floor":39.0,"gold_loss":0.0,"damage_taken":0.0},{"damage_healed":0.0,"max_hp_gain":0.0,"max_hp_loss":0.0,"gold_gain":0.0,"event_name":"WeMeetAgain","player_choice":"Gave Potion","floor":44.0,"gold_loss":0.0,"damage_taken":0.0,"relics_obtained":["Mercury Hourglass"]}],"is_beta":true,"boss_relics":[{"not_picked":["HoveringKite","Eternal Feather"],"picked":"Busted Crown"},{"not_picked":["White Beast Statue","Tiny House"],"picked":"Empty Cage"}],"items_purged_floors":[11,19,38],"is_endless":false,"potions_floor_spawned":[3,6,8,13,14,18,22,33,36,46],"killed_by":"The Heart","ascension_level":0}