{"gold_per_floor":[367,367,215,232,88,88,113,130,130,142,173,185,230,254,266,376,388,419,104,104,104,116,116,116,116,116,127,137,157,157,189,189,189],"floor_reached":33,"playtime":2877,"items_purged":["Defend_G","Strike_G"],"score":275,"play_id":"f9eeabbc-83f9-4401-aaa5-a1d64e3025f6","local_time":"20180825042858","is_ascension_mode":false,"campfire_choices":[{"data":"Neutralize","floor":10,"key":"SMITH"},{"data":"Dagger Spray","floor":12,"key":"SMITH"},{"data":"Deflect","floor":15,"key":"SMITH"},{"data":"Bullet Time","floor":23,"key":"SMITH"},{"data":"Footwork","floor":25,"key":"SMITH"},{"floor":30,"key":"REST"},{"floor":32,"key":"REST"}],"neow_cost":"TEN_PERCENT_HP_LOSS","seed_source_timestamp":14029369200623,"circlet_count":0,"master_deck":["Defend_G","Defend_G","Defend_G","Defend_G","Strike_G","Strike_G","Strike_G+1","Survivor","Neutralize+1","Acrobatics","Flying Knee","Backflip+1","Slice","Deadly Poison","Dagger Spray+1","Cloak And Dagger","Deflect+1","Bullet Time+1","Quick Slash+1","Footwork+1","RitualDagger","Blur","Noxious Fumes"],"relics":["Ring of the Snake","Bag of Marbles","Singing Bowl","MawBank","Question Card","White Beast Statue","Happy Flower","Boot","Gremlin Horn"],"potions_floor_usage":[13,16,28,29,31,31,31,33],"damage_taken":[{"damage":0,"enemies":"Small Slimes","floor":1,"turns":4},{"damage":1,"enemies":"Cultist","floor":4,"turns":4},{"damage":6,"enemies":"Lagavulin","floor":7,"turns":6},{"damage":0,"enemies":"2 Louse","floor":8,"turns":2},{"damage":5,"enemies":"Large Slime","floor":11,"turns":6},{"damage":4,"enemies":"3 Sentries","floor":13,"turns":7},{"damage":0,"enemies":"Exordium Thugs","floor":14,"turns":3},{"damage":12,"enemies":"The Guardian","floor":16,"turns":10},{"damage":1,"enemies":"2 Thieves","floor":18,"turns":4},{"damage":10,"enemies":"Spheric Guardian","floor":22,"turns":4},{"damage":7,"enemies":"Chosen and Byrds","floor":27,"turns":5},{"damage":8,"enemies":"Snake Plant","floor":28,"turns":5},{"damage":1,"enemies":"Snecko","floor":29,"turns":5},{"damage":9,"enemies":"Book of Stabbing","floor":31,"turns":7},{"damage":54,"enemies":"Champ","floor":33,"turns":18}],"seed_played":"-5794325367768324118","potions_obtained":[{"floor":7,"key":"SpeedPotion"},{"floor":8,"key":"Block Potion"},{"floor":14,"key":"PowerPotion"},{"floor":18,"key":"GhostInAJar"},{"floor":22,"key":"Poison Potion"},{"floor":28,"key":"SkillPotion"},{"floor":29,"key":"Block Potion"},{"floor":31,"key":"GamblersBrew"}],"is_trial":false,"path_per_floor":["M","?","$","M","$","?","E","M","T","R","M","R","E","M","R","B",null,"M","$","?","?","M","R","?","R","T","M","M","M","R","E","R"],"character_chosen":"THE_SILENT","items_purchased":["Flying Knee","Backflip","Bag of Marbles","Footwork","Happy Flower"],"campfire_rested":2,"item_purchase_floors":[3,3,5,19,19],"current_hp_per_floor":[63,63,63,62,62,49,43,43,43,43,40,40,36,36,36,24,65,64,64,64,58,50,50,34,34,34,27,19,20,40,33,54,0],"gold":189,"neow_bonus":"TWO_FIFTY_GOLD","is_prod":false,"is_daily":false,"chose_seed":false,"campfire_upgraded":5,"win_rate":0,"timestamp":1535164138,"path_taken":["M","?","$","M","$","?","E","M","T","R","M","R","E","M","R","BOSS","M","$","?","?","M","R","?","R","T","M","M","?","R","E","R","BOSS"],"build_version":"2018-08-16","purchased_purges":2,"victory":false,"max_hp_per_floor":[63,63,63,63,63,63,63,63,63,63,65,65,65,65,65,65,65,65,65,65,65,67,67,67,67,67,67,67,69,69,71,71,71],"card_choices":[{"not_picked":["PiercingWail","Cloak And Dagger"],"picked":"Acrobatics","floor":1},{"not_picked":["Setup","Backflip"],"picked":"Slice","floor":4},{"not_picked":["Infinite Blades","Prepared"],"picked":"Deadly Poison","floor":7},{"not_picked":["Sucker Punch","Blade Dance"],"picked":"Dagger Spray","floor":8},{"not_picked":["Outmaneuver","Acrobatics","Glass Knife"],"picked":"Singing Bowl","floor":11},{"not_picked":["Sucker Punch","Skewer"],"picked":"Cloak And Dagger","floor":13},{"not_picked":["Bane","Prepared","Flying Knee"],"picked":"Deflect","floor":14},{"not_picked":["Glass Knife","Venomology","Malaise"],"picked":"Bullet Time","floor":16},{"not_picked":["Crippling Poison","Concentrate","Catalyst"],"picked":"Quick Slash+1","floor":18},{"not_picked":["Sucker Punch","Outmaneuver","Acrobatics","Quick Slash"],"picked":"Singing Bowl","floor":22},{"not_picked":["Dagger Throw","Bane+1","Deflect"],"picked":"Blur","floor":27},{"not_picked":["Finisher","Die Die Die","Sucker Punch"],"picked":"Noxious Fumes","floor":28},{"not_picked":["Skewer","Heel Hook","Accuracy","Flying Knee"],"picked":"Singing Bowl","floor":29},{"not_picked":["Dagger Throw+1","PiercingWail","Concentrate+1","Deadly Poison"],"picked":"Singing Bowl","floor":31}],"player_experience":581038,"relics_obtained":[{"floor":7,"key":"Singing Bowl"},{"floor":9,"key":"MawBank"},{"floor":13,"key":"Question Card"},{"floor":26,"key":"Boot"},{"floor":31,"key":"Gremlin Horn"}],"event_choices":[{"event_name":"Bonfire Elementals","player_choice":"BASIC","floor":2,"damage_taken":0},{"event_name":"Shining Light","player_choice":"Entered Light","floor":6,"damage_taken":0},{"event_name":"Vampires","player_choice":"Ignored","floor":20,"damage_taken":0},{"event_name":"Nest","player_choice":"Joined the Cult","floor":21,"damage_taken":0},{"event_name":"Cursed Tome","player_choice":"Obtained Book","floor":24,"damage_taken":0}],"is_beta":true,"boss_relics":[{"not_picked":["Philosopher\u0027s Stone","Runic Pyramid"],"picked":"White Beast Statue"}],"items_purged_floors":[3,19],"is_endless":false,"potions_floor_spawned":[7,8,14,18,22,27,28,29,31],"killed_by":"Champ","ascension_level":0}