{"gold_per_floor":[113,87,87,153,167,167,8,8,8,36,136,146,164,178,178,280,280,291,302,77,90,9,35,35,49,49,49,61,61,74,89,89,89],"floor_reached":33,"playtime":888,"items_purged":[],"score":269,"play_id":"eb56f972-031c-4011-b838-6f50a0bc8cb8","local_time":"20180729135824","is_ascension_mode":false,"campfire_choices":[{"data":"Sword Boomerang","floor":6.0,"key":"SMITH"},{"data":"Rage","floor":8.0,"key":"SMITH"},{"data":"Flash of Steel","floor":15.0,"key":"SMITH"},{"data":"Armaments","floor":24.0,"key":"SMITH"},{"data":"Inflame","floor":29.0,"key":"SMITH"},{"floor":32,"key":"REST"}],"neow_cost":"","seed_source_timestamp":3374106432986,"circlet_count":0,"master_deck":["Strike_R","Strike_R","Strike_R","Strike_R","Strike_R","Defend_R","Defend_R","Defend_R","Defend_R","Bash+1","Twin Strike","Sword Boomerang+1","Rage+1","Flash of Steel+1","Whirlwind","Shrug It Off","Reaper","Armaments+1","Sword Boomerang","Inflame+1","Thunderclap","Evolve","Anger+1","Sword Boomerang"],"special_seed":0,"relics":["Burning Blood","Bottled Flame","Gambling Chip","Mark of Pain","Happy Flower","Bottled Lightning","Centennial Puzzle"],"potions_floor_usage":[33,33],"damage_taken":[{"damage":0.0,"enemies":"Small Slimes","floor":1.0,"turns":3.0},{"damage":6.0,"enemies":"Jaw Worm","floor":5.0,"turns":3.0},{"damage":15.0,"enemies":"Gremlin Nob","floor":10.0,"turns":4.0},{"damage":0.0,"enemies":"Cultist","floor":12.0,"turns":2.0},{"damage":10.0,"enemies":"Looter","floor":13.0,"turns":2.0},{"damage":0.0,"enemies":"3 Louse","floor":14.0,"turns":1.0},{"damage":52.0,"enemies":"Hexaghost","floor":16.0,"turns":10.0},{"damage":12.0,"enemies":"Shell Parasite","floor":18.0,"turns":5.0},{"damage":14.0,"enemies":"2 Thieves","floor":19.0,"turns":4.0},{"damage":7.0,"enemies":"Snecko","floor":21.0,"turns":4.0},{"damage":52.0,"enemies":"Book of Stabbing","floor":23.0,"turns":5.0},{"damage":1.0,"enemies":"Cultist and Chosen","floor":25.0,"turns":4.0},{"damage":4.0,"enemies":"Centurion and Healer","floor":28.0,"turns":5.0},{"damage":13.0,"enemies":"3 Cultists","floor":30.0,"turns":3.0},{"damage":36,"enemies":"Snake Plant","floor":31,"turns":4},{"damage":58,"enemies":"Champ","floor":33,"turns":8}],"seed_played":"5554764326229050961","potions_obtained":[{"floor":13.0,"key":"Explosive Potion"},{"floor":23.0,"key":"Weak Potion"},{"floor":28.0,"key":"PowerPotion"},{"floor":30.0,"key":"SpeedPotion"},{"floor":31,"key":"Weak Potion"}],"is_trial":false,"path_per_floor":["M","$","?","?","M","R","$","R","T","E","?","M","M","M","R","B",null,"M","M","$","M","$","E","R","M","T","$","M","R","M","M","R"],"character_chosen":"IRONCLAD","items_purchased":["Sword Boomerang","Rage","Flash of Steel","Inflame","Happy Flower","Evolve"],"campfire_rested":1,"item_purchase_floors":[2,7,7,20,20,22],"current_hp_per_floor":[80,80,80,80,80,80,80,80,80,71,71,77,73,79,79,33,80,80,76,76,75,75,29,29,34,34,34,36,36,46,16,40,0],"gold":89,"neow_bonus":"","is_prod":false,"is_daily":false,"chose_seed":false,"campfire_upgraded":5,"win_rate":0,"timestamp":1532861904,"path_taken":["M","$","?","?","M","R","$","R","T","E","?","M","M","M","R","BOSS","M","?","$","M","?","E","R","M","T","$","M","R","M","M","R","BOSS"],"build_version":"2018-07-26","purchased_purges":0,"victory":false,"max_hp_per_floor":[80,80,80,80,80,80,80,80,80,80,80,80,80,80,80,80,80,80,80,80,80,80,80,80,80,80,80,80,80,80,80,80,80],"card_choices":[{"not_picked":["Clothesline","Anger"],"picked":"Twin Strike","floor":1.0},{"not_picked":["Anger","Evolve","Clash"],"picked":"SKIP","floor":5.0},{"not_picked":["Pummel","Fiend Fire"],"picked":"Whirlwind","floor":10.0},{"not_picked":["Havoc","Rupture"],"picked":"Shrug It Off","floor":12.0},{"not_picked":["Sever Soul","Warcry","Dual Wield"],"picked":"SKIP","floor":13.0},{"not_picked":["Perfected Strike","Whirlwind","Sentinel"],"picked":"SKIP","floor":14.0},{"not_picked":["Exhume","Berserk"],"picked":"Reaper","floor":16.0},{"not_picked":["Uppercut","Cleave+1"],"picked":"Armaments","floor":18.0},{"not_picked":["Hemokinesis","Havoc"],"picked":"Sword Boomerang","floor":19.0},{"not_picked":["Rupture","Sentinel+1"],"picked":"Thunderclap","floor":21.0},{"not_picked":["Pommel Strike+1","Reckless Charge","Heavy Blade+1"],"picked":"SKIP","floor":23.0},{"not_picked":["Metallicize+1","Second Wind"],"picked":"Anger+1","floor":25.0},{"not_picked":["Cleave+1","Havoc","Shockwave"],"picked":"SKIP","floor":28.0},{"not_picked":["Exhume","Headbutt"],"picked":"Sword Boomerang","floor":30.0},{"not_picked":["Power Through+1","Clash","Heavy Blade+1"],"picked":"SKIP","floor":31}],"player_experience":257001,"relics_obtained":[{"floor":9.0,"key":"Bottled Flame"},{"floor":10.0,"key":"Gambling Chip"},{"floor":23.0,"key":"Bottled Lightning"},{"floor":26.0,"key":"Centennial Puzzle"}],"event_choices":[{"event_name":"Living Wall","player_choice":"Grow","floor":3.0,"damage_taken":0.0},{"event_name":"Golden Wing","player_choice":"Gained Gold","floor":4.0,"damage_taken":0.0},{"event_name":"Golden Shrine","player_choice":"Pray","floor":11.0,"damage_taken":0.0}],"is_beta":false,"boss_relics":[{"not_picked":["Fusion Hammer","Coffee Dripper"],"picked":"Mark of Pain"}],"items_purged_floors":[],"is_endless":false,"potions_floor_spawned":[13,23,28,30,31],"killed_by":"Champ","ascension_level":0}