{"gold_per_floor":[365,365,112,287,303,321,321,342,342,151,151,167,95,139,139,263,263,288,136,159,159,184,184,198,35,35,75,99,99,122,163,163,292,292,313,191,211,235,41,61,61,186,239,239,252,116,147,161,161,161],"floor_reached":51,"playtime":1435,"items_purged":["Doubt","Strike_R","Strike_R","Strike_R"],"score":794,"play_id":"17105e63-f216-45ff-8a5e-1893ea80ce68","local_time":"20190216224831","is_ascension_mode":false,"campfire_choices":[{"data":"Blind","floor":7.0,"key":"SMITH"},{"data":"Spot Weakness","floor":11.0,"key":"SMITH"},{"data":"Sword Boomerang","floor":15.0,"key":"SMITH"},{"data":"Limit Break","floor":23.0,"key":"SMITH"},{"data":"1","floor":29.0,"key":"LIFT"},{"data":"2","floor":32.0,"key":"LIFT"},{"data":"3","floor":41.0,"key":"LIFT"},{"floor":49.0,"key":"REST"}],"neow_cost":"TEN_PERCENT_HP_LOSS","seed_source_timestamp":81225433264071,"circlet_count":0,"master_deck":["Strike_R","Strike_R","Defend_R","Defend_R","Defend_R","Defend_R","Bash","Sword Boomerang+1","Blind+1","Cleave","Spot Weakness+1","Shrug It Off","Limit Break+1","Sword Boomerang","Inflame","Whirlwind","Limit Break","Shrug It Off","Sword Boomerang","Battle Trance+1"],"special_seed":0,"relics":["Burning Blood","Golden Idol","Membership Card","Singing Bowl","Magic Flower","Happy Flower","Mummified Hand","Orrery","Incense Burner","Ginger","Mercury Hourglass","Girya","Potion Belt","Lizard Tail","Ancient Tea Set","Gremlin Horn","Unceasing Top","Lantern","The Courier"],"potions_floor_usage":[50,50,50],"damage_taken":[{"damage":10.0,"enemies":"Jaw Worm","floor":1.0,"turns":5.0},{"damage":0.0,"enemies":"2 Louse","floor":5.0,"turns":2.0},{"damage":4.0,"enemies":"Small Slimes","floor":6.0,"turns":3.0},{"damage":3.0,"enemies":"Gremlin Gang","floor":8.0,"turns":4.0},{"damage":5.0,"enemies":"Large Slime","floor":12.0,"turns":5.0},{"damage":23.0,"enemies":"3 Sentries","floor":14.0,"turns":5.0},{"damage":29.0,"enemies":"Hexaghost","floor":16.0,"turns":9.0},{"damage":10.0,"enemies":"Shell Parasite","floor":18.0,"turns":3.0},{"damage":21.0,"enemies":"2 Thieves","floor":20.0,"turns":3.0},{"damage":1.0,"enemies":"Snecko","floor":22.0,"turns":4.0},{"damage":16.0,"enemies":"Cultist and Chosen","floor":24.0,"turns":4.0},{"damage":23.0,"enemies":"Book of Stabbing","floor":27.0,"turns":5.0},{"damage":20.0,"enemies":"Shelled Parasite and Fungi","floor":28.0,"turns":4.0},{"damage":10.0,"enemies":"Sentry and Sphere","floor":30.0,"turns":3.0},{"damage":23.0,"enemies":"Slavers","floor":31.0,"turns":4.0},{"damage":30.0,"enemies":"Automaton","floor":33.0,"turns":6.0},{"damage":0.0,"enemies":"Orb Walker","floor":35.0,"turns":2.0},{"damage":2.0,"enemies":"3 Darklings","floor":37.0,"turns":2.0},{"damage":6.0,"enemies":"Transient","floor":38.0,"turns":5.0},{"damage":16.0,"enemies":"Maw","floor":40.0,"turns":6.0},{"damage":36.0,"enemies":"Mind Bloom Boss Battle","floor":42.0,"turns":6.0},{"damage":27.0,"enemies":"4 Shapes","floor":45.0,"turns":3.0},{"damage":32.0,"enemies":"Giant Head","floor":47.0,"turns":6.0},{"damage":21.0,"enemies":"Spire Growth","floor":48.0,"turns":4.0},{"damage":38,"enemies":"Awakened One","floor":50,"turns":5}],"seed_played":"1948798069171391036","potions_obtained":[{"floor":1.0,"key":"Fire Potion"},{"floor":8.0,"key":"Energy Potion"},{"floor":14.0,"key":"Explosive Potion"},{"floor":16.0,"key":"SpeedPotion"},{"floor":20.0,"key":"Energy Potion"},{"floor":24.0,"key":"Block Potion"},{"floor":30.0,"key":"GamblersBrew"},{"floor":33.0,"key":"SteroidPotion"},{"floor":40.0,"key":"BloodPotion"},{"floor":42.0,"key":"Energy Potion"},{"floor":45.0,"key":"LiquidBronze"}],"is_trial":false,"path_per_floor":["M","?","$","?","M","M","R","M","T","$","R","M","$","E","R","B",null,"M","$","M","?","M","R","M","$","T","E","M","R","M","E","R","B",null,"M","$","M","M","$","M","R","?","T","?","M","$","E","M","R","B",null],"character_chosen":"IRONCLAD","items_purchased":["Membership Card","Blind","Cleave","Magic Flower","Happy Flower","Incense Burner","Ginger","Whirlwind","Ancient Tea Set","Gremlin Horn","Block Potion","GamblersBrew"],"campfire_rested":1,"item_purchase_floors":[3,3,3,10,13,19,25,25,36,39,46,46],"current_hp_per_floor":[68,50,50,50,56,58,58,61,61,61,61,67,67,55,55,35,84,85,85,75,67,75,75,70,70,70,58,49,49,50,38,38,17,98,98,98,100,102,102,97,97,85,85,85,69,69,46,36,68,39],"gold":161,"neow_bonus":"TWO_FIFTY_GOLD","is_prod":false,"is_daily":false,"chose_seed":false,"campfire_upgraded":4,"win_rate":0,"timestamp":1550350111,"path_taken":["M","?","$","?","M","M","R","M","T","$","R","M","$","E","R","BOSS","M","$","M","?","?","R","M","$","T","E","M","R","M","E","R","BOSS","M","$","M","M","$","M","R","?","T","?","M","$","E","M","R","BOSS"],"build_version":"2019-01-23","purchased_purges":4,"victory":true,"max_hp_per_floor":[72,72,72,72,72,72,72,72,72,72,72,74,74,76,76,76,84,86,86,88,88,88,88,90,90,90,92,94,94,96,98,98,98,98,98,98,100,102,102,104,104,104,104,104,106,106,106,108,108,108],"card_choices":[{"not_picked":["Rupture","Wild Strike"],"picked":"Sword Boomerang","floor":1.0},{"not_picked":["Flex","Twin Strike"],"picked":"Spot Weakness","floor":5.0},{"not_picked":["Wild Strike","Entrench"],"picked":"Shrug It Off","floor":6.0},{"not_picked":["Ghostly Armor","Rupture","Shrug It Off"],"picked":"SKIP","floor":8.0},{"not_picked":["Rampage","Flex","Thunderclap"],"picked":"Singing Bowl","floor":12.0},{"not_picked":["Bloodletting","Intimidate","Clash"],"picked":"Singing Bowl","floor":14.0},{"not_picked":["Impervious","Demon Form"],"picked":"Limit Break","floor":16.0},{"not_picked":["Flex","Rage","Shockwave"],"picked":"Singing Bowl","floor":17.0},{"not_picked":["Warcry","Thunderclap","Sever Soul"],"picked":"Singing Bowl","floor":17.0},{"not_picked":["Perfected Strike","Heavy Blade","Havoc"],"picked":"Singing Bowl","floor":17.0},{"not_picked":["Pommel Strike","Shockwave"],"picked":"Sword Boomerang","floor":17.0},{"not_picked":["Flex","Pommel Strike","Armaments"],"picked":"Singing Bowl","floor":17.0},{"not_picked":["Armaments","Carnage+1","Flame Barrier+1"],"picked":"Singing Bowl","floor":18.0},{"not_picked":["True Grit","Twin Strike+1","Searing Blow"],"picked":"Singing Bowl","floor":20.0},{"not_picked":["Armaments+1","Metallicize+1"],"picked":"Inflame","floor":22.0},{"not_picked":["Headbutt","Rampage+1","Carnage"],"picked":"Singing Bowl","floor":24.0},{"not_picked":["Whirlwind","Sever Soul+1","Headbutt"],"picked":"Singing Bowl","floor":27.0},{"not_picked":["Whirlwind+1","Wild Strike","Infernal Blade"],"picked":"Singing Bowl","floor":28.0},{"not_picked":["Iron Wave","Sentinel+1","Thunderclap"],"picked":"Singing Bowl","floor":30.0},{"not_picked":["True Grit","Armaments","Iron Wave"],"picked":"Singing Bowl","floor":31.0},{"not_picked":["Juggernaut","Feed"],"picked":"Limit Break","floor":33.0},{"not_picked":["True Grit+1","Sentinel+1"],"picked":"Shrug It Off","floor":35.0},{"not_picked":["Iron Wave+1","Pommel Strike+1","Havoc"],"picked":"Singing Bowl","floor":37.0},{"not_picked":["Body Slam+1","Corruption+1","Wild Strike"],"picked":"Singing Bowl","floor":38.0},{"not_picked":["Evolve+1","Inflame+1","Heavy Blade"],"picked":"Singing Bowl","floor":40.0},{"not_picked":["Dual Wield","Thunderclap"],"picked":"Sword Boomerang","floor":42.0},{"not_picked":["Body Slam+1","Iron Wave","Power Through+1"],"picked":"Singing Bowl","floor":45.0},{"not_picked":["Flex","Twin Strike+1"],"picked":"Battle Trance+1","floor":47.0},{"not_picked":["Reckless Charge","Evolve+1","Anger"],"picked":"Singing Bowl","floor":48.0}],"player_experience":580978,"relics_obtained":[{"floor":9.0,"key":"Singing Bowl"},{"floor":14.0,"key":"Mummified Hand"},{"floor":26.0,"key":"Mercury Hourglass"},{"floor":27.0,"key":"Girya"},{"floor":31.0,"key":"Potion Belt"},{"floor":42.0,"key":"Unceasing Top"},{"floor":43.0,"key":"Lantern"},{"floor":47.0,"key":"The Courier"}],"event_choices":[{"damage_healed":0.0,"max_hp_gain":0.0,"max_hp_loss":0.0,"gold_gain":0.0,"event_name":"Golden Idol","player_choice":"Take Damage","floor":2.0,"gold_loss":0.0,"damage_taken":18.0,"relics_obtained":["Golden Idol"]},{"damage_healed":0.0,"max_hp_gain":0.0,"max_hp_loss":0.0,"gold_gain":175.0,"event_name":"Liars Game","player_choice":"AGREE","floor":4.0,"gold_loss":0.0,"damage_taken":0.0,"cards_obtained":["Doubt"]},{"damage_healed":0.0,"max_hp_gain":0.0,"max_hp_loss":0.0,"gold_gain":0.0,"event_name":"Knowing Skull","player_choice":"","floor":21.0,"potions_obtained":[],"gold_loss":0.0,"damage_taken":8.0,"cards_obtained":[]},{"damage_healed":0.0,"max_hp_gain":0.0,"max_hp_loss":0.0,"gold_gain":0.0,"event_name":"MindBloom","player_choice":"Fight","floor":42.0,"gold_loss":0.0,"damage_taken":0.0},{"damage_healed":0.0,"max_hp_gain":0.0,"max_hp_loss":0.0,"gold_gain":0.0,"event_name":"Mysterious Sphere","player_choice":"Ignored","floor":44.0,"gold_loss":0.0,"damage_taken":0.0}],"is_beta":false,"boss_relics":[{"not_picked":["Runic Dome","Eternal Feather"],"picked":"Orrery"},{"not_picked":["White Beast Statue","Astrolabe"],"picked":"Lizard Tail"}],"items_purged_floors":[10,36,39,46],"is_endless":false,"potions_floor_spawned":[1,8,14,16,20,24,30,33,40,42,45],"ascension_level":0}