{"gold_per_floor":[117,67,81,9,28,42,369,369,449,463,474,474,494,523,535,645,657,683,540,560,572,592,592,592,134,134,145,145,163,163,176,176,278,278,291,307,327,163,182,182,201,201,201,176,187,187,105,105,105,105],"floor_reached":51,"playtime":1494,"items_purged":["Strike_B","Strike_B","Strike_B","Strike_B"],"score":689,"play_id":"2e0d2443-5d13-49d3-ae73-3cd0d854a874","local_time":"20181111235616","is_ascension_mode":false,"campfire_choices":[{"data":"Zap","floor":8.0,"key":"SMITH"},{"data":"Defragment","floor":12.0,"key":"SMITH"},{"floor":15.0,"key":"REST"},{"data":"Seek","floor":28.0,"key":"SMITH"},{"data":"Reboot","floor":30.0,"key":"SMITH"},{"floor":32,"key":"REST"},{"data":"Force Field","floor":40,"key":"SMITH"},{"data":"Hologram","floor":46,"key":"SMITH"},{"data":"Conserve Battery","floor":49,"key":"SMITH"}],"neow_cost":"NONE","seed_source_timestamp":308176243027980,"circlet_count":0,"master_deck":["Defend_B","Defend_B","Defend_B","Defend_B","Zap+1","Dualcast+1","Ball Lightning","Defragment+1","Seek+1","Genetic Algorithm","Force Field+1","Electrodynamics+1","Conserve Battery+1","Leap","Capacitor+1","Reboot+1","Stack","Storm+1","Thunder Strike+1","Conserve Battery+1","BootSequence","Hologram+1","Panache+1","Blind"],"special_seed":0,"relics":["Cracked Core","Smiling Mask","Old Coin","Frozen Egg 2","MawBank","Eternal Feather","Spirit Poop","Membership Card","Lantern","Molten Egg 2","Busted Crown","Art of War","Regal Pillow"],"potions_floor_usage":[31,50,50,50],"damage_taken":[{"damage":1.0,"enemies":"Cultist","floor":1.0,"turns":3.0},{"damage":6.0,"enemies":"Jaw Worm","floor":3.0,"turns":3.0},{"damage":12.0,"enemies":"Small Slimes","floor":5.0,"turns":3.0},{"damage":8.0,"enemies":"Red Slaver","floor":6.0,"turns":4.0},{"damage":4.0,"enemies":"Gremlin Nob","floor":7.0,"turns":3.0},{"damage":0.0,"enemies":"Exordium Thugs","floor":10.0,"turns":4.0},{"damage":9.0,"enemies":"3 Louse","floor":11.0,"turns":3.0},{"damage":6.0,"enemies":"Red Slaver","floor":13.0,"turns":4.0},{"damage":13.0,"enemies":"Lagavulin","floor":14.0,"turns":5.0},{"damage":20.0,"enemies":"Hexaghost","floor":16.0,"turns":6.0},{"damage":18.0,"enemies":"Spheric Guardian","floor":18.0,"turns":5.0},{"damage":1.0,"enemies":"3 Byrds","floor":20.0,"turns":3.0},{"damage":21.0,"enemies":"Snake Plant","floor":21.0,"turns":4.0},{"damage":0.0,"enemies":"3 Cultists","floor":22.0,"turns":3.0},{"damage":13.0,"enemies":"Snecko","floor":27.0,"turns":6.0},{"damage":3.0,"enemies":"Centurion and Healer","floor":29.0,"turns":4.0},{"damage":18,"enemies":"3 Cultists","floor":31,"turns":3},{"damage":25,"enemies":"Automaton","floor":33,"turns":8},{"damage":1,"enemies":"Orb Walker","floor":35,"turns":3},{"damage":0,"enemies":"3 Shapes","floor":36,"turns":2},{"damage":9,"enemies":"Jaw Worm Horde","floor":37,"turns":3},{"damage":0,"enemies":"Maw","floor":39,"turns":6},{"damage":0,"enemies":"4 Shapes","floor":41,"turns":2},{"damage":3,"enemies":"Jaw Worm Horde","floor":45,"turns":4},{"damage":40,"enemies":"Awakened One","floor":50,"turns":8}],"seed_played":"6888719004250971526","potions_obtained":[{"floor":3.0,"key":"EssenceOfSteel"},{"floor":6.0,"key":"Fire Potion"},{"floor":10.0,"key":"AttackPotion"},{"floor":14.0,"key":"AttackPotion"},{"floor":22.0,"key":"FocusPotion"},{"floor":27.0,"key":"Swift Potion"},{"floor":35,"key":"AttackPotion"}],"is_trial":false,"path_per_floor":["M","$","M","$","M","M","E","R","T","M","M","R","M","E","R","B",null,"M","$","M","M","M","?","?","$","T","M","R","M","R","M","R","B",null,"M","M","M","$","M","R","M","?","T","$","M","R","$","?","R","B",null],"character_chosen":"DEFECT","items_purchased":["Defragment","Conserve Battery","Leap","Membership Card","Capacitor+1","Reboot","Regen Potion","Lantern","Art of War","BootSequence","Hologram","Panache+1"],"campfire_rested":2,"item_purchase_floors":[4,19,19,25,25,25,25,25,38,38,44,47],"current_hp_per_floor":[74,74,68,68,56,48,44,44,44,44,35,35,29,16,38,18,75,57,57,56,35,35,35,35,35,35,22,31,28,37,19,50,25,75,74,74,65,65,65,75,75,75,75,75,72,75,75,75,75,50],"gold":105,"neow_bonus":"RANDOM_COMMON_RELIC","is_prod":false,"is_daily":false,"chose_seed":false,"campfire_upgraded":7,"win_rate":0,"timestamp":1541973376,"path_taken":["M","?","M","$","M","M","E","R","T","?","M","R","M","E","R","BOSS","M","$","M","M","M","?","?","$","T","M","R","M","R","M","R","BOSS","M","M","M","$","M","R","M","?","T","$","?","R","$","?","R","BOSS"],"build_version":"2018-11-08","purchased_purges":4,"victory":true,"max_hp_per_floor":[75,75,75,75,75,75,75,75,75,75,75,75,75,75,75,75,75,75,75,75,75,75,75,75,75,75,75,75,75,75,75,75,75,75,75,75,75,75,75,75,75,75,75,75,75,75,75,75,75,75],"card_choices":[{"not_picked":["Streamline","Compile Driver"],"picked":"Ball Lightning","floor":1.0},{"not_picked":["Stack","Rebound","Streamline"],"picked":"SKIP","floor":3.0},{"not_picked":["Compile Driver","Go for the Eyes","Rebound"],"picked":"SKIP","floor":5.0},{"not_picked":["Gash","Go for the Eyes","Streamline"],"picked":"SKIP","floor":6.0},{"not_picked":["Barrage","Leap"],"picked":"Seek","floor":7.0},{"not_picked":["Melter","Blizzard"],"picked":"Genetic Algorithm","floor":10.0},{"not_picked":["Consume","Skim","Rebound"],"picked":"SKIP","floor":11.0},{"not_picked":["Rebound","Darkness","Fusion"],"picked":"SKIP","floor":13.0},{"not_picked":["Skim","Chaos"],"picked":"Force Field","floor":14.0},{"not_picked":["Fission","All For One"],"picked":"Electrodynamics+1","floor":16.0},{"not_picked":["Coolheaded+1","Ball Lightning","Sweeping Beam"],"picked":"SKIP","floor":18.0},{"not_picked":["Sweeping Beam","Beam Cell","Ball Lightning"],"picked":"SKIP","floor":20.0},{"not_picked":["Skim","Fission","Barrage"],"picked":"SKIP","floor":21.0},{"not_picked":["Sweeping Beam","Streamline+1","Coolheaded"],"picked":"SKIP","floor":22.0},{"not_picked":["Undo","Reprogram+1","FTL+1"],"picked":"SKIP","floor":27.0},{"not_picked":["Ball Lightning+1","Genetic Algorithm"],"picked":"Stack","floor":29.0},{"not_picked":["Rip and Tear+1","Recycle"],"picked":"Storm+1","floor":31},{"not_picked":["Reboot","Amplify"],"picked":"Thunder Strike+1","floor":33},{"not_picked":[],"picked":"Conserve Battery+1","floor":35},{"not_picked":["Lockon+1"],"picked":"SKIP","floor":36},{"not_picked":["Compile Driver+1"],"picked":"SKIP","floor":37},{"not_picked":["Ball Lightning+1"],"picked":"SKIP","floor":39},{"not_picked":["Coolheaded+1"],"picked":"SKIP","floor":41},{"not_picked":["Turbo"],"picked":"SKIP","floor":45},{"not_picked":[],"picked":"Blind","floor":48}],"player_experience":454943,"relics_obtained":[{"floor":7.0,"key":"Old Coin"},{"floor":9.0,"key":"Frozen Egg 2"},{"floor":14.0,"key":"MawBank"},{"floor":26.0,"key":"Molten Egg 2"},{"floor":43,"key":"Regal Pillow"}],"event_choices":[{"damage_healed":0.0,"max_hp_gain":0.0,"max_hp_loss":0.0,"gold_gain":0.0,"event_name":"Forgotten Altar","player_choice":"Smashed Altar","floor":23.0,"gold_loss":0.0,"damage_taken":0.0,"cards_obtained":["Decay"]},{"cards_removed":["Decay"],"damage_healed":0.0,"max_hp_gain":0.0,"max_hp_loss":0.0,"gold_gain":0.0,"event_name":"Bonfire Elementals","player_choice":"Offered Curse","floor":24.0,"gold_loss":0.0,"damage_taken":0.0,"relics_obtained":["Spirit Poop"]},{"damage_healed":0,"gold_gain":0,"player_choice":"Upgraded","damage_taken":0,"max_hp_gain":0,"max_hp_loss":0,"event_name":"Upgrade Shrine","floor":42,"gold_loss":0,"cards_upgraded":["Dualcast"]},{"damage_healed":0,"gold_gain":0,"player_choice":"Memory 1","damage_taken":0,"max_hp_gain":0,"max_hp_loss":0,"event_name":"SensoryStone","floor":48,"gold_loss":0}],"is_beta":false,"boss_relics":[{"not_picked":["Calling Bell","Pandora\u0027s Box"],"picked":"Eternal Feather"},{"not_picked":["Runic Pyramid","Empty Cage"],"picked":"Busted Crown"}],"items_purged_floors":[2,19,25,38],"is_endless":false,"potions_floor_spawned":[3,6,10,14,22,27,35,39],"ascension_level":0}