{"path_per_floor":["M","M","?","$","?","R","M","M","T","$","M","M","R","M","R","B",null,"M","$","M"],"character_chosen":"THE_SILENT","items_purchased":["Sucker Punch","Backflip","Noxious Fumes"],"gold_per_floor":[116,127,127,80,80,80,91,110,110,58,75,93,93,104,104,209,209,224,70,83],"floor_reached":21,"campfire_rested":0,"playtime":5138,"current_hp_per_floor":[70,70,70,70,56,56,56,56,56,56,48,57,57,57,57,25,70,70,70,36],"items_purged":["Defend_G"],"gold":83,"play_id":"af75245b-5f72-4431-85a5-6fb6d9c55ebb","is_prod":false,"is_daily":false,"campfire_rituals":0,"campfire_upgraded":3,"is_hardmode":false,"path_taken":["M","M","?","$","?","R","M","M","T","$","M","M","R","?","R","BOSS","M","$","M","M"],"build_version":"2018-01-18-PROD4","purchased_purges":1,"victory":false,"master_deck":["Defend_G","Defend_G","Defend_G","Defend_G","Strike_G","Strike_G","Strike_G","Survivor","Neutralize","Bouncing Flask","Blur","Sucker Punch","Calculated Gamble","Outmaneuver","Backflip","Burst","Acrobatics","Tactician","Escape Plan","Noxious Fumes","Deflect"],"max_hp_per_floor":[70,70,70,70,70,70,70,70,70,70,70,70,70,70,70,70,70,70,70,70],"relics":["Ring of the Snake","Bottled Flame","Orrery"],"campfire_meditates":0,"card_choices":[{"not_picked":["Dagger Throw","Acrobatics"],"picked":"Bouncing Flask"},{"not_picked":["Well Laid Plans","Masterful Stab"],"picked":"Blur"},{"not_picked":["Prepared","Crippling Poison"],"picked":"Calculated Gamble"},{"not_picked":["Terror","Prepared"],"picked":"Outmaneuver"},{"not_picked":["Infinite Blades","Dash"],"picked":"Burst"},{"not_picked":["Dash","Reflex"],"picked":"Acrobatics"},{"not_picked":["Dagger Throw","Backstab"],"picked":"Tactician"},{"not_picked":["Acrobatics","Distraction"],"picked":"Escape Plan"},{"not_picked":["Flechettes","Skewer"],"picked":"Deflect"}],"player_experience":135121,"potions_floor_usage":[12,20,21],"damage_taken":[{"damage":0,"enemies":"Small Slimes","floor":1,"turns":4},{"damage":0,"enemies":"Cultist","floor":2,"turns":4},{"damage":0,"enemies":"2 Louse","floor":7,"turns":3},{"damage":0,"enemies":"Exordium Wildlife","floor":8,"turns":3},{"damage":8,"enemies":"3 Louse","floor":11,"turns":4},{"damage":6,"enemies":"Red Slaver","floor":12,"turns":5},{"damage":0,"enemies":"Gremlin Gang","floor":14,"turns":8},{"damage":32,"enemies":"The Guardian","floor":16,"turns":15},{"damage":0,"enemies":"Shell Parasite","floor":18,"turns":7},{"damage":34,"enemies":"2 Thieves","floor":20,"turns":3},{"damage":49,"enemies":"3 Cultists","floor":21,"turns":6}],"event_choices":[{"event_name":"Purifier","player_choice":"One Purge","floor":3,"damage_taken":0},{"event_name":"Shining Light","player_choice":"Entered Light","floor":5,"damage_taken":0}],"boss_relics":[{"not_picked":["Philosopher\u0027s Stone","Runic Pyramid"],"picked":"Orrery"}],"potions_floor_spawned":[8,11,12,14,20],"seed_played":"7818984529790060134","killed_by":"3 Cultists","is_trial":false}