{"gold_per_floor":[117,117,136,154,169,199,199,215,261,286,314,329,347,202,202,299,299,309,329,346,363,363],"floor_reached":22,"playtime":775,"items_purged":[],"score":202,"play_id":"23e5da67-f3b4-43b8-8379-0f562abcf73e","local_time":"20181021122412","is_ascension_mode":false,"campfire_choices":[{"data":"Armaments","floor":7,"key":"SMITH"},{"data":"Demon Form","floor":15,"key":"SMITH"}],"neow_cost":"NONE","seed_source_timestamp":32040499593956,"circlet_count":0,"master_deck":["Strike_R","Strike_R","Strike_R","Strike_R","Strike_R","Defend_R","Defend_R","Defend_R","Defend_R","Bash","Twin Strike","Armaments+1","Battle Trance","Cleave","Spot Weakness","Demon Form+1","Feed","Dropkick"],"special_seed":0,"relics":["Burning Blood","NeowsBlessing","Lantern","Smiling Mask","Odd Mushroom","Self Forming Clay","Centennial Puzzle","Runic Pyramid"],"potions_floor_usage":[5,11],"damage_taken":[{"damage":0.0,"enemies":"Small Slimes","floor":1.0,"turns":1.0},{"damage":0,"enemies":"Cultist","floor":3,"turns":1},{"damage":0,"enemies":"Jaw Worm","floor":4,"turns":1},{"damage":6,"enemies":"Exordium Wildlife","floor":5,"turns":5},{"damage":28,"enemies":"Gremlin Nob","floor":6,"turns":4},{"damage":1,"enemies":"2 Fungi Beasts","floor":8,"turns":4},{"damage":21,"enemies":"The Mushroom Lair","floor":10,"turns":6},{"damage":10,"enemies":"Lagavulin","floor":11,"turns":5},{"damage":0,"enemies":"Lots of Slimes","floor":12,"turns":1},{"damage":2,"enemies":"3 Louse","floor":13,"turns":3},{"damage":3,"enemies":"Slime Boss","floor":16,"turns":6},{"damage":28,"enemies":"2 Thieves","floor":18,"turns":5},{"damage":16,"enemies":"3 Byrds","floor":19,"turns":4},{"damage":28,"enemies":"3 Cultists","floor":20,"turns":6},{"damage":36,"enemies":"Sentry and Sphere","floor":21,"turns":6},{"damage":12,"enemies":"Centurion and Healer","floor":22,"turns":1}],"seed_played":"2680180196018225147","potions_obtained":[{"floor":3,"key":"SkillPotion"},{"floor":5,"key":"BloodPotion"},{"floor":8,"key":"SpeedPotion"},{"floor":10,"key":"Poison Potion"},{"floor":13,"key":"FearPotion"}],"is_trial":false,"path_per_floor":["M","$","M","M","M","E","R","M","T","?","E","M","M","$","R","B",null,"M","M","M","M"],"character_chosen":"IRONCLAD","items_purchased":["Centennial Puzzle"],"campfire_rested":0,"item_purchase_floors":[14],"current_hp_per_floor":[80,80,80,80,80,58,58,63,63,48,44,50,54,54,54,57,80,62,55,36,9,0],"gold":363,"neow_bonus":"THREE_ENEMY_KILL","is_prod":false,"is_daily":false,"chose_seed":false,"campfire_upgraded":2,"win_rate":0,"timestamp":1540113852,"path_taken":["M","$","M","M","M","E","R","M","T","?","E","M","M","$","R","BOSS","M","M","M","M","?"],"build_version":"2018-10-18","purchased_purges":0,"victory":false,"max_hp_per_floor":[80,80,80,80,80,80,80,80,80,80,80,80,80,80,80,80,80,84,87,90,93,93],"card_choices":[{"not_picked":["Havoc","Bloodletting"],"picked":"Twin Strike","floor":1},{"not_picked":["Corruption","Carnage","Wild Strike"],"picked":"SKIP","floor":3},{"not_picked":["Havoc","Pommel Strike","Thunderclap"],"picked":"SKIP","floor":4},{"not_picked":["Metallicize","Pommel Strike","Seeing Red"],"picked":"SKIP","floor":5},{"not_picked":["Juggernaut","Burning Pact"],"picked":"Armaments","floor":6},{"not_picked":["Warcry","Perfected Strike"],"picked":"Battle Trance","floor":8},{"not_picked":["Clothesline","Sword Boomerang"],"picked":"Cleave","floor":10},{"not_picked":["True Grit","Havoc"],"picked":"Spot Weakness","floor":11},{"not_picked":["Second Wind","Iron Wave","Heavy Blade"],"picked":"SKIP","floor":12},{"not_picked":["Clothesline","Cleave"],"picked":"Demon Form","floor":13},{"not_picked":["Barricade","Impervious"],"picked":"Feed","floor":16},{"not_picked":["Perfected Strike","Combust"],"picked":"Dropkick","floor":18},{"not_picked":["Armaments","Feel No Pain+1","Clash"],"picked":"SKIP","floor":19},{"not_picked":["Dropkick","Pommel Strike","Perfected Strike"],"picked":"SKIP","floor":20},{"not_picked":["Body Slam","Thunderclap+1","Cleave"],"picked":"SKIP","floor":21}],"player_experience":412277,"relics_obtained":[{"floor":6,"key":"Lantern"},{"floor":9,"key":"Smiling Mask"},{"floor":10,"key":"Odd Mushroom"},{"floor":11,"key":"Self Forming Clay"}],"event_choices":[{"damage_healed":0,"gold_gain":0,"player_choice":"Fought Mushrooms","damage_taken":0,"max_hp_gain":0,"max_hp_loss":0,"event_name":"Mushrooms","floor":10,"gold_loss":0}],"is_beta":false,"boss_relics":[{"not_picked":["Black Star","Eternal Feather"],"picked":"Runic Pyramid"}],"items_purged_floors":[],"is_endless":false,"potions_floor_spawned":[3,5,8,10,13,16,19,21],"killed_by":"Centurion and Healer","ascension_level":0}