{"path_per_floor":["M","?","M","?","T","R","E","R","T","?","M","E","R","$","R","B",null,"M","T","M","M","$","R","M","R","T","R","M","M","M","M","R","B",null,"M","$","M","?","$","E","?","E","T","$","R","M","?","M","R"],"character_chosen":"THE_SILENT","items_purchased":["Infinite Blades","Block Potion","Accuracy","Bottled Tornado","Secret Weapon"],"gold_per_floor":[115,115,133,133,159,159,190,190,190,190,210,253,253,46,46,174,174,199,199,213,236,60,60,81,81,81,81,100,125,138,158,158,283,283,308,183,198,198,48,387,720,755,755,118,118,133,133,151,151],"floor_reached":50,"campfire_rested":2,"playtime":7173,"current_hp_per_floor":[68,68,68,65,65,65,53,53,53,46,44,40,40,40,40,25,65,65,65,65,49,49,49,47,47,47,47,44,44,32,21,40,21,65,65,65,65,65,65,65,65,38,38,38,38,23,39,38,57],"items_purged":["Defend_G","Strike_G","Strike_G","Deflect","Defend_G"],"gold":151,"play_id":"2ff40ca5-d9b1-43d5-b3b0-17b44d64dc90","is_prod":false,"is_daily":false,"campfire_rituals":0,"campfire_upgraded":8,"is_hardmode":false,"path_taken":["M","?","M","?","?","R","E","R","T","?","M","E","R","$","R","BOSS","M","?","M","M","$","R","?","R","T","R","M","?","M","?","R","BOSS","M","$","?","?","$","E","?","E","T","$","R","M","?","?","R","BOSS"],"build_version":"2018-01-18-PROD4","purchased_purges":5,"victory":false,"master_deck":["Defend_G","Defend_G","Defend_G","Strike_G","Strike_G","Survivor","Neutralize","Well Laid Plans","Dagger Spray","Outmaneuver","Cloak And Dagger","Dash","Infinite Blades","A Thousand Cuts","Blur","Accuracy","Terror","Escape Plan","Flying Knee","Accuracy","Phantasmal Killer","Blade Dance","Secret Weapon","Cloak And Dagger","Writhe","Choke"],"max_hp_per_floor":[70,70,70,65,65,65,65,65,65,65,65,65,65,65,65,65,65,65,65,65,65,65,65,65,65,65,65,65,65,65,65,65,65,65,65,65,65,65,65,65,65,65,65,65,65,65,65,65,65],"relics":["Ring of the Snake","Anchor","Toolbox","Sundial","Art of War","Sozu","Calipers","Ginger","Snecko Eye","Old Coin","Dream Catcher","Unceasing Top","Bottled Tornado"],"campfire_meditates":0,"card_choices":[{"not_picked":["Outmaneuver","Leg Sweep"],"picked":"Well Laid Plans"},{"not_picked":["Sucker Punch","Cloak And Dagger"],"picked":"Dagger Spray"},{"not_picked":["Quick Slash","All Out Attack"],"picked":"Outmaneuver"},{"not_picked":["Prepared","Quick Slash"],"picked":"Cloak And Dagger"},{"not_picked":["Bullet Time","Prepared"],"picked":"Dash"},{"not_picked":["Tactician","Bullet Time"],"picked":"A Thousand Cuts"},{"not_picked":["Flying Knee","Bane"],"picked":"Deflect"},{"not_picked":["A Thousand Cuts","Poisoned Stab"],"picked":"Blur"},{"not_picked":["Finisher","Prepared"],"picked":"Terror"},{"not_picked":["Choke","Terror"],"picked":"Escape Plan"},{"not_picked":["Eviscerate","PiercingWail"],"picked":"Flying Knee"},{"not_picked":["Bane","Deadly Poison"],"picked":"Accuracy"},{"not_picked":["Night Terror","A Thousand Cuts"],"picked":"Phantasmal Killer"},{"not_picked":["Prepared","Heel Hook"],"picked":"Blade Dance"},{"not_picked":["Footwork","Well Laid Plans"],"picked":"Cloak And Dagger"},{"not_picked":["Acrobatics","Dagger Spray"],"picked":"Choke"}],"player_experience":141320,"potions_floor_usage":[12,16,16],"damage_taken":[{"damage":2,"enemies":"Small Slimes","floor":1,"turns":4},{"damage":0,"enemies":"Jaw Worm","floor":3,"turns":5},{"damage":12,"enemies":"3 Sentries","floor":7,"turns":6},{"damage":2,"enemies":"Blue Slaver","floor":11,"turns":6},{"damage":4,"enemies":"Lagavulin","floor":12,"turns":9},{"damage":15,"enemies":"Hexaghost","floor":16,"turns":12},{"damage":0,"enemies":"Spheric Guardian","floor":18,"turns":4},{"damage":0,"enemies":"Chosen","floor":20,"turns":5},{"damage":16,"enemies":"Snake Plant","floor":21,"turns":7},{"damage":2,"enemies":"3 Cultists","floor":24,"turns":5},{"damage":3,"enemies":"Centurion and Healer","floor":28,"turns":5},{"damage":0,"enemies":"Snecko","floor":29,"turns":6},{"damage":12,"enemies":"Snake Plant","floor":30,"turns":4},{"damage":11,"enemies":"Sentry and Sphere","floor":31,"turns":4},{"damage":19,"enemies":"Collector","floor":33,"turns":8},{"damage":0,"enemies":"3 Shapes","floor":35,"turns":3},{"damage":0,"enemies":"Orb Walker","floor":37,"turns":3},{"damage":0,"enemies":"Giant Head","floor":40,"turns":6},{"damage":27,"enemies":"2 Orb Walkers","floor":42,"turns":4},{"damage":15,"enemies":"Sphere and 2 Shapes","floor":46,"turns":3},{"damage":1,"enemies":"4 Shapes","floor":48,"turns":3},{"damage":61,"enemies":"Donu and Deca","floor":50,"turns":4}],"event_choices":[{"event_name":"Living Wall","player_choice":"Grow","floor":2,"damage_taken":0},{"event_name":"Golden Idol","player_choice":"Lose Max HP","floor":4,"damage_taken":0},{"event_name":"Golden Wing","player_choice":"Card Removal","floor":10,"damage_taken":0},{"event_name":"Upgrade Shrine","player_choice":"Upgraded","floor":38,"damage_taken":0},{"event_name":"The Moai Head","player_choice":"Gave Idol","floor":41,"damage_taken":0},{"event_name":"Winding Halls","player_choice":"Writhe","floor":47,"damage_taken":0}],"boss_relics":[{"not_picked":["Tiny House","Black Star"],"picked":"Sozu"},{"not_picked":["Velvet Choker","White Beast Statue"],"picked":"Snecko Eye"}],"potions_floor_spawned":[1,3,7,21,24,29,30,31,37,46],"seed_played":"4409936273259339813","killed_by":"Donu and Deca","is_trial":false}