{"path_per_floor":["M","M","M","$","?","E","R","?","T","?","R","E","$","M","R","B",null,"M","M","T","?","M","R","E","$","T","$","M","R","M","?","R","B",null,"M","?","?","M","$","M","R","M","T","?","M","R","M","M","R","B"],"character_chosen":"IRONCLAD","items_purchased":["Thunderclap","Iron Wave","Inflame","Rampage"],"gold_per_floor":[113,123,138,63,63,91,91,91,118,118,118,150,1,15,15,116,116,134,153,153,243,257,257,289,118,118,118,128,128,143,175,175,280,280,290,290,290,310,41,55,55,72,121,121,133,133,153,169,169,169],"floor_reached":51,"campfire_rested":0,"playtime":4306,"current_hp_per_floor":[80,80,80,80,77,80,80,80,80,73,73,75,75,77,77,58,80,80,80,80,56,74,74,62,62,62,62,80,80,76,80,80,80,80,66,66,66,78,78,73,73,71,71,61,80,80,67,72,72,53],"items_purged":["Strike_R","Defend_R","Strike_R","Strike_R"],"gold":169,"play_id":"b94d28b7-6820-4691-a967-94d78c795c15","is_prod":false,"is_daily":false,"is_ascension_mode":false,"campfire_upgraded":9,"path_taken":["M","M","M","$","?","E","R","?","T","?","R","E","$","M","R","BOSS","M","M","?","?","M","R","E","$","T","$","M","R","?","?","R","BOSS","M","?","?","M","$","M","R","M","T","?","?","R","M","M","R","BOSS"],"build_version":"2018-02-01-BETA1","purchased_purges":5,"victory":true,"master_deck":["Strike_R","Defend_R+1","Defend_R+1","Bash","Offering+1","Seeing Red+1","Armaments+1","Body Slam+1","Thunderclap+1","Reaper+1","Whirlwind+1","Shrug It Off+1","Dark Shackles+1","Shrug It Off+1","Iron Wave+1","Spot Weakness+1","Brutality+1","Inflame+1","Rampage+1","Rupture","Madness","Madness","Juggernaut+1"],"max_hp_per_floor":[80,80,80,80,80,80,80,80,80,80,80,80,80,80,80,80,80,80,80,80,80,80,80,80,80,80,80,80,80,80,80,80,80,80,80,80,80,80,80,80,80,80,80,80,80,80,80,80,80,80],"relics":["Black Blood","Self Forming Clay","Molten Egg 2","Oddly Smooth Stone","Happy Flower","Blood Vial","War Paint","Orichalcum","Red Mask","Lizard Tail","Art of War"],"card_choices":[{"not_picked":["Spot Weakness","Intimidate"],"picked":"Seeing Red"},{"not_picked":["True Grit","Disarm"],"picked":"Armaments"},{"not_picked":["Pommel Strike","Immolate"],"picked":"Body Slam"},{"not_picked":["Impervious","Demon Form"],"picked":"Reaper"},{"not_picked":["Anger","Warcry"],"picked":"Whirlwind"},{"not_picked":["Warcry","Hemokinesis"],"picked":"Shrug It Off"},{"not_picked":["Disarm","Corruption"],"picked":"Shrug It Off"},{"not_picked":["Armaments","Power Through"],"picked":"Spot Weakness"},{"not_picked":["Feed","Berserk"],"picked":"Brutality"},{"not_picked":["Evolve","Havoc"],"picked":"Rupture"},{"not_picked":["Anger","Twin Strike"],"picked":"Juggernaut"}],"player_experience":192714,"potions_floor_usage":[6,6,30,33,35,38,45,50,50],"damage_taken":[{"damage":0,"enemies":"2 Louse","floor":1,"turns":3},{"damage":4,"enemies":"Cultist","floor":2,"turns":2},{"damage":6,"enemies":"Blue Slaver","floor":3,"turns":3},{"damage":9,"enemies":"Lagavulin","floor":6,"turns":5},{"damage":4,"enemies":"Gremlin Nob","floor":12,"turns":2},{"damage":4,"enemies":"Large Slime","floor":14,"turns":1},{"damage":25,"enemies":"The Guardian","floor":16,"turns":9},{"damage":4,"enemies":"Spheric Guardian","floor":18,"turns":3},{"damage":17,"enemies":"Shell Parasite","floor":19,"turns":4},{"damage":4,"enemies":"Cultist and Chosen","floor":22,"turns":4},{"damage":31,"enemies":"Book of Stabbing","floor":24,"turns":6},{"damage":4,"enemies":"3 Cultists","floor":28,"turns":3},{"damage":14,"enemies":"Snecko","floor":30,"turns":5},{"damage":4,"enemies":"Masked Bandits","floor":31,"turns":1},{"damage":5,"enemies":"Champ","floor":33,"turns":8},{"damage":27,"enemies":"3 Shapes","floor":35,"turns":3},{"damage":0,"enemies":"Orb Walker","floor":38,"turns":2},{"damage":17,"enemies":"Spire Growth","floor":40,"turns":4},{"damage":27,"enemies":"Maw","floor":42,"turns":6},{"damage":5,"enemies":"3 Darklings","floor":45,"turns":2},{"damage":23,"enemies":"Sphere and 2 Shapes","floor":47,"turns":4},{"damage":7,"enemies":"Spire Growth","floor":48,"turns":5},{"damage":61,"enemies":"Awakened One","floor":50,"turns":8}],"event_choices":[{"event_name":"Scrap Ooze","player_choice":"success","floor":5,"damage_taken":3},{"event_name":"The Woman in Blue","player_choice":"Bought 0 Potions","floor":8,"damage_taken":0},{"event_name":"Golden Wing","player_choice":"Card Removal","floor":10,"damage_taken":0},{"event_name":"Knowing Skull","player_choice":"CARD GOLD ","floor":21,"damage_taken":0},{"event_name":"Masked Bandits","player_choice":"Fought over 143 gold","floor":31,"damage_taken":0},{"event_name":"Mysterious Sphere","player_choice":"Ignore","floor":37,"damage_taken":0},{"event_name":"Winding Halls","player_choice":"Embrace Madness","floor":44,"damage_taken":0}],"boss_relics":[{"not_picked":["Runic Dome","Cursed Key"],"picked":"Black Blood"},{"not_picked":["Calling Bell","Question Card"],"picked":"Lizard Tail"}],"potions_floor_spawned":[1,2,3,28,30,31,33,38,47],"seed_played":"6969711502474410292","ascension_level":0,"is_trial":false}