{"gold_per_floor":[109,120,120,133,147,178,178,193,216,231,242,269,269,195,195,195],"floor_reached":16,"playtime":481,"items_purged":[],"score":139,"play_id":"4c142036-df38-4aad-ac74-084240003e74","local_time":"20180730230611","is_ascension_mode":false,"campfire_choices":[{"data":"Ghostly Armor","floor":7,"key":"SMITH"},{"data":"Sword Boomerang","floor":13,"key":"SMITH"},{"data":"Barricade","floor":15,"key":"SMITH"}],"neow_cost":"NONE","seed_source_timestamp":123107355114446,"circlet_count":0,"master_deck":["Strike_R","Strike_R","Strike_R","Strike_R","Strike_R","Defend_R","Defend_R","Defend_R","Defend_R","Bash+1","Ghostly Armor+1","Thunderclap","Sword Boomerang+1","Iron Wave","Barricade+1"],"relics":["Burning Blood","Mango","Bronze Scales","Strawberry"],"potions_floor_usage":[6,6,11],"damage_taken":[{"damage":8,"enemies":"Jaw Worm","floor":1,"turns":4},{"damage":6,"enemies":"2 Louse","floor":2,"turns":2},{"damage":6,"enemies":"Cultist","floor":4,"turns":3},{"damage":22,"enemies":"Large Slime","floor":5,"turns":6},{"damage":21,"enemies":"Lagavulin","floor":6,"turns":5},{"damage":18,"enemies":"Exordium Thugs","floor":8,"turns":5},{"damage":3,"enemies":"Red Slaver","floor":10,"turns":4},{"damage":12,"enemies":"Exordium Wildlife","floor":11,"turns":4},{"damage":20,"enemies":"3 Sentries","floor":12,"turns":7},{"damage":41,"enemies":"The Guardian","floor":16,"turns":15}],"seed_played":"-3528313096129532868","potions_obtained":[{"floor":2,"key":"Strength Potion"},{"floor":5,"key":"Swift Potion"},{"floor":6,"key":"Fire Potion"},{"floor":10,"key":"Regen Potion"}],"is_trial":false,"path_per_floor":["M","M","$","M","M","E","R","M","T","M","M","E","R","$","R"],"character_chosen":"IRONCLAD","items_purchased":["Barricade"],"campfire_rested":0,"item_purchase_floors":[14],"current_hp_per_floor":[78,78,78,78,62,61,61,49,49,52,46,39,39,39,39,0],"gold":195,"neow_bonus":"UPGRADE_CARD","is_prod":false,"is_daily":false,"chose_seed":false,"campfire_upgraded":3,"win_rate":0,"timestamp":1532981171,"path_taken":["M","M","$","M","M","E","R","M","T","M","M","E","R","$","R","BOSS"],"build_version":"2018-07-26","purchased_purges":0,"victory":false,"max_hp_per_floor":[80,80,80,80,80,94,94,94,94,94,94,101,101,101,101,101],"card_choices":[{"not_picked":["Flex","Infernal Blade","Wild Strike"],"picked":"SKIP","floor":1},{"not_picked":["Evolve","Warcry"],"picked":"Ghostly Armor","floor":2},{"not_picked":["Havoc","Anger","Clash"],"picked":"SKIP","floor":4},{"not_picked":["Headbutt","Rampage","Power Through"],"picked":"SKIP","floor":5},{"not_picked":["Blood for Blood","Heavy Blade","Combust"],"picked":"SKIP","floor":6},{"not_picked":["Anger","Dark Embrace"],"picked":"Thunderclap","floor":8},{"not_picked":["Heavy Blade","Hemokinesis"],"picked":"Sword Boomerang","floor":10},{"not_picked":["Anger","Pommel Strike","Clash"],"picked":"SKIP","floor":11},{"not_picked":["Burning Pact","Entrench"],"picked":"Iron Wave","floor":12}],"player_experience":272031,"relics_obtained":[{"floor":6,"key":"Mango"},{"floor":9,"key":"Bronze Scales"},{"floor":12,"key":"Strawberry"}],"event_choices":[],"is_beta":false,"boss_relics":[],"items_purged_floors":[],"is_endless":false,"potions_floor_spawned":[2,5,6,10],"killed_by":"The Guardian","ascension_level":0}