{"path_per_floor":["M","?","?","M","M","E","R","$","T","E","R","$","E","M","R","B",null,"M","M","M","T","M","E","R","?","T","R","E","$","R","M","R","B",null,"M","?","?","M","?","R","M","$","T","E","R","M","R","E","R","B"],"character_chosen":"THE_SILENT","items_purchased":["Dagger Spray","Oddly Smooth Stone","Bullet Time","Backstab"],"gold_per_floor":[111,211,211,223,243,273,273,152,175,205,205,52,86,103,103,198,198,209,219,233,233,246,271,271,300,300,300,326,71,71,88,88,191,191,201,201,201,215,215,215,231,33,58,88,88,102,102,128,128,128],"floor_reached":51,"campfire_rested":1,"playtime":5265,"current_hp_per_floor":[70,70,70,70,70,60,60,60,60,52,52,52,46,46,46,18,70,69,69,69,83,83,73,73,73,73,73,68,68,68,68,68,68,84,76,76,65,65,65,65,65,65,65,60,60,60,60,62,86,64],"items_purged":["Strike_G","Defend_G","Setup"],"gold":128,"score":836,"play_id":"9bcb5866-620b-463f-8164-4416e7530bb7","local_time":"20180509031351","is_prod":false,"is_daily":false,"chose_seed":false,"is_ascension_mode":false,"campfire_upgraded":10,"timestamp":1525828431,"path_taken":["M","?","?","M","M","E","R","$","T","E","R","?","E","?","R","BOSS","M","M","M","?","M","E","R","?","T","R","E","$","R","M","R","BOSS","M","?","?","?","?","R","?","$","T","E","R","?","R","E","R","BOSS"],"build_version":"2018-05-07","seed_source_timestamp":37401857502336,"purchased_purges":3,"victory":true,"master_deck":["Survivor+1","Neutralize+1","Adrenaline+1","Noxious Fumes+1","Acrobatics","Backflip+1","Bane","Dagger Spray+1","Predator+1","Infinite Blades","Adrenaline","Glass Knife+1","Burst+1","Flechettes+1","Dash+1","Slice+1","Deadly Poison+1","Caltrops","Deflect+1","Bullet Time+1","A Thousand Cuts+1","Poisoned Stab","Finisher","PiercingWail","Escape Plan+1","Panache","Madness","Madness","Terror+1","Backstab","Adrenaline"],"max_hp_per_floor":[70,70,70,70,70,70,70,70,70,70,70,70,70,70,70,70,70,70,70,70,84,84,84,84,84,84,84,84,84,84,84,84,84,84,84,84,84,84,84,84,84,84,84,84,84,84,84,86,86,86],"relics":["Ring of the Snake","Bag of Preparation","Regal Pillow","Happy Flower","Oddly Smooth Stone","Ice Cream","Astrolabe","Mango","Ancient Tea Set","Red Mask","Shuriken","Mercury Hourglass","Pandora\u0027s Box","Orichalcum","War Paint","Singing Bowl"],"card_choices":[{"not_picked":["Acrobatics","Poisoned Stab"],"picked":"Noxious Fumes","floor":1},{"not_picked":["Deadly Poison","Calculated Gamble"],"picked":"Acrobatics","floor":4},{"not_picked":["Underhanded Strike","Flying Knee"],"picked":"Backflip","floor":5},{"not_picked":["Dagger Throw","Poisoned Stab"],"picked":"Bane","floor":6},{"not_picked":["Bouncing Flask","Wraith Form v2"],"picked":"Predator","floor":10},{"not_picked":["Acrobatics","Deadly Poison"],"picked":"Infinite Blades","floor":13},{"not_picked":["Tactician","Die Die Die"],"picked":"Adrenaline","floor":16},{"not_picked":["Quick Slash","Deadly Poison"],"picked":"Dash","floor":18},{"not_picked":["PiercingWail","Underhanded Strike"],"picked":"Slice","floor":19},{"not_picked":["Dagger Spray","Distraction"],"picked":"Deadly Poison","floor":20},{"not_picked":["PiercingWail","Underhanded Strike"],"picked":"Caltrops","floor":25},{"not_picked":["Predator","Flying Knee"],"picked":"Deflect","floor":28},{"not_picked":["Tactician","Venomology"],"picked":"A Thousand Cuts","floor":33},{"not_picked":["Transmutation","Sadistic Nature"],"picked":"Panache","floor":36},{"not_picked":["Quick Slash","Slice"],"picked":"Terror","floor":38},{"not_picked":["Acrobatics","Leg Sweep"],"picked":"Adrenaline","floor":46}],"player_experience":396986,"potions_floor_usage":[6,6,6,10,20,23,23,23,35,35,44,50,50,50],"damage_taken":[{"damage":0,"enemies":"2 Louse","floor":1,"turns":2},{"damage":0,"enemies":"Cultist","floor":4,"turns":5},{"damage":0,"enemies":"Jaw Worm","floor":5,"turns":4},{"damage":10,"enemies":"3 Sentries","floor":6,"turns":7},{"damage":8,"enemies":"Lagavulin","floor":10,"turns":7},{"damage":6,"enemies":"3 Sentries","floor":13,"turns":5},{"damage":0,"enemies":"Large Slime","floor":14,"turns":4},{"damage":28,"enemies":"The Guardian","floor":16,"turns":11},{"damage":1,"enemies":"Shell Parasite","floor":18,"turns":3},{"damage":0,"enemies":"Spheric Guardian","floor":19,"turns":3},{"damage":0,"enemies":"Snake Plant","floor":20,"turns":3},{"damage":0,"enemies":"Cultist and Chosen","floor":22,"turns":4},{"damage":18,"enemies":"Gremlin Leader","floor":23,"turns":4},{"damage":0,"enemies":"Masked Bandits","floor":25,"turns":2},{"damage":5,"enemies":"Slavers","floor":28,"turns":4},{"damage":0,"enemies":"Centurion and Healer","floor":31,"turns":2},{"damage":0,"enemies":"Collector","floor":33,"turns":4},{"damage":8,"enemies":"3 Darklings","floor":35,"turns":3},{"damage":0,"enemies":"Orb Walker","floor":38,"turns":2},{"damage":0,"enemies":"4 Shapes","floor":41,"turns":2},{"damage":5,"enemies":"2 Orb Walkers","floor":44,"turns":3},{"damage":0,"enemies":"3 Darklings","floor":46,"turns":2},{"damage":0,"enemies":"Nemesis","floor":48,"turns":3},{"damage":22,"enemies":"Awakened One","floor":50,"turns":6}],"event_choices":[{"event_name":"Wheel of Change","player_choice":"Gold","floor":2,"damage_taken":0},{"event_name":"The Lab","player_choice":"Got Potions","floor":3,"damage_taken":0},{"event_name":"Masked Bandits","player_choice":"Fought over 271 gold","floor":25,"damage_taken":0},{"event_name":"SensoryStone","player_choice":"Memory 1","floor":36,"damage_taken":0},{"event_name":"Winding Halls","player_choice":"Embrace Madness","floor":37,"damage_taken":0},{"event_name":"Accursed Blacksmith","player_choice":"Ignore","floor":39,"damage_taken":0}],"boss_relics":[{"not_picked":["Orrery","Runic Dome"],"picked":"Astrolabe"},{"not_picked":["Eternal Feather","Black Star"],"picked":"Pandora\u0027s Box"}],"potions_floor_spawned":[1,6,16,18,19,22,33,35,38,48],"seed_played":"6303487506498815136","ascension_level":0,"is_trial":false}