{"gold_per_floor":[213,63,76,86,96,122,122,132,156,169,181,198,198,212,212,314,314,324,9,0,18,33,33,51,51,124,124,142,142,193,212,212,307,357,367,367,289,307,407,441,6,6,30,30,30,48,63,76,76,76],"floor_reached":51,"playtime":2111,"items_purged":["Strike_G"],"score":685,"play_id":"09437fd6-2322-4caf-9f17-e869929b5872","local_time":"20181030032627","is_ascension_mode":false,"campfire_choices":[{"floor":7.0,"key":"REST"},{"data":"Neutralize","floor":15,"key":"SMITH"},{"data":"Noxious Fumes","floor":23,"key":"SMITH"},{"data":"After Image","floor":29,"key":"SMITH"},{"data":"Bouncing Flask","floor":32,"key":"SMITH"},{"data":"After Image","floor":42,"key":"SMITH"},{"data":"Well Laid Plans","floor":44,"key":"SMITH"},{"data":"Caltrops","floor":49,"key":"SMITH"}],"neow_cost":"NONE","seed_source_timestamp":105073532038106,"circlet_count":0,"master_deck":["Defend_G","Defend_G","Defend_G","Defend_G","Defend_G","Strike_G","Strike_G","Strike_G","Strike_G+1","Survivor","Neutralize+1","Crippling Poison","Deadly Poison","Backflip","Leg Sweep","Caltrops+1","Deflect","Backflip","Deadly Poison","Noxious Fumes+1","Deflect+1","After Image+1","Bouncing Flask+1","After Image+1","Well Laid Plans+1","Flying Knee","Leg Sweep","Dodge and Roll"],"special_seed":0,"relics":["Ring of the Snake","Bronze Scales","Paper Crane","Art of War","Coffee Dripper","Matryoshka","Ancient Tea Set","Bottled Flame","Boot","Omamori","Tiny House","Incense Burner","Oddly Smooth Stone","Singing Bowl","Centennial Puzzle"],"potions_floor_usage":[40,40,50,50],"damage_taken":[{"damage":0.0,"enemies":"2 Louse","floor":1.0,"turns":4.0},{"damage":3.0,"enemies":"Jaw Worm","floor":3.0,"turns":3.0},{"damage":1.0,"enemies":"Cultist","floor":4.0,"turns":4.0},{"damage":19.0,"enemies":"Exordium Thugs","floor":5.0,"turns":5.0},{"damage":31.0,"enemies":"Gremlin Nob","floor":6.0,"turns":5.0},{"damage":14.0,"enemies":"Large Slime","floor":8.0,"turns":7.0},{"damage":2,"enemies":"Blue Slaver","floor":10,"turns":4},{"damage":4,"enemies":"2 Fungi Beasts","floor":11,"turns":6},{"damage":1,"enemies":"3 Louse","floor":12,"turns":3},{"damage":0,"enemies":"Blue Slaver","floor":14,"turns":4},{"damage":17,"enemies":"The Guardian","floor":16,"turns":10},{"damage":0,"enemies":"3 Byrds","floor":18,"turns":1},{"damage":0,"enemies":"Chosen","floor":21,"turns":4},{"damage":3,"enemies":"Snake Plant","floor":22,"turns":4},{"damage":0,"enemies":"Centurion and Healer","floor":24,"turns":11},{"damage":1,"enemies":"Chosen and Byrds","floor":28,"turns":6},{"damage":0,"enemies":"Snecko","floor":31,"turns":5},{"damage":55,"enemies":"Champ","floor":33,"turns":12},{"damage":0,"enemies":"Orb Walker","floor":35,"turns":5},{"damage":2,"enemies":"3 Darklings","floor":38,"turns":5},{"damage":1,"enemies":"Mind Bloom Boss Battle","floor":39,"turns":7},{"damage":38,"enemies":"Reptomancer","floor":40,"turns":7},{"damage":6,"enemies":"4 Shapes","floor":46,"turns":5},{"damage":0,"enemies":"Maw","floor":47,"turns":8},{"damage":0,"enemies":"3 Darklings","floor":48,"turns":5},{"damage":6,"enemies":"Awakened One","floor":50,"turns":17}],"seed_played":"-8963808687492696027","potions_obtained":[{"floor":1.0,"key":"LiquidBronze"},{"floor":10,"key":"FearPotion"},{"floor":12,"key":"SpeedPotion"},{"floor":21,"key":"AttackPotion"},{"floor":28,"key":"Weak Potion"},{"floor":38,"key":"Fire Potion"},{"floor":40,"key":"Block Potion"},{"floor":46,"key":"Ancient Potion"}],"is_trial":false,"path_per_floor":["M","$","M","M","M","E","R","M","T","M","M","M","?","M","R","B",null,"M","$","?","M","M","R","M","$","T","$","M","R","T","M","R","B",null,"M","?","$","M","?","E","$","R","T","R","?","M","M","M","R","B"],"character_chosen":"THE_SILENT","items_purchased":["Bronze Scales","Noxious Fumes","Matryoshka","Well Laid Plans","Singing Bowl","Leg Sweep","Dodge and Roll"],"campfire_rested":1,"item_purchase_floors":[2,19,19,37,41,41,41],"current_hp_per_floor":[70,70,67,66,47,16,37,23,23,21,17,16,39,39,39,22,70,70,70,70,70,67,67,67,67,67,67,66,66,66,66,66,11,75,75,75,75,73,72,34,34,34,34,34,53,49,51,53,53,47],"gold":76,"neow_bonus":"HUNDRED_GOLD","is_prod":false,"is_daily":false,"chose_seed":false,"campfire_upgraded":7,"win_rate":0,"timestamp":1540862787,"path_taken":["M","$","M","M","M","E","R","M","T","M","M","M","?","M","R","BOSS","M","?","?","M","M","R","M","$","T","$","M","R","?","?","R","BOSS","M","?","$","M","?","E","$","R","T","R","?","M","M","M","R","BOSS"],"build_version":"2018-10-25v2","purchased_purges":1,"victory":true,"max_hp_per_floor":[70,70,70,70,70,70,70,70,70,70,70,70,70,70,70,70,70,70,70,70,70,70,70,70,70,70,70,70,70,70,70,70,70,75,75,75,75,75,75,75,75,75,75,75,75,77,79,81,81,81],"card_choices":[{"not_picked":["Dagger Throw","Quick Slash"],"picked":"Crippling Poison","floor":1.0},{"not_picked":["Prepared","Blade Dance"],"picked":"Deadly Poison","floor":3.0},{"not_picked":["Tools of the Trade","Dagger Spray"],"picked":"Backflip","floor":4.0},{"not_picked":["Outmaneuver","Slice"],"picked":"Leg Sweep","floor":5.0},{"not_picked":["Acrobatics","Slice","PiercingWail"],"picked":"SKIP","floor":6.0},{"not_picked":["Outmaneuver","Slice"],"picked":"Caltrops","floor":8.0},{"not_picked":["Skewer","Dodge and Roll"],"picked":"Deflect","floor":10},{"not_picked":["Poisoned Stab","Bane"],"picked":"Backflip","floor":11},{"not_picked":["Backflip","Setup","Dagger Spray"],"picked":"SKIP","floor":12},{"not_picked":["Die Die Die","Poisoned Stab"],"picked":"Deadly Poison","floor":14},{"not_picked":["Dagger Throw","Distraction","Outmaneuver"],"picked":"SKIP","floor":18},{"not_picked":["Quick Slash+1","Dagger Spray","Bane"],"picked":"SKIP","floor":21},{"not_picked":["Predator","Flying Knee+1"],"picked":"Deflect+1","floor":22},{"not_picked":["Poisoned Stab","Cloak And Dagger+1","Eviscerate"],"picked":"SKIP","floor":24},{"not_picked":["Masterful Stab","Outmaneuver"],"picked":"After Image","floor":28},{"not_picked":["Sucker Punch+1","Infinite Blades"],"picked":"Bouncing Flask","floor":31},{"not_picked":["Doppelganger","Corpse Explosion"],"picked":"After Image","floor":33},{"not_picked":["Deadly Poison+1","Reflex","Dagger Throw"],"picked":"SKIP","floor":35},{"not_picked":["All Out Attack","Reflex","Quick Slash+1"],"picked":"SKIP","floor":38},{"not_picked":["Sucker Punch+1","Bane"],"picked":"Flying Knee","floor":39},{"not_picked":["Die Die Die","Bane","Choke"],"picked":"SKIP","floor":40},{"not_picked":["Choke+1","Finisher","Quick Slash+1"],"picked":"Singing Bowl","floor":46},{"not_picked":["Poisoned Stab+1","Predator","Bane+1"],"picked":"Singing Bowl","floor":47},{"not_picked":["Flying Knee","Cloak And Dagger+1","Prepared"],"picked":"Singing Bowl","floor":48}],"player_experience":443284,"relics_obtained":[{"floor":6.0,"key":"Paper Crane"},{"floor":9.0,"key":"Art of War"},{"floor":26,"key":"Ancient Tea Set"},{"floor":26,"key":"Bottled Flame"},{"floor":30,"key":"Boot"},{"floor":30,"key":"Omamori"},{"floor":39,"key":"Incense Burner"},{"floor":40,"key":"Oddly Smooth Stone"},{"floor":43,"key":"Centennial Puzzle"}],"event_choices":[{"damage_healed":23,"gold_gain":0,"player_choice":"Banana","damage_taken":0,"max_hp_gain":0,"max_hp_loss":0,"event_name":"Big Fish","floor":13,"gold_loss":0},{"damage_healed":0,"gold_gain":0,"player_choice":"Paid Fearfully","damage_taken":0,"max_hp_gain":0,"max_hp_loss":0,"event_name":"Masked Bandits","floor":20,"gold_loss":9},{"damage_healed":0,"gold_gain":0,"player_choice":"Ignored","damage_taken":0,"max_hp_gain":0,"max_hp_loss":0,"event_name":"Tomb of Lord Red Mask","floor":36,"gold_loss":0},{"damage_healed":0,"gold_gain":0,"player_choice":"Fight","damage_taken":0,"max_hp_gain":0,"max_hp_loss":0,"event_name":"MindBloom","floor":39,"gold_loss":0},{"damage_healed":19,"gold_gain":0,"player_choice":"Writhe","damage_taken":0,"max_hp_gain":0,"max_hp_loss":0,"event_name":"Winding Halls","floor":45,"gold_loss":0,"cards_obtained":["Writhe"]}],"is_beta":false,"boss_relics":[{"not_picked":["Lizard Tail","Empty Cage"],"picked":"Coffee Dripper"},{"not_picked":["Orrery","Pandora\u0027s Box"],"picked":"Tiny House"}],"items_purged_floors":[41],"is_endless":false,"potions_floor_spawned":[1,10,12,16,21,22,28,33,38,40,46],"ascension_level":0}