{"gold_per_floor":[114,16,91,91,101,128,144,105,105,36,36,50,50,81,81,178,178,190,206,224,75,107,119,144,156,193,205],"floor_reached":27,"playtime":701,"items_purged":[],"score":223,"play_id":"3119cd0d-8d6d-4c0e-ba6e-a001099b540a","local_time":"20180806113111","is_ascension_mode":false,"campfire_choices":[{"data":"Defragment","floor":11,"key":"SMITH"},{"data":"Capacitor","floor":13,"key":"SMITH"},{"floor":15,"key":"REST"},{"floor":23,"key":"REST"},{"floor":25,"key":"REST"}],"neow_cost":"","seed_source_timestamp":326477648710057,"circlet_count":0,"master_deck":["Strike_B","Strike_B","Strike_B","Strike_B","Defend_B","Defend_B","Defend_B","Defend_B","Zap","Dualcast","Auto Shields","Defragment+1","Ball Lightning","Self Repair","Capacitor+1","Machine Learning","BootSequence"],"relics":["Cracked Core","StoneCalendar","Dodecahedron","Lantern","Fusion Hammer","MawBank","Anchor"],"potions_floor_usage":[],"damage_taken":[{"damage":6,"enemies":"Jaw Worm","floor":1,"turns":3},{"damage":0,"enemies":"2 Louse","floor":5,"turns":3},{"damage":20,"enemies":"3 Sentries","floor":6,"turns":6},{"damage":0,"enemies":"Small Slimes","floor":7,"turns":3},{"damage":18,"enemies":"3 Louse","floor":12,"turns":3},{"damage":42,"enemies":"Gremlin Nob","floor":14,"turns":5},{"damage":30,"enemies":"Slime Boss","floor":16,"turns":7},{"damage":16,"enemies":"Spheric Guardian","floor":18,"turns":5},{"damage":19,"enemies":"Shell Parasite","floor":19,"turns":7},{"damage":20,"enemies":"Sentry and Sphere","floor":20,"turns":5},{"damage":26,"enemies":"Snecko","floor":22,"turns":7},{"damage":27,"enemies":"Centurion and Healer","floor":24,"turns":8},{"damage":46,"enemies":"Gremlin Leader","floor":27,"turns":2}],"seed_played":"5105629742129798321","potions_obtained":[{"floor":1,"key":"SteroidPotion"},{"floor":6,"key":"LiquidBronze"},{"floor":18,"key":"SteroidPotion"}],"is_trial":false,"path_per_floor":["M","$","?","?","M","E","M","$","T","$","R","M","R","E","R","B",null,"M","M","M","$","M","R","M","R","T"],"character_chosen":"DEFECT","items_purchased":["Defragment","Ball Lightning","Self Repair","Capacitor","MawBank"],"campfire_rested":3,"item_purchase_floors":[2,2,8,10,21],"current_hp_per_floor":[69,69,58,75,75,55,55,55,55,55,55,44,44,9,31,1,75,66,54,41,41,22,44,24,46,46,0],"gold":205,"neow_bonus":"","is_prod":false,"is_daily":false,"chose_seed":false,"campfire_upgraded":2,"win_rate":0,"timestamp":1533544271,"path_taken":["M","$","?","?","M","E","M","$","T","$","R","M","R","E","R","BOSS","M","M","M","$","M","R","M","R","T","E"],"build_version":"2018-08-02","purchased_purges":0,"victory":false,"max_hp_per_floor":[75,75,75,75,75,75,75,75,75,75,75,75,75,75,75,75,75,75,75,75,75,75,75,75,75,75,75],"card_choices":[{"not_picked":["Force Field","Static Discharge"],"picked":"Auto Shields","floor":1},{"not_picked":["Go for the Eyes","Rebound","Compile Driver"],"picked":"SKIP","floor":5},{"not_picked":["Turbo","Coolheaded","Rebound"],"picked":"SKIP","floor":6},{"not_picked":["Buffer","Coolheaded","Sweeping Beam"],"picked":"SKIP","floor":7},{"not_picked":["Beam Cell","Gash","Genetic Algorithm"],"picked":"SKIP","floor":12},{"not_picked":["Go for the Eyes","Multi-Cast","Melter"],"picked":"SKIP","floor":14},{"not_picked":["Hyperbeam","Reboot"],"picked":"Machine Learning","floor":16},{"not_picked":["Compile Driver+1","Sunder","Gash"],"picked":"SKIP","floor":18},{"not_picked":["Rebound","Redo","Gash"],"picked":"SKIP","floor":19},{"not_picked":["Chaos+1","Double Energy","Barrage"],"picked":"SKIP","floor":20},{"not_picked":["Turbo","Heatsinks","Auto Shields"],"picked":"SKIP","floor":22},{"not_picked":["Streamline","Go for the Eyes"],"picked":"BootSequence","floor":24}],"player_experience":292918,"relics_obtained":[{"floor":6,"key":"StoneCalendar"},{"floor":9,"key":"Dodecahedron"},{"floor":14,"key":"Lantern"},{"floor":26,"key":"Anchor"}],"event_choices":[{"event_name":"World of Goop","player_choice":"Gather Gold","floor":3,"damage_taken":0},{"event_name":"Big Fish","player_choice":"Banana","floor":4,"damage_taken":0}],"is_beta":false,"boss_relics":[{"not_picked":["Empty Cage","Eternal Feather"],"picked":"Fusion Hammer"}],"items_purged_floors":[],"is_endless":false,"potions_floor_spawned":[1,6,18,22],"killed_by":"Gremlin Leader","ascension_level":0}