{"path_per_floor":["M","?","M","$","M","E","R","M","T","M","R","M","R","?","R","B",null,"M","M","?","M"],"character_chosen":"THE_SILENT","items_purchased":[],"gold_per_floor":[110,110,129,54,68,106,106,126,149,173,173,189,189,189,189,312,312,335,356,356,372],"floor_reached":22,"campfire_rested":2,"playtime":2499,"current_hp_per_floor":[70,53,53,53,53,14,35,23,23,20,41,40,40,40,40,40,70,59,59,59,53],"items_purged":["Strike_G"],"gold":372,"play_id":"add9b5f4-2b36-4454-92c2-a3fa1fd1f23d","is_prod":false,"is_daily":false,"is_ascension_mode":true,"campfire_upgraded":2,"path_taken":["M","?","M","$","?","E","R","M","T","M","R","M","R","?","R","BOSS","M","M","?","M","M"],"build_version":"2018-01-26-BETA1","purchased_purges":1,"victory":false,"master_deck":["Defend_G","Defend_G","Defend_G","Defend_G","Defend_G","Strike_G","Strike_G","Strike_G","Survivor","Neutralize+1","Catalyst","Deflect","Blur","Footwork+1","Acrobatics","Deadly Poison+1","Terror","Tools of the Trade","Backflip","Backflip","Sucker Punch","Deadly Poison+1","Noxious Fumes"],"max_hp_per_floor":[70,70,70,70,70,70,70,70,70,70,70,70,70,70,70,70,70,70,70,70,70],"relics":["Ring of the Snake","Golden Idol","Ornamental Fan","Juzu Bracelet","Orrery"],"card_choices":[{"not_picked":["Skewer","Dodge and Roll"],"picked":"Catalyst"},{"not_picked":["Escape Plan","Flying Knee"],"picked":"Deflect"},{"not_picked":["Prepared","Reflex"],"picked":"Blur"},{"not_picked":["Blade Dance","Sucker Punch"],"picked":"Footwork"},{"not_picked":["Deflect","Phantasmal Killer"],"picked":"Acrobatics"},{"not_picked":["Underhanded Strike","Outmaneuver"],"picked":"Deadly Poison"},{"not_picked":["Storm of Steel","Bullet Time"],"picked":"Tools of the Trade"},{"not_picked":["Infinite Blades","Dagger Throw"],"picked":"Backflip"},{"not_picked":["Outmaneuver","Dagger Spray"],"picked":"Backflip"},{"not_picked":["Dagger Spray","Quick Slash"],"picked":"Sucker Punch"},{"not_picked":["Poisoned Stab","Backflip"],"picked":"Deadly Poison"}],"player_experience":50037,"potions_floor_usage":[6,6,16,19],"damage_taken":[{"damage":0,"enemies":"Cultist","floor":1,"turns":3},{"damage":0,"enemies":"Jaw Worm","floor":3,"turns":5},{"damage":0,"enemies":"Blue Slaver","floor":5,"turns":7},{"damage":39,"enemies":"3 Sentries","floor":6,"turns":18},{"damage":12,"enemies":"Exordium Wildlife","floor":8,"turns":9},{"damage":3,"enemies":"Gremlin Gang","floor":10,"turns":12},{"damage":1,"enemies":"Red Slaver","floor":12,"turns":6},{"damage":0,"enemies":"The Guardian","floor":16,"turns":13},{"damage":11,"enemies":"Spheric Guardian","floor":18,"turns":6},{"damage":0,"enemies":"Shell Parasite","floor":19,"turns":6},{"damage":6,"enemies":"Snake Plant","floor":21,"turns":4},{"damage":70,"enemies":"3 Cultists","floor":22,"turns":7}],"event_choices":[{"event_name":"Golden Idol","player_choice":"Take Damage","floor":2,"damage_taken":0},{"event_name":"Transmorgrifier","player_choice":"Transform","floor":14,"damage_taken":0},{"event_name":"The Library","player_choice":"Read","floor":20,"damage_taken":0}],"boss_relics":[{"not_picked":["White Beast Statue","Philosopher\u0027s Stone"],"picked":"Orrery"}],"potions_floor_spawned":[1,3,12,18],"seed_played":"-9207424293430912482","killed_by":"3 Cultists","ascension_level":3,"is_trial":false}