{"gold_per_floor":[111,111,126,126,126,156,156,220,247,247,265,265,282,296,296,296],"floor_reached":16,"playtime":374,"items_purged":[],"score":109,"play_id":"cd0bbf62-a1ff-40bd-8c0e-315ac7d3b491","local_time":"20180823055325","is_ascension_mode":false,"campfire_choices":[{"data":"1","floor":7.0,"key":"LIFT"},{"data":"2","floor":10.0,"key":"LIFT"},{"data":"Limit Break","floor":15.0,"key":"SMITH"}],"neow_cost":"CURSE","seed_source_timestamp":89533536432140,"circlet_count":0,"master_deck":["Strike_R","Strike_R","Strike_R","Strike_R","Strike_R","Defend_R","Defend_R","Defend_R","Defend_R","Bash","Sword Boomerang","Limit Break+1"],"special_seed":0,"relics":["Burning Blood","Girya","Bronze Scales","Orichalcum","Tiny Chest","Boot","Spirit Poop"],"potions_floor_usage":[16],"damage_taken":[{"damage":8.0,"enemies":"Jaw Worm","floor":1.0,"turns":5.0},{"damage":6.0,"enemies":"Cultist","floor":3.0,"turns":3.0},{"damage":42.0,"enemies":"3 Sentries","floor":6.0,"turns":10.0},{"damage":16.0,"enemies":"Gremlin Nob","floor":8.0,"turns":4.0},{"damage":3.0,"enemies":"2 Louse","floor":11.0,"turns":2.0},{"damage":10.0,"enemies":"Exordium Thugs","floor":13.0,"turns":3.0},{"damage":0.0,"enemies":"Looter","floor":14.0,"turns":3.0},{"damage":38,"enemies":"The Guardian","floor":16,"turns":7}],"seed_played":"-3194978344201645138","potions_obtained":[{"floor":8.0,"key":"PowerPotion"},{"floor":11.0,"key":"LiquidBronze"},{"floor":13.0,"key":"SkillPotion"}],"is_trial":false,"path_per_floor":["M","$","M","?","$","E","R","E","T","R","M","?","M","M","R"],"character_chosen":"IRONCLAD","items_purchased":[],"campfire_rested":0,"item_purchase_floors":[],"current_hp_per_floor":[78,78,78,78,78,42,42,32,32,32,35,35,31,37,37,0],"gold":296,"neow_bonus":"ONE_RARE_RELIC","is_prod":false,"is_daily":false,"chose_seed":false,"campfire_upgraded":1,"win_rate":0,"timestamp":1534992805,"path_taken":["M","$","M","?","$","E","R","E","T","R","M","?","M","M","R","BOSS"],"build_version":"2018-08-16","purchased_purges":0,"victory":false,"max_hp_per_floor":[80,80,80,80,80,80,80,80,80,80,80,77,77,77,77,77],"card_choices":[{"not_picked":["Headbutt","Sentinel"],"picked":"Sword Boomerang","floor":1.0},{"not_picked":["Combust","Second Wind","Perfected Strike"],"picked":"SKIP","floor":3.0},{"not_picked":["Flame Barrier","Cleave"],"picked":"Sword Boomerang","floor":6.0},{"not_picked":["Body Slam","Bloodletting","Dropkick"],"picked":"SKIP","floor":8.0},{"not_picked":["Pommel Strike","True Grit","Metallicize"],"picked":"SKIP","floor":11.0},{"not_picked":["Clash","Clothesline","Flex"],"picked":"SKIP","floor":13.0},{"not_picked":["Clash","Uppercut"],"picked":"Limit Break","floor":14.0}],"player_experience":337661,"relics_obtained":[{"floor":6.0,"key":"Orichalcum"},{"floor":8.0,"key":"Tiny Chest"},{"floor":9.0,"key":"Boot"}],"event_choices":[{"event_name":"WeMeetAgain","player_choice":"Card","floor":4.0,"damage_taken":0.0},{"event_name":"Bonfire Elementals","player_choice":"CURSE","floor":12.0,"damage_taken":0.0}],"is_beta":false,"boss_relics":[],"items_purged_floors":[],"is_endless":false,"potions_floor_spawned":[8,11,13],"killed_by":"The Guardian","ascension_level":0}