{"path_per_floor":["M","M","M","?","$","R","M","$","T","E","?","$","M","M","R","B",null,"M","M","M","$","M","E","R","M","T","M","E","M","M","M","R","B",null,"M","$","M","$","?","R","M","R","T","R","M","?","M","M","R","B"],"character_chosen":"IRONCLAD","items_purchased":["Whirlwind","Inflame","Lantern","Bag of Marbles","Shuriken","Evolve"],"gold_per_floor":[117,135,148,148,75,75,95,21,21,56,231,5,25,37,37,142,142,158,168,184,38,50,77,77,93,93,109,135,147,167,181,181,285,285,296,45,61,24,24,24,40,40,94,94,114,114,124,144,144,144],"floor_reached":51,"campfire_rested":0,"playtime":1549,"item_purchase_floors":[],"current_hp_per_floor":[80,80,80,73,73,73,62,62,62,44,44,44,49,55,55,44,80,76,80,80,80,74,56,56,53,53,54,42,47,40,46,46,8,85,79,79,84,84,84,84,84,84,84,84,58,58,57,63,63,15],"items_purged":["Doubt"],"gold":144,"score":722,"play_id":"7891239e-c692-4920-9f3c-084b4f18ae94","local_time":"20180609011506","is_prod":false,"is_daily":false,"chose_seed":false,"is_ascension_mode":false,"campfire_upgraded":8,"win_rate":0,"timestamp":1528496106,"campfire_choices":[{"data":"Whirlwind","floor":6.0,"key":"SMITH"},{"data":"Inflame","floor":15.0,"key":"SMITH"},{"data":"Inflame","floor":24,"key":"SMITH"},{"data":"Double Tap","floor":32,"key":"SMITH"},{"data":"Limit Break","floor":40,"key":"SMITH"},{"data":"Evolve","floor":42,"key":"SMITH"},{"data":"Flame Barrier","floor":44,"key":"SMITH"},{"data":"Bash","floor":49,"key":"SMITH"}],"path_taken":["M","M","M","?","$","R","M","?","T","E","?","$","M","M","R","BOSS","M","?","M","$","M","E","R","M","T","M","E","M","?","M","R","BOSS","M","$","M","$","?","R","M","R","T","R","M","?","M","M","R","BOSS"],"build_version":"2018-06-07v3","seed_source_timestamp":602460056982820,"purchased_purges":1,"victory":true,"master_deck":["Strike_R","Strike_R","Strike_R","Strike_R","Strike_R","Defend_R","Defend_R","Defend_R","Defend_R","Bash+1","Rage","Cleave","Cleave","Whirlwind+1","Rampage","Inflame+1","Perfected Strike","Ghostly Armor","Sword Boomerang","Double Tap+1","Inflame+1","Flame Barrier+1","Spot Weakness+1","Shrug It Off+1","Perfected Strike","Impervious","Twin Strike","Shrug It Off+1","Limit Break+1","Evolve+1","Thinking Ahead","Shrug It Off+1","Inflame+1","Perfected Strike"],"max_hp_per_floor":[80,80,80,80,80,80,80,80,80,80,80,80,80,80,80,80,80,80,80,80,80,80,80,80,80,80,80,80,80,85,85,85,85,85,85,85,85,85,85,85,85,85,85,85,85,85,85,85,85,85],"relics":["Burning Blood","Pen Nib","Red Skull","Self Forming Clay","Torii","Lantern","White Beast Statue","Bag of Marbles","Orichalcum","Toolbox","Letter Opener","Velvet Choker","Shuriken","Omamori"],"card_choices":[{"not_picked":["Bloodletting","Evolve"],"picked":"Rage","floor":1.0},{"not_picked":["Armaments","Clothesline"],"picked":"Cleave","floor":2.0},{"not_picked":["Evolve","Heavy Blade"],"picked":"Cleave","floor":3.0},{"not_picked":["Havoc","Bloodletting"],"picked":"Rampage","floor":7.0},{"not_picked":["Seeing Red","Clothesline"],"picked":"Perfected Strike","floor":10.0},{"not_picked":["Havoc","Clothesline"],"picked":"Ghostly Armor","floor":13.0},{"not_picked":["Pummel","Feed"],"picked":"Sword Boomerang","floor":14.0},{"not_picked":["Juggernaut","Brutality"],"picked":"Double Tap","floor":16.0},{"not_picked":["Havoc","Wild Strike+1"],"picked":"Inflame","floor":18.0},{"not_picked":["Intimidate","Sever Soul","Clash"],"picked":"SKIP","floor":19.0},{"not_picked":["Thunderclap","Wild Strike"],"picked":"Flame Barrier","floor":20},{"not_picked":["Wild Strike","Rampage"],"picked":"Spot Weakness+1","floor":22},{"not_picked":["Sever Soul","Flex+1"],"picked":"Shrug It Off+1","floor":23},{"not_picked":["Headbutt","Flex","Iron Wave+1"],"picked":"SKIP","floor":25},{"not_picked":["Wild Strike","Carnage"],"picked":"Perfected Strike","floor":27},{"not_picked":["Anger","Flex"],"picked":"Impervious","floor":28},{"not_picked":["Warcry","Iron Wave"],"picked":"Twin Strike","floor":29},{"not_picked":["Heavy Blade+1","Hemokinesis"],"picked":"Shrug It Off+1","floor":30},{"not_picked":["Evolve","Power Through+1","Pommel Strike"],"picked":"SKIP","floor":31},{"not_picked":["Feed","Reaper"],"picked":"Limit Break","floor":33},{"not_picked":["Cleave+1","Anger+1","Corruption"],"picked":"SKIP","floor":35},{"not_picked":["Dual Wield+1","Headbutt","Thunderclap+1"],"picked":"SKIP","floor":37},{"not_picked":["Blind","Finesse"],"picked":"Thinking Ahead","floor":39},{"not_picked":["Body Slam+1","Armaments"],"picked":"Shrug It Off+1","floor":41},{"not_picked":["Infernal Blade+1","True Grit"],"picked":"Inflame+1","floor":45},{"not_picked":["Power Through+1","Spot Weakness+1","Pommel Strike+1"],"picked":"SKIP","floor":47},{"not_picked":["Metallicize+1","True Grit"],"picked":"Perfected Strike","floor":48}],"player_experience":100672,"potions_floor_usage":[20,23,30,33,33,50,50],"damage_taken":[{"damage":6.0,"enemies":"2 Louse","floor":1.0,"turns":4.0},{"damage":6.0,"enemies":"Jaw Worm","floor":2.0,"turns":3.0},{"damage":3.0,"enemies":"Small Slimes","floor":3.0,"turns":3.0},{"damage":17.0,"enemies":"Exordium Thugs","floor":7.0,"turns":3.0},{"damage":24.0,"enemies":"Lagavulin","floor":10.0,"turns":4.0},{"damage":1.0,"enemies":"3 Louse","floor":13.0,"turns":2.0},{"damage":0.0,"enemies":"2 Fungi Beasts","floor":14.0,"turns":3.0},{"damage":17.0,"enemies":"Slime Boss","floor":16.0,"turns":7.0},{"damage":10.0,"enemies":"Chosen","floor":18.0,"turns":3.0},{"damage":1.0,"enemies":"Spheric Guardian","floor":19.0,"turns":3.0},{"damage":1,"enemies":"Chosen and Byrds","floor":20,"turns":4},{"damage":12,"enemies":"Centurion and Healer","floor":22,"turns":2},{"damage":24,"enemies":"Slavers","floor":23,"turns":5},{"damage":9,"enemies":"Slaver and Parasite","floor":25,"turns":5},{"damage":9,"enemies":"Snake Plant","floor":27,"turns":4},{"damage":18,"enemies":"Book of Stabbing","floor":28,"turns":5},{"damage":1,"enemies":"Snecko","floor":29,"turns":3},{"damage":18,"enemies":"Sentry and Sphere","floor":30,"turns":5},{"damage":0,"enemies":"Snake Plant","floor":31,"turns":2},{"damage":52,"enemies":"Champ","floor":33,"turns":9},{"damage":12,"enemies":"3 Shapes","floor":35,"turns":3},{"damage":1,"enemies":"Orb Walker","floor":37,"turns":3},{"damage":6,"enemies":"4 Shapes","floor":41,"turns":1},{"damage":32,"enemies":"Maw","floor":45,"turns":6},{"damage":7,"enemies":"3 Darklings","floor":47,"turns":5},{"damage":0,"enemies":"4 Shapes","floor":48,"turns":1},{"damage":54,"enemies":"Time Eater","floor":50,"turns":8}],"relics_obtained":[{"floor":9.0,"key":"Self Forming Clay"},{"floor":10.0,"key":"Torii"},{"floor":23,"key":"Orichalcum"},{"floor":26,"key":"Toolbox"},{"floor":28,"key":"Letter Opener"},{"floor":43,"key":"Omamori"}],"event_choices":[{"event_name":"Scrap Ooze","player_choice":"success","floor":4.0,"damage_taken":7.0},{"event_name":"Liars Game","player_choice":"agreed","floor":11.0,"damage_taken":0.0},{"event_name":"SensoryStone","player_choice":"Memory 1","floor":39,"damage_taken":0},{"event_name":"Mysterious Sphere","player_choice":"Ignore","floor":46,"damage_taken":0}],"boss_relics":[{"not_picked":["Snecko Eye","Ectoplasm"],"picked":"White Beast Statue"},{"not_picked":["Lizard Tail","Black Star"],"picked":"Velvet Choker"}],"items_purged_floors":[],"potions_floor_spawned":[1,3,10,14,18,19,20,22,23,25,27,28,29,30,31,33,35,37,41,45,47,48],"seed_played":"-3864252914124703186","ascension_level":0,"potions_obtained":[{"floor":1.0,"key":"Swift Potion"},{"floor":3.0,"key":"BloodPotion"},{"floor":10.0,"key":"Ancient Potion"},{"floor":14.0,"key":"SpeedPotion"},{"floor":18.0,"key":"Energy Potion"},{"floor":19.0,"key":"Ancient Potion"},{"floor":20,"key":"AttackPotion"},{"floor":23,"key":"SkillPotion"},{"floor":27,"key":"AttackPotion"},{"floor":28,"key":"SteroidPotion"},{"floor":29,"key":"Fruit Juice"},{"floor":30,"key":"GamblersBrew"},{"floor":33,"key":"BloodPotion"},{"floor":35,"key":"Fire Potion"},{"floor":41,"key":"SmokeBomb"},{"floor":48,"key":"Block Potion"}],"is_trial":false}