{"gold_per_floor":[114,189,189,154,154,154,185,28,55,55,55],"floor_reached":11,"playtime":139,"items_purged":[],"score":57,"play_id":"809a799b-6d9c-403f-bdf2-26c873f342e9","local_time":"20190624212130","is_ascension_mode":false,"campfire_choices":[{"data":"Twin Strike","floor":6,"key":"SMITH"}],"neow_cost":"NONE","seed_source_timestamp":14215561279000,"circlet_count":0,"master_deck":["Strike_R","Strike_R","Strike_R","Strike_R","Strike_R","Defend_R","Defend_R","Defend_R","Defend_R","Bash","Twin Strike+1","Sword Boomerang"],"relics":["Burning Blood","Golden Idol","Odd Mushroom","Oddly Smooth Stone","Bronze Scales"],"potions_floor_usage":[],"damage_taken":[{"damage":0,"enemies":"Small Slimes","floor":1,"turns":3},{"damage":25,"enemies":"The Mushroom Lair","floor":7,"turns":4},{"damage":0,"enemies":"Jaw Worm","floor":11,"turns":1}],"seed_played":"-6929193448658789678","potions_obtained":[{"floor":7,"key":"SpeedPotion"}],"is_trial":false,"path_per_floor":["M","?","?","?","$","R","?","$","T","?","M"],"character_chosen":"IRONCLAD","items_purchased":["Oddly Smooth Stone"],"campfire_rested":0,"item_purchase_floors":[8],"current_hp_per_floor":[88,77,55,77,77,77,58,58,58,58,58],"gold":55,"neow_bonus":"TEN_PERCENT_HP_BONUS","is_prod":false,"is_daily":false,"chose_seed":false,"campfire_upgraded":1,"win_rate":0,"timestamp":1561400490,"path_taken":["M","?","?","?","$","R","?","$","T","?","?"],"build_version":"2019-01-23","purchased_purges":0,"victory":false,"max_hp_per_floor":[88,88,88,88,88,88,88,88,88,88,88],"card_choices":[{"not_picked":["Pommel Strike","Combust"],"picked":"Twin Strike","floor":1},{"not_picked":["Dropkick","Rampage"],"picked":"Sword Boomerang","floor":7}],"player_experience":651996,"relics_obtained":[{"floor":7,"key":"Odd Mushroom"},{"floor":9,"key":"Bronze Scales"}],"event_choices":[{"damage_healed":0,"gold_gain":75,"player_choice":"Gather Gold","damage_taken":11,"max_hp_gain":0,"max_hp_loss":0,"event_name":"World of Goop","floor":2,"gold_loss":0},{"damage_healed":0,"gold_gain":0,"player_choice":"Take Damage","damage_taken":22,"relics_obtained":["Golden Idol"],"max_hp_gain":0,"max_hp_loss":0,"event_name":"Golden Idol","floor":3,"gold_loss":0},{"damage_healed":22,"gold_gain":0,"player_choice":"Healed","damage_taken":0,"max_hp_gain":0,"max_hp_loss":0,"event_name":"The Cleric","floor":4,"gold_loss":35},{"damage_healed":0,"gold_gain":0,"player_choice":"Fought Mushrooms","damage_taken":0,"max_hp_gain":0,"max_hp_loss":0,"event_name":"Mushrooms","floor":7,"gold_loss":0},{"damage_healed":0,"gold_gain":0,"player_choice":"Bought 0 Potions","damage_taken":0,"max_hp_gain":0,"max_hp_loss":0,"event_name":"The Woman in Blue","floor":10,"gold_loss":0}],"is_beta":false,"boss_relics":[],"items_purged_floors":[],"is_endless":false,"potions_floor_spawned":[7],"killed_by":"Jaw Worm","ascension_level":0}