{"path_per_floor":["M","?","M","M","?","R","?","R","T","M","M","?","M","E","R"],"character_chosen":"THE_SILENT","items_purchased":[],"gold_per_floor":[115,115,134,152,152,152,152,152,152,170,193,193,213,253,253],"floor_reached":16,"campfire_rested":1,"playtime":1602,"current_hp_per_floor":[63,70,70,70,70,70,63,63,63,63,62,62,61,37,59],"items_purged":[],"gold":253,"play_id":"4b9aad84-4575-4d14-9cc6-41a8133cf1bc","is_prod":false,"is_daily":false,"is_ascension_mode":true,"campfire_upgraded":2,"path_taken":["M","?","M","M","?","R","?","R","T","M","?","?","M","E","R","BOSS"],"build_version":"2018-01-31-BETA1","purchased_purges":0,"victory":false,"master_deck":["Defend_G","Defend_G","Defend_G","Defend_G","Defend_G","Strike_G","Strike_G","Strike_G","Survivor","Neutralize+1","Masterful Stab","Blade Dance+1","Escape Plan","Deflect","Acrobatics","Backflip","Storm of Steel","Neutralize","Dagger Spray","Escape Plan"],"max_hp_per_floor":[70,80,80,80,74,74,74,74,74,74,74,74,74,74,74],"relics":["Ring of the Snake","Pear","Golden Idol","Calipers","Oddly Smooth Stone"],"card_choices":[{"not_picked":["Bane","Cloak And Dagger"],"picked":"Blade Dance"},{"not_picked":["Crippling Poison","Sucker Punch"],"picked":"Escape Plan"},{"not_picked":["Dodge and Roll","Slice"],"picked":"Deflect"},{"not_picked":["Endless Agony","Poisoned Stab"],"picked":"Acrobatics"},{"not_picked":["Flechettes","Underhanded Strike"],"picked":"Backflip"},{"not_picked":["Acrobatics","Sucker Punch"],"picked":"Dagger Spray"},{"not_picked":["Prepared","PiercingWail"],"picked":"Escape Plan"}],"player_experience":173215,"potions_floor_usage":[13,14,16,16],"damage_taken":[{"damage":0,"enemies":"Cultist","floor":1,"turns":3},{"damage":0,"enemies":"2 Louse","floor":3,"turns":2},{"damage":0,"enemies":"Blue Slaver","floor":4,"turns":5},{"damage":0,"enemies":"Exordium Wildlife","floor":10,"turns":4},{"damage":1,"enemies":"Large Slime","floor":11,"turns":8},{"damage":1,"enemies":"Red Slaver","floor":13,"turns":5},{"damage":24,"enemies":"Lagavulin","floor":14,"turns":6},{"damage":63,"enemies":"The Guardian","floor":16,"turns":20}],"event_choices":[{"event_name":"Scrap Ooze","player_choice":"success","floor":2,"damage_taken":3},{"event_name":"Golden Idol","player_choice":"Lose Max HP","floor":5,"damage_taken":0},{"event_name":"Golden Wing","player_choice":"Card Removal","floor":7,"damage_taken":0},{"event_name":"Match and Keep!","player_choice":"2 cards matched","floor":12,"damage_taken":0}],"boss_relics":[],"potions_floor_spawned":[4,10,11,14],"seed_played":"-5077566843575539515","killed_by":"The Guardian","ascension_level":6,"is_trial":false}