{"gold_per_floor":[113,113,113,128,203,244,209,209,256,256,299,322,322,353,353,482,482,505,505,525,525,525],"floor_reached":22,"playtime":2787,"items_purged":[],"score":230,"play_id":"743eb4d4-1dfc-4420-af26-a0cf65a4f3b7","local_time":"20190716171705","is_ascension_mode":true,"campfire_choices":[{"floor":8,"key":"REST"},{"floor":13,"key":"REST"},{"data":"Self Repair","floor":15,"key":"SMITH"}],"neow_cost":"NONE","seed_source_timestamp":23190410767668,"circlet_count":0,"master_deck":["Strike_B","Strike_B","Strike_B","Defend_B+1","Defend_B","Defend_B","Defend_B","Zap","Dualcast+1","Hologram","Tempest","Streamline","Fusion","Meteor Strike","Panacea","Fusion","Self Repair+1","Creative AI","Defragment","RitualDagger"],"relics":["Cracked Core","Golden Idol","Bird Faced Urn","War Paint","Regal Pillow","Boot","Cursed Key","Darkstone Periapt"],"potions_floor_usage":[6],"damage_taken":[{"damage":0,"enemies":"2 Louse","floor":1,"turns":1},{"damage":0,"enemies":"Small Slimes","floor":4,"turns":2},{"damage":36,"enemies":"3 Sentries","floor":6,"turns":7},{"damage":12,"enemies":"Gremlin Nob","floor":11,"turns":3},{"damage":10,"enemies":"Cultist","floor":12,"turns":4},{"damage":14,"enemies":"Lagavulin","floor":14,"turns":7},{"damage":42,"enemies":"The Guardian","floor":16,"turns":10},{"damage":55,"enemies":"Shell Parasite","floor":18,"turns":6},{"damage":43,"enemies":"3 Byrds","floor":20,"turns":5},{"damage":16,"enemies":"Snake Plant","floor":22,"turns":1}],"seed_played":"586775997761957938","potions_obtained":[{"floor":4,"key":"Dexterity Potion"},{"floor":11,"key":"AttackPotion"},{"floor":14,"key":"LiquidBronze"}],"is_trial":false,"path_per_floor":["M","?","?","M","?","E","?","R","T","?","E","M","R","E","R","B",null,"M","?","M","?","M"],"character_chosen":"DEFECT","items_purchased":[],"campfire_rested":2,"item_purchase_floors":[],"current_hp_per_floor":[82,62,62,62,51,15,35,59,59,59,47,37,76,62,62,32,82,57,57,20,14,0],"gold":525,"neow_bonus":"TEN_PERCENT_HP_BONUS","is_prod":false,"is_daily":false,"chose_seed":false,"campfire_upgraded":1,"win_rate":0,"timestamp":1563315425,"path_taken":["M","?","?","M","?","E","?","R","T","?","E","?","R","E","R","BOSS","M","?","M","?","M"],"build_version":"2019-07-05","purchased_purges":0,"victory":false,"max_hp_per_floor":[82,82,82,82,82,82,82,82,82,82,82,82,82,82,82,82,82,82,82,82,82,82],"card_choices":[{"not_picked":["Ball Lightning","Capacitor"],"picked":"Hologram","floor":1},{"not_picked":["Stack","Redo"],"picked":"Streamline","floor":4},{"not_picked":["Darkness","Hologram"],"picked":"Fusion","floor":6},{"not_picked":["Rebound","Force Field"],"picked":"Fusion","floor":11},{"not_picked":["Redo","Force Field","Stack"],"picked":"SKIP","floor":12},{"not_picked":["Cold Snap","Recycle"],"picked":"Self Repair","floor":14},{"not_picked":["Buffer","Amplify"],"picked":"Creative AI","floor":16},{"not_picked":["Barrage","Genetic Algorithm","Chaos"],"picked":"SKIP","floor":18},{"not_picked":["Stack+1","Turbo"],"picked":"Defragment","floor":20}],"player_experience":375726,"relics_obtained":[{"floor":6,"key":"Bird Faced Urn"},{"floor":9,"key":"War Paint"},{"floor":11,"key":"Regal Pillow"},{"floor":14,"key":"Boot"}],"event_choices":[{"damage_healed":0,"gold_gain":0,"player_choice":"Take Damage","damage_taken":20,"relics_obtained":["Golden Idol"],"max_hp_gain":0,"max_hp_loss":0,"event_name":"Golden Idol","floor":2,"gold_loss":0},{"damage_healed":0,"gold_gain":0,"cards_transformed":["Strike_B"],"player_choice":"Change","damage_taken":0,"max_hp_gain":0,"max_hp_loss":0,"event_name":"Living Wall","floor":3,"gold_loss":0,"cards_obtained":["Tempest"]},{"damage_healed":0,"gold_gain":75,"player_choice":"Gather Gold","damage_taken":11,"max_hp_gain":0,"max_hp_loss":0,"event_name":"World of Goop","floor":5,"gold_loss":0},{"damage_healed":20,"gold_gain":0,"player_choice":"Healed","damage_taken":0,"max_hp_gain":0,"max_hp_loss":0,"event_name":"The Cleric","floor":7,"gold_loss":35},{"damage_healed":0,"gold_gain":0,"player_choice":"2 cards matched","damage_taken":0,"max_hp_gain":0,"max_hp_loss":0,"event_name":"Match and Keep!","floor":10,"gold_loss":0,"cards_obtained":["Meteor Strike","Panacea"]},{"damage_healed":0,"gold_gain":0,"player_choice":"Opened","damage_taken":0,"relics_obtained":["Darkstone Periapt"],"max_hp_gain":0,"max_hp_loss":0,"event_name":"The Mausoleum","floor":19,"gold_loss":0},{"damage_healed":0,"gold_gain":0,"player_choice":"Joined the Cult","damage_taken":6,"max_hp_gain":0,"max_hp_loss":0,"event_name":"Nest","floor":21,"gold_loss":0,"cards_obtained":["RitualDagger"]}],"is_beta":false,"boss_relics":[{"not_picked":["Black Star","Inserter"],"picked":"Cursed Key"}],"items_purged_floors":[],"is_endless":false,"potions_floor_spawned":[4,11,14],"killed_by":"Snake Plant","ascension_level":3}