{"gold_per_floor":[14,27,39,55,70,70,70,99,168,343,123,141,173,188,188,287,287,302,104,122,149,25,59,78,92,145,70,88,88,100,120,120,120],"floor_reached":33,"playtime":866,"items_purged":["Doubt"],"score":333,"play_id":"d5f81a29-fce5-4956-82bb-9446e8cac774","local_time":"20181007012701","is_ascension_mode":false,"campfire_choices":[{"data":"Feed","floor":6.0,"key":"SMITH"},{"data":"Spot Weakness","floor":15.0,"key":"SMITH"},{"data":"Armaments","floor":32,"key":"SMITH"}],"neow_cost":"NO_GOLD","seed_source_timestamp":4523366327390,"circlet_count":0,"master_deck":["Strike_R","Strike_R","Strike_R","Strike_R","Strike_R","Defend_R","Defend_R","Defend_R","Defend_R","Bash","Feed+1","Cleave","Thunderclap","Battle Trance","Double Tap","Spot Weakness+1","Shrug It Off","Spot Weakness","Armaments+1"],"special_seed":0,"relics":["Burning Blood","Gremlin Horn","The Courier","HandDrill","Ginger","Cursed Key","Singing Bowl","Ancient Tea Set","Pen Nib","Lantern","Boot"],"potions_floor_usage":[16,16,16,23,33,33,33],"damage_taken":[{"damage":6.0,"enemies":"Cultist","floor":1.0,"turns":3.0},{"damage":0.0,"enemies":"2 Louse","floor":2.0,"turns":2.0},{"damage":0.0,"enemies":"Small Slimes","floor":3.0,"turns":2.0},{"damage":10.0,"enemies":"Looter","floor":4.0,"turns":2.0},{"damage":5.0,"enemies":"Lots of Slimes","floor":5.0,"turns":2.0},{"damage":42.0,"enemies":"Lagavulin","floor":8.0,"turns":5.0},{"damage":13.0,"enemies":"Red Slaver","floor":12.0,"turns":4.0},{"damage":15.0,"enemies":"Gremlin Nob","floor":13.0,"turns":4.0},{"damage":2.0,"enemies":"3 Louse","floor":14.0,"turns":2.0},{"damage":7,"enemies":"Slime Boss","floor":16,"turns":6},{"damage":22,"enemies":"Spheric Guardian","floor":18,"turns":4},{"damage":5,"enemies":"Chosen","floor":20,"turns":3},{"damage":52,"enemies":"Book of Stabbing","floor":23,"turns":5},{"damage":17,"enemies":"Snecko","floor":24,"turns":5},{"damage":15,"enemies":"Snake Plant","floor":25,"turns":3},{"damage":3,"enemies":"3 Cultists","floor":28,"turns":4},{"damage":12,"enemies":"Shelled Parasite and Fungi","floor":30,"turns":4},{"damage":10,"enemies":"Chosen and Byrds","floor":31,"turns":4},{"damage":56,"enemies":"Automaton","floor":33,"turns":6}],"seed_played":"1698370200293278730","potions_obtained":[{"floor":1.0,"key":"SkillPotion"},{"floor":8.0,"key":"Poison Potion"},{"floor":12.0,"key":"Poison Potion"},{"floor":14.0,"key":"Swift Potion"},{"floor":16,"key":"Swift Potion"},{"floor":18,"key":"PowerPotion"},{"floor":20,"key":"PowerPotion"},{"floor":30,"key":"Regen Potion"}],"is_trial":false,"path_per_floor":["M","M","M","M","M","R","$","E","T","?","$","M","E","M","R","B",null,"M","$","M","T","$","E","M","M","T","?","M","?","M","M","R"],"character_chosen":"IRONCLAD","items_purchased":["HandDrill","Singing Bowl","Pen Nib"],"campfire_rested":0,"item_purchase_floors":[11,19,22],"current_hp_per_floor":[83,86,89,88,89,89,89,57,57,57,57,50,41,49,49,48,100,84,84,89,89,89,45,36,33,33,33,42,42,38,34,34,0],"gold":120,"neow_bonus":"THREE_RARE_CARDS","is_prod":false,"is_daily":false,"chose_seed":false,"campfire_upgraded":3,"win_rate":0,"timestamp":1538864821,"path_taken":["M","M","M","M","M","R","?","E","T","?","$","?","E","M","R","BOSS","M","$","M","?","$","E","M","M","T","?","?","?","M","M","R","BOSS"],"build_version":"2018-10-04v2","purchased_purges":1,"victory":false,"max_hp_per_floor":[83,86,89,92,92,92,92,96,96,96,96,96,96,100,100,100,100,100,100,104,104,104,106,108,114,114,114,120,117,119,119,119,119],"card_choices":[{"not_picked":["Barricade","Fiend Fire"],"picked":"Feed","floor":0.0},{"not_picked":["Entrench","Clothesline"],"picked":"Cleave","floor":1.0},{"not_picked":["Clothesline","Shrug It Off","Infernal Blade"],"picked":"SKIP","floor":2.0},{"not_picked":["Flex","Pummel"],"picked":"Thunderclap","floor":3.0},{"not_picked":["Searing Blow","Pommel Strike","Wild Strike"],"picked":"SKIP","floor":4.0},{"not_picked":["Warcry","Heavy Blade"],"picked":"Battle Trance","floor":5.0},{"not_picked":["Uppercut","Warcry"],"picked":"Double Tap","floor":8.0},{"not_picked":["Warcry","Blood for Blood","Cleave"],"picked":"SKIP","floor":12.0},{"not_picked":["Flame Barrier","Impervious","Searing Blow"],"picked":"SKIP","floor":13.0},{"not_picked":["Iron Wave","Clothesline"],"picked":"Spot Weakness","floor":14.0},{"not_picked":["Ghostly Armor","Pommel Strike+1"],"picked":"Shrug It Off","floor":18},{"not_picked":["Clash+1","Body Slam"],"picked":"Spot Weakness","floor":20},{"not_picked":["Anger+1","Entrench","Thunderclap+1"],"picked":"Singing Bowl","floor":23},{"not_picked":["Clash","True Grit","Power Through"],"picked":"Singing Bowl","floor":24},{"not_picked":["Havoc","Searing Blow","Warcry"],"picked":"Singing Bowl","floor":25},{"not_picked":["Shrug It Off","Headbutt","Pommel Strike+1"],"picked":"Singing Bowl","floor":28},{"not_picked":["Wild Strike","Power Through","Offering"],"picked":"Singing Bowl","floor":30},{"not_picked":["Second Wind","Flame Barrier+1"],"picked":"Armaments","floor":31}],"player_experience":377034,"relics_obtained":[{"floor":8.0,"key":"Gremlin Horn"},{"floor":9.0,"key":"The Courier"},{"floor":13.0,"key":"Ginger"},{"floor":21,"key":"Ancient Tea Set"},{"floor":23,"key":"Lantern"},{"floor":26,"key":"Boot"}],"event_choices":[{"event_name":"Liars Game","player_choice":"agreed","floor":10.0,"damage_taken":0.0},{"event_name":"Beggar","player_choice":"Gave Gold","floor":27,"damage_taken":0},{"event_name":"Fountain of Cleansing","player_choice":"Removed Curse","floor":29,"damage_taken":0}],"is_beta":false,"boss_relics":[{"not_picked":["Coffee Dripper","Runic Dome"],"picked":"Cursed Key"}],"items_purged_floors":[11],"is_endless":false,"potions_floor_spawned":[1,8,12,14,16,18,20,30,31],"killed_by":"Automaton","ascension_level":0}