{"gold_per_floor":[115,115,115,129,148,148,179,47,47,60,79,79,79,5,5,133,133,151,151,151,171,191,191,206,206,206,206,225,249,249,39,39,168,231,251,1250,1160,548,568,611,116,129,129,129,150,150,150],"floor_reached":47,"playtime":1717,"items_purged":["Strike_B","Normality"],"score":555,"play_id":"4daa68b0-af6d-4d89-8900-14b9499222da","local_time":"20190727010259","is_ascension_mode":false,"campfire_choices":[{"data":"Zap","floor":6.0,"key":"SMITH"},{"data":"Defragment","floor":13.0,"key":"SMITH"},{"data":"Chaos","floor":15.0,"key":"SMITH"},{"data":"Darkness","floor":23.0,"key":"SMITH"},{"data":"Hello World","floor":25.0,"key":"SMITH"},{"data":"Biased Cognition","floor":27.0,"key":"SMITH"},{"data":"Bandage Up","floor":32.0,"key":"SMITH"},{"data":"Dualcast","floor":46,"key":"SMITH"}],"neow_cost":"NONE","seed_source_timestamp":339135466099,"circlet_count":0,"master_deck":["Strike_B","Strike_B+1","Strike_B","Defend_B","Defend_B","Defend_B","Defend_B","Zap+1","Dualcast+1","Chaos+1","Cold Snap","Glacier","Rebound+1","Defragment+1","Ball Lightning","Darkness+1","Hello World+1","Biased Cognition+1","Cold Snap","Compile Driver","Ball Lightning","Hologram+1","Ball Lightning","Loop+1","Reinforced Body","Bandage Up+1","Leap","Creative AI","Rebound","Self Repair+1","Storm+1","Ball Lightning+1","Compile Driver+1","Darkness+1","Good Instincts","Reinforced Body","Buffer+1","Defragment+1","Writhe","Go for the Eyes+1"],"special_seed":0,"relics":["Coffee Dripper","Turnip","Golden Idol","Emotion Chip","Velvet Choker","Nloth\u0027s Gift","Sundial","Tiny House","Frozen Egg 2","Runic Capacitor","Molten Egg 2","DollysMirror","Shuriken"],"potions_floor_usage":[],"damage_taken":[{"damage":1.0,"enemies":"Jaw Worm","floor":1.0,"turns":3.0},{"damage":0.0,"enemies":"2 Louse","floor":4.0,"turns":3.0},{"damage":0.0,"enemies":"Cultist","floor":5.0,"turns":3.0},{"damage":25.0,"enemies":"Gremlin Nob","floor":7.0,"turns":6.0},{"damage":0.0,"enemies":"Red Slaver","floor":10.0,"turns":3.0},{"damage":0.0,"enemies":"Exordium Wildlife","floor":11.0,"turns":4.0},{"damage":27.0,"enemies":"Slime Boss","floor":16.0,"turns":7.0},{"damage":0.0,"enemies":"Shell Parasite","floor":18.0,"turns":4.0},{"damage":2.0,"enemies":"Spheric Guardian","floor":21.0,"turns":4.0},{"damage":11.0,"enemies":"Snake Plant","floor":22.0,"turns":4.0},{"damage":0.0,"enemies":"Centurion and Healer","floor":24.0,"turns":5.0},{"damage":4.0,"enemies":"3 Cultists","floor":28.0,"turns":4.0},{"damage":37.0,"enemies":"Shelled Parasite and Fungi","floor":29.0,"turns":4.0},{"damage":12.0,"enemies":"Collector","floor":33.0,"turns":7.0},{"damage":14.0,"enemies":"3 Darklings","floor":35.0,"turns":6.0},{"damage":16.0,"enemies":"3 Shapes","floor":39.0,"turns":3.0},{"damage":52.0,"enemies":"Reptomancer","floor":40.0,"turns":5.0},{"damage":1,"enemies":"Transient","floor":42,"turns":5},{"damage":35,"enemies":"4 Shapes","floor":45,"turns":5},{"damage":27,"enemies":"Jaw Worm Horde","floor":47,"turns":3}],"seed_played":"-8501385625318676787","potions_obtained":[{"floor":1.0,"key":"Regen Potion"},{"floor":11.0,"key":"Strength Potion"},{"floor":16.0,"key":"SteroidPotion"},{"floor":22.0,"key":"Strength Potion"},{"floor":34.0,"key":"GamblersBrew"},{"floor":39.0,"key":"Dexterity Potion"}],"is_trial":false,"path_per_floor":["M","?","?","M","M","R","E","$","T","M","M","$","R","$","R","B",null,"M","?","?","M","M","R","M","R","T","R","M","M","$","$","R","B",null,"M","?","?","$","M","E","$","M","T","?","M","R","M"],"character_chosen":"DEFECT","items_purchased":["Defragment","Hello World","Reinforced Body","Bandage Up","Leap","Frozen Egg 2","Storm+1","Runic Capacitor","DollysMirror","Good Instincts","Reinforced Body","Buffer+1"],"campfire_rested":0,"item_purchase_floors":[8,14,31,31,31,38,38,38,41,41,41,41],"current_hp_per_floor":[74,49,49,49,49,49,24,24,24,24,24,24,24,24,24,9,69,69,69,69,67,56,56,56,56,56,56,52,15,15,15,15,9,74,66,66,66,66,60,14,14,29,29,48,29,29,8],"gold":150,"neow_bonus":"BOSS_RELIC","is_prod":false,"is_daily":false,"chose_seed":false,"campfire_upgraded":8,"win_rate":0,"timestamp":1564210979,"path_taken":["M","?","?","M","M","R","E","?","T","?","M","?","R","$","R","BOSS","M","?","?","M","?","R","M","R","T","R","M","M","?","$","R","BOSS","M","?","?","$","M","E","$","?","T","?","M","R","M"],"build_version":"2019-07-17","purchased_purges":2,"victory":false,"max_hp_per_floor":[75,75,69,69,69,69,69,69,69,69,69,69,69,69,69,69,69,69,69,69,69,69,69,69,69,69,69,69,69,69,69,69,69,74,74,74,74,74,74,74,74,74,74,74,74,74,74],"card_choices":[{"not_picked":["Rip and Tear","Cold Snap"],"picked":"Chaos","floor":1.0},{"not_picked":["Aggregate","Turbo"],"picked":"Cold Snap","floor":4.0},{"not_picked":["Stack","Sweeping Beam"],"picked":"Glacier","floor":5.0},{"not_picked":["Go for the Eyes","Skim"],"picked":"Rebound","floor":7.0},{"not_picked":["Conserve Battery","Doom and Gloom"],"picked":"Ball Lightning","floor":10.0},{"not_picked":["Reinforced Body","Rebound"],"picked":"Darkness","floor":11.0},{"not_picked":["Reboot","Fission"],"picked":"Biased Cognition","floor":16.0},{"not_picked":["Redo","Barrage"],"picked":"Cold Snap","floor":18.0},{"not_picked":["Streamline","Cold Snap"],"picked":"Compile Driver","floor":21.0},{"not_picked":["Steam","Melter"],"picked":"Ball Lightning","floor":22.0},{"not_picked":["Streamline","Loop+1"],"picked":"Hologram+1","floor":24.0},{"not_picked":["Skim","Chill+1"],"picked":"Ball Lightning","floor":28.0},{"not_picked":["Compile Driver","Core Surge"],"picked":"Loop+1","floor":29.0},{"not_picked":["Thunder Strike","Meteor Strike"],"picked":"Creative AI","floor":33.0},{"not_picked":["Coolheaded","Chill"],"picked":"Rebound","floor":34.0},{"not_picked":["Coolheaded","All For One"],"picked":"Self Repair+1","floor":35.0},{"not_picked":["Stack","Coolheaded"],"picked":"Ball Lightning+1","floor":39.0},{"not_picked":["Coolheaded+1","Leap"],"picked":"Compile Driver+1","floor":40.0},{"not_picked":["Recycle","Ball Lightning+1"],"picked":"Defragment+1","floor":42},{"not_picked":["Melter+1","Stack"],"picked":"Go for the Eyes+1","floor":45}],"player_experience":1559386,"relics_obtained":[{"floor":7.0,"key":"MawBank"},{"floor":9.0,"key":"Emotion Chip"},{"floor":26.0,"key":"Sundial"},{"floor":40.0,"key":"Molten Egg 2"},{"floor":43,"key":"Shuriken"}],"event_choices":[{"damage_healed":0.0,"max_hp_gain":0.0,"max_hp_loss":0.0,"gold_gain":0.0,"event_name":"Scrap Ooze","player_choice":"Success","floor":2.0,"gold_loss":0.0,"damage_taken":25.0,"relics_obtained":["Turnip"]},{"damage_healed":0.0,"max_hp_gain":0.0,"max_hp_loss":6.0,"gold_gain":0.0,"event_name":"Golden Idol","player_choice":"Lose Max HP","floor":3.0,"gold_loss":0.0,"damage_taken":0.0,"relics_obtained":["Golden Idol"]},{"damage_healed":0.0,"max_hp_gain":0.0,"max_hp_loss":0.0,"gold_gain":0.0,"event_name":"Ghosts","player_choice":"Ignored","floor":19.0,"gold_loss":0.0,"damage_taken":0.0},{"damage_healed":0.0,"max_hp_gain":0.0,"max_hp_loss":0.0,"gold_gain":0.0,"event_name":"N\u0027loth","player_choice":"Traded Relic","floor":20.0,"relics_lost":["MawBank"],"gold_loss":0.0,"damage_taken":0.0,"relics_obtained":["Nloth\u0027s Gift"]},{"damage_healed":0.0,"max_hp_gain":0.0,"max_hp_loss":0.0,"gold_gain":999.0,"event_name":"MindBloom","player_choice":"Gold","floor":36.0,"gold_loss":0.0,"damage_taken":0.0,"cards_obtained":["Normality","Normality"]},{"cards_removed":["Normality"],"damage_healed":0.0,"max_hp_gain":0.0,"max_hp_loss":0.0,"gold_gain":0.0,"event_name":"Designer","player_choice":"Upgrade and Remove","floor":37.0,"gold_loss":90.0,"damage_taken":0.0,"cards_upgraded":["Strike_B"]},{"damage_healed":19,"gold_gain":0,"player_choice":"Writhe","damage_taken":0,"max_hp_gain":0,"max_hp_loss":0,"event_name":"Winding Halls","floor":44,"gold_loss":0,"cards_obtained":["Writhe"]}],"is_beta":false,"boss_relics":[{"not_picked":["Runic Dome","Empty Cage"],"picked":"Velvet Choker"},{"not_picked":["Calling Bell","Black Star"],"picked":"Tiny House"}],"items_purged_floors":[8,38],"is_endless":false,"potions_floor_spawned":[1,11,16,22,28,39,45],"killed_by":"Jaw Worm Horde","ascension_level":0}