{"gold_per_floor":[111,111,123,69,80,80,112,21,74,74,74,22,42,42,42,137,137,155,155,165,165,90,90,108,108,134,150,162,177,189,189,189,293,293,313,132,142,64,81,81,95,95,95,126,126,142,142,159,159,159,159,159,112,144,144],"floor_reached":55,"playtime":2185,"items_purged":["Strike_B","Strike_B"],"score":674,"play_id":"d7e95136-ccf1-48b4-b9ed-8d98a5441738","local_time":"20190722052530","is_ascension_mode":false,"campfire_choices":[{"data":"Zap","floor":6.0,"key":"SMITH"},{"data":"Conserve Battery","floor":10.0,"key":"SMITH"},{"data":"Hologram","floor":15.0,"key":"SMITH"},{"data":"Leap","floor":23.0,"key":"SMITH"},{"floor":32.0,"key":"REST"},{"data":"Echo Form","floor":40.0,"key":"SMITH"},{"data":"Defragment","floor":42.0,"key":"SMITH"},{"floor":49.0,"key":"RECALL"},{"data":"Dualcast","floor":52.0,"key":"SMITH"}],"neow_cost":"NONE","seed_source_timestamp":202880575004300,"circlet_count":0,"master_deck":["Defend_B","Defend_B","Defend_B","Defend_B","Zap+1","Dualcast+1","Gash","Go for the Eyes","Leap+1","Go for the Eyes","Gash","FTL","Conserve Battery+1","Steam","Gash","Hologram+1","Hologram+1","Skim","Echo Form+1","Defragment+1","Loop+1","Skim","Hologram+1","Gash","Capacitor"],"special_seed":0,"relics":["FrozenCore","Vajra","Tiny Chest","Sozu","Pen Nib","Centennial Puzzle","Boot","Sundial","Orichalcum"],"potions_floor_usage":[],"damage_taken":[{"damage":2.0,"enemies":"Small Slimes","floor":1.0,"turns":3.0},{"damage":6.0,"enemies":"Cultist","floor":3.0,"turns":3.0},{"damage":0.0,"enemies":"Jaw Worm","floor":5.0,"turns":3.0},{"damage":27.0,"enemies":"Gremlin Nob","floor":7.0,"turns":5.0},{"damage":0.0,"enemies":"Red Slaver","floor":13.0,"turns":3.0},{"damage":18.0,"enemies":"The Guardian","floor":16.0,"turns":10.0},{"damage":0.0,"enemies":"3 Byrds","floor":18.0,"turns":5.0},{"damage":7.0,"enemies":"Spheric Guardian","floor":20.0,"turns":4.0},{"damage":10.0,"enemies":"Centurion and Healer","floor":24.0,"turns":6.0},{"damage":16.0,"enemies":"Cultist and Chosen","floor":27.0,"turns":8.0},{"damage":12.0,"enemies":"Snake Plant","floor":28.0,"turns":5.0},{"damage":1.0,"enemies":"Snecko","floor":29.0,"turns":7.0},{"damage":6.0,"enemies":"3 Cultists","floor":30.0,"turns":5.0},{"damage":19.0,"enemies":"Automaton","floor":33.0,"turns":10.0},{"damage":0.0,"enemies":"Orb Walker","floor":35.0,"turns":4.0},{"damage":3.0,"enemies":"3 Darklings","floor":37.0,"turns":7.0},{"damage":8.0,"enemies":"Jaw Worm Horde","floor":39.0,"turns":7.0},{"damage":0.0,"enemies":"4 Shapes","floor":41.0,"turns":6.0},{"damage":27.0,"enemies":"Reptomancer","floor":44.0,"turns":9.0},{"damage":10.0,"enemies":"Sphere and 2 Shapes","floor":46.0,"turns":5.0},{"damage":11.0,"enemies":"Transient","floor":48.0,"turns":5.0},{"damage":6.0,"enemies":"Awakened One","floor":50.0,"turns":14.0},{"damage":37,"enemies":"Shield and Spear","floor":54,"turns":8},{"damage":45,"enemies":"The Heart","floor":55,"turns":6}],"seed_played":"-4409059200148883105","potions_obtained":[{"floor":2.0,"key":"SkillPotion"},{"floor":2.0,"key":"Weak Potion"},{"floor":2.0,"key":"SkillPotion"},{"floor":13.0,"key":"SteroidPotion"},{"floor":16.0,"key":"Energy Potion"}],"is_trial":false,"path_per_floor":["M","?","M","$","M","R","E","$","T","R","?","$","M","?","R","B",null,"M","?","M","?","$","R","M","?","T","M","M","M","M","T","R","B",null,"M","$","M","$","M","R","M","R","T","E","?","M","T","M","R","B",null,"R","$","E","B"],"character_chosen":"DEFECT","items_purchased":["Leap","FTL","Conserve Battery","Gash","Defragment","Skim","Gash"],"campfire_rested":1,"item_purchase_floors":[4,8,8,12,36,38,53],"current_hp_per_floor":[73,73,67,67,67,67,40,40,40,40,40,40,40,33,33,15,75,75,75,68,54,54,54,44,44,44,28,16,15,9,9,33,14,80,80,80,77,77,69,69,69,69,69,42,42,32,32,21,21,15,80,80,80,43,0],"gold":144,"neow_bonus":"THREE_CARDS","is_prod":false,"is_daily":false,"chose_seed":false,"campfire_upgraded":7,"win_rate":0,"timestamp":1563762330,"path_taken":["M","?","M","$","?","R","E","$","T","R","?","?","M","?","R","BOSS","M","?","?","?","$","R","M","?","T","?","M","M","M","?","R","BOSS","M","$","M","$","M","R","M","R","T","E","?","M","?","M","R","BOSS","R","$","E","BOSS"],"build_version":"2019-07-17","purchased_purges":2,"victory":false,"max_hp_per_floor":[75,75,75,75,75,75,75,75,75,75,75,75,75,75,75,75,75,75,75,75,80,80,80,80,80,80,80,80,80,80,80,80,80,80,80,80,80,80,80,80,80,80,80,80,80,80,80,80,80,80,80,80,80,80,80],"card_choices":[{"not_picked":["Compile Driver","Storm"],"picked":"Gash","floor":0.0},{"not_picked":["Redo","Heatsinks","Capacitor"],"picked":"SKIP","floor":1.0},{"not_picked":["Static Discharge","Stack"],"picked":"Go for the Eyes","floor":3.0},{"not_picked":["BootSequence","Redo"],"picked":"Go for the Eyes","floor":5.0},{"not_picked":["Go for the Eyes","Melter"],"picked":"Gash","floor":7.0},{"not_picked":["Ball Lightning","Heatsinks"],"picked":"Hologram","floor":13.0},{"not_picked":["Melter","Streamline","Force Field"],"picked":"SKIP","floor":18.0},{"not_picked":["Sweeping Beam","Melter","Compile Driver"],"picked":"SKIP","floor":20.0},{"not_picked":["Hologram","Stack","Ball Lightning+1"],"picked":"SKIP","floor":24.0},{"not_picked":["Genetic Algorithm+1","Compile Driver"],"picked":"Skim","floor":27.0},{"not_picked":["Cold Snap","Storm","Go for the Eyes"],"picked":"SKIP","floor":28.0},{"not_picked":["Ball Lightning+1","Streamline","Creative AI"],"picked":"SKIP","floor":29.0},{"not_picked":["Compile Driver","Turbo","Redo"],"picked":"SKIP","floor":30.0},{"not_picked":["Fission","Seek"],"picked":"Echo Form","floor":33.0},{"not_picked":["Leap+1","Glacier+1","Rip and Tear"],"picked":"SKIP","floor":35.0},{"not_picked":["Barrage","Cold Snap"],"picked":"Loop+1","floor":37.0},{"not_picked":["Rebound+1","Compile Driver+1","Turbo+1"],"picked":"SKIP","floor":39.0},{"not_picked":["Rebound","Leap+1","Sweeping Beam"],"picked":"SKIP","floor":41.0},{"not_picked":["Compile Driver+1","Multi-Cast"],"picked":"Hologram+1","floor":44.0},{"not_picked":["Blizzard","Leap+1","Recycle+1"],"picked":"SKIP","floor":46.0},{"not_picked":["Steam+1","Steam Power","Fusion"],"picked":"SKIP","floor":48.0},{"not_picked":["Scrape","Buffer"],"picked":"Capacitor","floor":54}],"player_experience":730269,"relics_obtained":[{"floor":7.0,"key":"Vajra"},{"floor":9.0,"key":"Tiny Chest"},{"floor":26.0,"key":"Pen Nib"},{"floor":43.0,"key":"Centennial Puzzle"},{"floor":44.0,"key":"Boot"},{"floor":47.0,"key":"Sundial"},{"floor":54,"key":"Orichalcum"}],"event_choices":[{"damage_healed":0.0,"max_hp_gain":0.0,"max_hp_loss":0.0,"gold_gain":0.0,"event_name":"Lab","player_choice":"Got Potions","floor":2.0,"gold_loss":0.0,"damage_taken":0.0},{"damage_healed":0.0,"max_hp_gain":0.0,"max_hp_loss":0.0,"gold_gain":0.0,"event_name":"Match and Keep!","player_choice":"1 cards matched","floor":11.0,"gold_loss":0.0,"damage_taken":0.0,"cards_obtained":["Steam"]},{"cards_removed":["Strike_B"],"damage_healed":0.0,"max_hp_gain":0.0,"max_hp_loss":0.0,"gold_gain":0.0,"event_name":"Golden Wing","player_choice":"Card Removal","floor":14.0,"gold_loss":0.0,"damage_taken":7.0},{"damage_healed":0.0,"max_hp_gain":0.0,"max_hp_loss":0.0,"gold_gain":0.0,"event_name":"Duplicator","player_choice":"Copied","floor":19.0,"gold_loss":0.0,"damage_taken":0.0,"cards_obtained":["Hologram"]},{"damage_healed":0.0,"max_hp_gain":5.0,"max_hp_loss":0.0,"gold_gain":0.0,"event_name":"Forgotten Altar","player_choice":"Shed Blood","floor":21.0,"gold_loss":0.0,"damage_taken":19.0},{"cards_removed":["Strike_B"],"damage_healed":0.0,"max_hp_gain":0.0,"max_hp_loss":0.0,"gold_gain":0.0,"event_name":"Purifier","player_choice":"Purged","floor":25.0,"gold_loss":0.0,"damage_taken":0.0},{"damage_healed":0.0,"max_hp_gain":0.0,"max_hp_loss":0.0,"gold_gain":0.0,"event_name":"Tomb of Lord Red Mask","player_choice":"Ignored","floor":45.0,"gold_loss":0.0,"damage_taken":0.0}],"is_beta":false,"boss_relics":[{"not_picked":["Astrolabe","Orrery"],"picked":"Sozu"},{"not_picked":["White Beast Statue","Runic Dome"],"picked":"FrozenCore"}],"items_purged_floors":[22,36],"is_endless":false,"potions_floor_spawned":[3,13,16,24,27,28,33,39,41,44],"killed_by":"The Heart","ascension_level":0}