{"gold_per_floor":[113,125,125,77,95,95,95,121,121,121,52,71,105,121,121,219,219],"floor_reached":17,"playtime":505,"items_purged":[],"score":165,"play_id":"0bd7a132-7d3e-4ae2-a197-3b328dac3dec","local_time":"20181128090222","is_ascension_mode":false,"campfire_choices":[{"data":"Defragment","floor":6,"key":"SMITH"},{"data":"Zap","floor":10,"key":"SMITH"},{"data":"Redo","floor":15,"key":"SMITH"}],"neow_cost":"NONE","seed_source_timestamp":129065991727791,"circlet_count":0,"master_deck":["Strike_B","Strike_B","Strike_B","Defend_B","Defend_B","Defend_B","Defend_B","Zap+1","Dualcast","Beam Cell","Leap","Defragment+1","Conserve Battery","Cold Snap","Go for the Eyes","Redo+1","Electrodynamics","Cold Snap"],"relics":["Cracked Core","Boot","Orichalcum","Pocketwatch"],"potions_floor_usage":[13],"damage_taken":[{"damage":9,"enemies":"Jaw Worm","floor":1,"turns":4},{"damage":2,"enemies":"2 Louse","floor":2,"turns":2},{"damage":0,"enemies":"Small Slimes","floor":5,"turns":3},{"damage":34,"enemies":"Lagavulin","floor":8,"turns":8},{"damage":0,"enemies":"Exordium Wildlife","floor":12,"turns":4},{"damage":2,"enemies":"3 Sentries","floor":13,"turns":7},{"damage":0,"enemies":"Large Slime","floor":14,"turns":3},{"damage":13,"enemies":"The Guardian","floor":16,"turns":9}],"seed_played":"136923590424669424","potions_obtained":[{"floor":12,"key":"Energy Potion"},{"floor":13,"key":"Energy Potion"},{"floor":14,"key":"FocusPotion"},{"floor":16,"key":"Regen Potion"}],"is_trial":false,"path_per_floor":["M","M","?","$","M","R","$","E","T","R","$","M","E","M","R","B",null],"character_chosen":"DEFECT","items_purchased":["Leap","Cold Snap","Go for the Eyes"],"campfire_rested":0,"item_purchase_floors":[4,11,11],"current_hp_per_floor":[66,64,57,57,57,57,57,23,23,23,23,23,21,21,21,8,8],"gold":219,"neow_bonus":"RANDOM_COMMON_RELIC","is_prod":false,"is_daily":false,"chose_seed":false,"campfire_upgraded":3,"win_rate":0,"timestamp":1543388542,"path_taken":["M","M","?","$","M","R","$","E","T","R","$","M","E","M","R","BOSS"],"build_version":"2018-11-15","purchased_purges":0,"victory":false,"max_hp_per_floor":[75,75,75,75,75,75,75,75,75,75,75,75,75,75,75,75,75],"card_choices":[{"not_picked":["Sweeping Beam","Rebound","Aggregate"],"picked":"SKIP","floor":1},{"not_picked":["Compile Driver","Sweeping Beam"],"picked":"Beam Cell","floor":2},{"not_picked":["Rip and Tear","Blizzard"],"picked":"Defragment","floor":5},{"not_picked":["Aggregate","Reinforced Body"],"picked":"Conserve Battery","floor":8},{"not_picked":["Doom and Gloom","Skim"],"picked":"Redo","floor":12},{"not_picked":["Darkness","Steam"],"picked":"Electrodynamics","floor":13},{"not_picked":["Hologram","Blizzard"],"picked":"Cold Snap","floor":14}],"player_experience":502604,"relics_obtained":[{"floor":9,"key":"Orichalcum"},{"floor":13,"key":"Pocketwatch"}],"event_choices":[{"cards_removed":["Strike_B"],"damage_healed":0,"gold_gain":0,"player_choice":"Card Removal","damage_taken":7,"max_hp_gain":0,"max_hp_loss":0,"event_name":"Golden Wing","floor":3,"gold_loss":0}],"is_beta":false,"boss_relics":[],"items_purged_floors":[],"is_endless":false,"potions_floor_spawned":[12,13,14,16],"ascension_level":0}