{"path_per_floor":["M","M","?","T","?","R","M","R","T","?","M","$","M","?","R","B",null,"M","?","$","?","M","R","M","R","T","M","R","?","R","M","R","B",null,"M","?","M","M","M","R","M","$","T","M","?","?","M","$","R","B"],"character_chosen":"THE_SILENT","items_purchased":["Bandage Up","Noxious Fumes","Flash of Steel","Strength Potion","Dexterity Potion","Strength Potion","Tough Bandages"],"gold_per_floor":[16,28,28,55,130,130,144,144,144,144,157,61,77,77,77,179,179,198,198,86,112,124,124,136,136,211,226,226,226,226,236,236,335,365,379,379,389,402,415,415,425,268,268,286,286,508,520,96,96,96],"floor_reached":51,"campfire_rested":2,"playtime":6601,"current_hp_per_floor":[66,66,66,66,55,55,55,55,55,52,52,52,56,42,42,24,70,67,67,67,62,65,65,69,69,69,67,67,67,67,55,55,20,75,67,58,64,59,46,68,74,74,74,75,75,75,59,59,75,16],"items_purged":["Defend_G","Writhe","Strike_G"],"gold":96,"score":489,"play_id":"bc345f3e-ce75-40f1-9889-d8fd7fcde057","is_prod":false,"is_daily":false,"is_ascension_mode":false,"campfire_upgraded":8,"path_taken":["M","?","?","?","?","R","?","R","T","?","M","$","M","?","R","BOSS","M","?","$","?","M","R","M","R","T","M","R","?","R","M","R","BOSS","M","?","?","?","M","R","M","?","T","M","?","?","M","$","R","BOSS"],"build_version":"2018-02-07-BETA1","purchased_purges":4,"victory":true,"master_deck":["Defend_G+1","Defend_G+1","Defend_G+1","Strike_G+1","Strike_G+1","Survivor","Neutralize+1","Predator+1","Heel Hook","Backflip+1","Heel Hook","Bandage Up+1","Dagger Spray","A Thousand Cuts+1","Noxious Fumes+1","Distraction+1","Catalyst+1","Distraction+1","Night Terror+1","After Image","Calculated Gamble","Bouncing Flask+1","Madness","Madness","Prepared","Catalyst","Infinite Blades+1","Flash of Steel","Slice+1"],"max_hp_per_floor":[70,70,70,70,70,70,70,70,70,70,70,70,70,70,70,70,70,70,70,70,70,70,70,70,70,70,70,70,70,70,70,70,70,75,75,75,75,75,75,75,75,75,75,75,75,75,75,75,75,75],"relics":["Ring of the Snake","Art of War","Anchor","Oddly Smooth Stone","Lizard Tail","Red Mask","Gremlin Horn","The Courier","Tiny House","Peace Pipe","Tough Bandages"],"card_choices":[{"not_picked":["Die Die Die","Bane"],"picked":"Predator"},{"not_picked":["Bouncing Flask","Poisoned Stab"],"picked":"Heel Hook"},{"not_picked":["Reflex","Dagger Throw"],"picked":"Backflip"},{"not_picked":["Acrobatics","Dodge and Roll"],"picked":"Heel Hook"},{"not_picked":["Prepared","Poisoned Stab"],"picked":"Dagger Spray"},{"not_picked":["Tools of the Trade","Burst"],"picked":"A Thousand Cuts"},{"not_picked":["Slice","Outmaneuver"],"picked":"Distraction"},{"not_picked":["Dagger Throw","Bouncing Flask"],"picked":"Catalyst"},{"not_picked":["Cloak And Dagger","Bane"],"picked":"Distraction"},{"not_picked":["PiercingWail","Setup"],"picked":"Night Terror"},{"not_picked":["Unload","Tools of the Trade"],"picked":"After Image"},{"not_picked":["Heel Hook","Malaise"],"picked":"Calculated Gamble"},{"not_picked":["Outmaneuver","Slice"],"picked":"Bouncing Flask"},{"not_picked":["Backflip","Cloak And Dagger"],"picked":"Prepared"},{"not_picked":["Eviscerate","Noxious Fumes"],"picked":"Catalyst"},{"not_picked":["Unload","PiercingWail"],"picked":"Infinite Blades"},{"not_picked":["Outmaneuver","Acrobatics"],"picked":"Slice"}],"player_experience":299403,"potions_floor_usage":[21,24,27,33,35,37,38,38,41,50,50,50],"damage_taken":[{"damage":4,"enemies":"Blue Slaver","floor":1,"turns":5},{"damage":0,"enemies":"Cultist","floor":2,"turns":3},{"damage":0,"enemies":"Jaw Worm","floor":7,"turns":3},{"damage":0,"enemies":"Exordium Thugs","floor":11,"turns":5},{"damage":0,"enemies":"Gremlin Gang","floor":13,"turns":5},{"damage":22,"enemies":"Hexaghost","floor":16,"turns":11},{"damage":7,"enemies":"Shell Parasite","floor":18,"turns":5},{"damage":8,"enemies":"Masked Bandits","floor":21,"turns":5},{"damage":1,"enemies":"3 Byrds","floor":22,"turns":4},{"damage":0,"enemies":"Snake Plant","floor":24,"turns":5},{"damage":6,"enemies":"Slaver and Parasite","floor":27,"turns":5},{"damage":18,"enemies":"Cultist and Chosen","floor":31,"turns":5},{"damage":79,"enemies":"Automaton","floor":33,"turns":11},{"damage":12,"enemies":"3 Shapes","floor":35,"turns":6},{"damage":0,"enemies":"Flame Bruiser 1 Orb","floor":37,"turns":5},{"damage":11,"enemies":"3 Darklings","floor":38,"turns":6},{"damage":19,"enemies":"Maw","floor":39,"turns":8},{"damage":0,"enemies":"4 Shapes","floor":41,"turns":6},{"damage":2,"enemies":"Flame Bruiser 2 Orb","floor":44,"turns":6},{"damage":22,"enemies":"3 Darklings","floor":47,"turns":5},{"damage":65,"enemies":"Donu and Deca","floor":50,"turns":7}],"event_choices":[{"event_name":"Purifier","player_choice":"One Purge","floor":3,"damage_taken":0},{"event_name":"World of Goop","player_choice":"Gather Gold","floor":5,"damage_taken":0},{"event_name":"Scrap Ooze","player_choice":"success","floor":10,"damage_taken":3},{"event_name":"Shining Light","player_choice":"Entered Light","floor":14,"damage_taken":0},{"event_name":"Back to Basics","player_choice":"Simplicity","floor":19,"damage_taken":0},{"event_name":"Masked Bandits","player_choice":"Fought over 86 gold","floor":21,"damage_taken":0},{"event_name":"The Mausoleum","player_choice":"Yes","floor":29,"damage_taken":0},{"event_name":"Winding Halls","player_choice":"Embrace Madness","floor":36,"damage_taken":0},{"event_name":"Mysterious Sphere","player_choice":"Ignore","floor":45,"damage_taken":0},{"event_name":"Tomb of Lord Red Mask","player_choice":"Wore Mask","floor":46,"damage_taken":0}],"boss_relics":[{"not_picked":["Black Star","Velvet Choker"],"picked":"Lizard Tail"},{"not_picked":["Runic Pyramid","Orrery"],"picked":"Tiny House"}],"potions_floor_spawned":[1,2,13,18,24,33,35,37,39],"seed_played":"7946478141697910387","ascension_level":0,"is_trial":false}