{"path_per_floor":["M","?","M","M","$","R","?","R","T","M","M","M","$","M","R","B",null,"M","?","M","M","?","R","M","R","T","$","M","M","R","M","R","B",null,"M","M","$","?","M","M","R","M","T","?","$","R","M","M","R","B"],"character_chosen":"THE_SILENT","items_purchased":["Dagger Spray","Blur","Paper Crane","Apotheosis","Kunai","Regen Potion"],"gold_per_floor":[111,111,124,147,72,72,72,72,97,110,128,152,1,20,20,141,141,160,160,178,192,192,192,217,217,517,66,89,102,102,117,117,238,238,259,283,105,438,452,465,465,480,480,480,25,25,41,57,57,57],"floor_reached":51,"campfire_rested":4,"playtime":5647,"current_hp_per_floor":[69,65,65,65,65,65,58,58,58,58,56,56,56,56,56,42,65,65,49,49,36,36,55,43,62,62,62,56,45,64,61,61,46,65,50,41,41,41,35,35,54,51,51,51,51,51,63,63,63,65],"items_purged":["Setup","Strike_G","Defend_G","Defend_G"],"gold":57,"play_id":"0d4d9525-0b14-44af-91d2-5aa7e1e255cb","is_prod":false,"is_daily":false,"is_ascension_mode":false,"campfire_upgraded":6,"path_taken":["M","?","M","M","$","R","?","R","T","M","M","M","$","?","R","BOSS","M","?","M","M","?","R","M","R","T","$","M","M","R","?","R","BOSS","M","M","$","?","M","M","R","M","T","?","$","R","M","M","R","BOSS"],"build_version":"2018-02-02-BETA1","purchased_purges":4,"victory":true,"master_deck":["Defend_G","Defend_G","Defend_G","Strike_G","Survivor","Neutralize+1","Acrobatics","Sucker Punch","Caltrops+1","Backstab","Bouncing Flask","Dagger Spray","Outmaneuver+1","Tactician+1","Quick Slash+1","Poisoned Stab+1","Blur","Backflip","Tools of the Trade","Dash","Die Die Die+1","Backflip+1","Apotheosis+1","Footwork+1","Calculated Gamble+1","Underhanded Strike"],"max_hp_per_floor":[70,65,65,65,65,65,65,65,65,65,65,65,65,65,65,65,65,65,65,65,65,65,65,65,65,65,65,65,65,65,65,65,65,65,65,65,65,65,65,65,65,65,65,65,65,65,65,65,65,65],"relics":["Ring of the Snake","Omamori","Cursed Key","Enchiridion","Old Coin","Paper Crane","Question Card","Ancient Tea Set","Kunai"],"card_choices":[{"not_picked":["Bane","Calculated Gamble"],"picked":"Acrobatics"},{"not_picked":["Quick Slash","Deadly Poison"],"picked":"Sucker Punch"},{"not_picked":["Prepared","All Out Attack"],"picked":"Caltrops"},{"not_picked":["Infinite Blades","Bane"],"picked":"Backstab"},{"not_picked":["Dodge and Roll","Envenom"],"picked":"Dagger Throw"},{"not_picked":["Dodge and Roll","Outmaneuver"],"picked":"Bouncing Flask"},{"not_picked":["Accuracy","Malaise"],"picked":"Outmaneuver"},{"not_picked":["Wraith Form","Storm of Steel"],"picked":"Tactician"},{"not_picked":["Infinite Blades","Cloak And Dagger"],"picked":"Quick Slash"},{"not_picked":["Bane","Crippling Poison"],"picked":"Poisoned Stab"},{"not_picked":["Quick Slash","Dagger Throw"],"picked":"Backflip"},{"not_picked":["Calculated Gamble","Leg Sweep"],"picked":"Tools of the Trade"},{"not_picked":["Quick Slash","Bane"],"picked":"Dash"},{"not_picked":["Venomology","Wraith Form"],"picked":"Die Die Die"},{"not_picked":["Deadly Poison","Deflect","Well Laid Plans"],"picked":"Backflip"},{"not_picked":["Bouncing Flask","Blur","Bane"],"picked":"Footwork"},{"not_picked":["Unload","Dagger Throw","Outmaneuver"],"picked":"Calculated Gamble"},{"not_picked":["Outmaneuver","Masterful Stab","Slice"],"picked":"Underhanded Strike"}],"player_experience":229881,"potions_floor_usage":[14,16,16,24,24,33,39,40,47,50,50,50],"damage_taken":[{"damage":1,"enemies":"Cultist","floor":1,"turns":5},{"damage":0,"enemies":"Jaw Worm","floor":3,"turns":7},{"damage":0,"enemies":"2 Louse","floor":4,"turns":3},{"damage":0,"enemies":"2 Fungi Beasts","floor":10,"turns":5},{"damage":2,"enemies":"Gremlin Gang","floor":11,"turns":5},{"damage":0,"enemies":"Looter","floor":12,"turns":4},{"damage":0,"enemies":"Exordium Thugs","floor":14,"turns":2},{"damage":14,"enemies":"Slime Boss","floor":16,"turns":10},{"damage":0,"enemies":"Shell Parasite","floor":18,"turns":5},{"damage":0,"enemies":"3 Byrds","floor":20,"turns":3},{"damage":13,"enemies":"Centurion and Healer","floor":21,"turns":4},{"damage":12,"enemies":"Slaver and Parasite","floor":24,"turns":4},{"damage":6,"enemies":"Snake Plant","floor":28,"turns":4},{"damage":11,"enemies":"Cultist and Chosen","floor":29,"turns":6},{"damage":3,"enemies":"3 Cultists","floor":31,"turns":4},{"damage":15,"enemies":"Champ","floor":33,"turns":14},{"damage":15,"enemies":"3 Darklings","floor":35,"turns":4},{"damage":9,"enemies":"Flame Bruiser 1 Orb","floor":36,"turns":6},{"damage":6,"enemies":"Sphere and 2 Shapes","floor":39,"turns":9},{"damage":0,"enemies":"Maw","floor":40,"turns":7},{"damage":3,"enemies":"3 Darklings","floor":42,"turns":4},{"damage":0,"enemies":"Spire Growth","floor":47,"turns":4},{"damage":0,"enemies":"Flame Bruiser 2 Orb","floor":48,"turns":5},{"damage":11,"enemies":"Awakened One","floor":50,"turns":16}],"event_choices":[{"event_name":"Golden Idol","player_choice":"Lose Max HP","floor":2,"damage_taken":0},{"event_name":"Golden Wing","player_choice":"Card Removal","floor":7,"damage_taken":0},{"event_name":"Cursed Tome","player_choice":"Obtained Book","floor":19,"damage_taken":0},{"event_name":"Purifier","player_choice":"One Purge","floor":22,"damage_taken":0},{"event_name":"The Moai Head","player_choice":"Gave Idol","floor":38,"damage_taken":0}],"boss_relics":[{"not_picked":["The Specimen","Orrery"],"picked":"Cursed Key"},{"not_picked":["Runic Dome","Runic Pyramid"],"picked":"Question Card"}],"potions_floor_spawned":[3,11,12,16,21,24,33,35,39,40,48],"seed_played":"3610036232858661804","ascension_level":0,"is_trial":false}