{"gold_per_floor":[112,45,57,67,84,84,110,110,134,154,174,189,189,112,112,214,214,233,222,235,36,36,66,78,102,140,163,202,264,129,147,147,244,244,257,59,78,132,62,62,62,62,109,128,142,154,168,168,168,168],"floor_reached":51,"playtime":2340,"items_purged":[],"score":843,"play_id":"243ce907-b78b-4aed-aa9e-c47326584ad7","local_time":"20180727093850","is_ascension_mode":false,"campfire_choices":[{"data":"Zap","floor":6.0,"key":"SMITH"},{"data":"Dualcast","floor":13.0,"key":"SMITH"},{"data":"Capacitor","floor":15.0,"key":"SMITH"},{"data":"Seek","floor":24.0,"key":"SMITH"},{"floor":32.0,"key":"REST"},{"data":"Defragment","floor":40,"key":"SMITH"},{"data":"Defragment","floor":42,"key":"SMITH"},{"floor":49,"key":"REST"}],"neow_cost":"","seed_source_timestamp":46524687501066,"circlet_count":0,"master_deck":["Strike_B+1","Strike_B+1","Strike_B+1","Strike_B+1","Defend_B+1","Defend_B+1","Defend_B+1","Defend_B+1","Zap+1","Dualcast+1","Steam+1","Stack+1","Auto Shields+1","Glacier+1","Conserve Battery+1","Leap+1","Barrage+1","Gash+1","Go for the Eyes+1","Capacitor+1","Seek+1","Capacitor+1","Gash+1","Barrage+1","Gash+1","Defragment+1","Gash+1","Cold Snap+1","Rainbow+1","Compile Driver+1","Defragment+1","Gash+1","Blizzard+1","Auto Shields+1","Pain","Gash+1","Barrage+1","Barrage+1"],"special_seed":0,"relics":["FrozenCore","Lantern","Runic Capacitor","Nloth\u0027s Gift","MawBank","Boot","Bottled Tornado","Regal Pillow","Cursed Key","DollysMirror","Emotion Chip","Art of War","Mark of the Bloom"],"potions_floor_usage":[38,50],"damage_taken":[{"damage":1.0,"enemies":"2 Louse","floor":1.0,"turns":2.0},{"damage":0.0,"enemies":"Cultist","floor":3.0,"turns":3.0},{"damage":5.0,"enemies":"Jaw Worm","floor":4.0,"turns":2.0},{"damage":2.0,"enemies":"Red Slaver","floor":5.0,"turns":3.0},{"damage":0.0,"enemies":"3 Sentries","floor":7.0,"turns":12.0},{"damage":0.0,"enemies":"Looter","floor":10.0,"turns":4.0},{"damage":0.0,"enemies":"Blue Slaver","floor":11.0,"turns":4.0},{"damage":0.0,"enemies":"3 Louse","floor":12.0,"turns":3.0},{"damage":31.0,"enemies":"Slime Boss","floor":16.0,"turns":14.0},{"damage":3.0,"enemies":"3 Byrds","floor":18.0,"turns":8.0},{"damage":9.0,"enemies":"2 Thieves","floor":19.0,"turns":4.0},{"damage":2.0,"enemies":"Snecko","floor":20.0,"turns":8.0},{"damage":3.0,"enemies":"Book of Stabbing","floor":23.0,"turns":10.0},{"damage":24.0,"enemies":"3 Cultists","floor":25.0,"turns":9.0},{"damage":15.0,"enemies":"Cultist and Chosen","floor":27.0,"turns":9.0},{"damage":3.0,"enemies":"Slavers","floor":28.0,"turns":6.0},{"damage":12.0,"enemies":"Centurion and Healer","floor":31.0,"turns":10.0},{"damage":18.0,"enemies":"Champ","floor":33.0,"turns":13.0},{"damage":16.0,"enemies":"3 Darklings","floor":35.0,"turns":6.0},{"damage":15.0,"enemies":"Flame Bruiser 1 Orb","floor":37.0,"turns":8.0},{"damage":28,"floor":38,"turns":6},{"damage":2,"enemies":"Spire Growth","floor":44,"turns":6},{"damage":22,"enemies":"Transient","floor":45,"turns":5},{"damage":4,"enemies":"Maw","floor":46,"turns":6},{"damage":3,"enemies":"Flame Bruiser 2 Orb","floor":47,"turns":10},{"damage":5,"enemies":"Donu and Deca","floor":50,"turns":10}],"seed_played":"-4696197034156271994","potions_obtained":[{"floor":4.0,"key":"FocusPotion"},{"floor":10.0,"key":"FearPotion"},{"floor":11.0,"key":"Fruit Juice"},{"floor":12.0,"key":"Energy Potion"},{"floor":18.0,"key":"Fire Potion"},{"floor":19.0,"key":"Fruit Juice"},{"floor":20.0,"key":"Energy Potion"},{"floor":31.0,"key":"Poison Potion"},{"floor":38,"key":"Swift Potion"}],"is_trial":false,"path_per_floor":["M","$","M","M","M","R","E","$","T","M","M","M","R","$","R","B",null,"M","M","M","$","?","E","R","M","T","M","E","?","$","M","R","B",null,"M","$","M","?","$","R","?","R","T","M","M","M","M","?","R","B"],"character_chosen":"DEFECT","items_purchased":["Steam","Stack","Capacitor","Runic Capacitor","Regal Pillow","DollysMirror","Auto Shields"],"campfire_rested":2,"item_purchase_floors":[2,2,14,21,30,36,39],"current_hp_per_floor":[74,74,74,69,67,67,67,67,67,67,67,72,72,72,72,41,80,77,68,71,71,71,68,68,44,44,29,26,26,26,14,54,36,85,69,69,54,26,26,26,74,74,74,72,50,46,43,43,43,38],"gold":168,"neow_bonus":"","is_prod":false,"is_daily":false,"chose_seed":false,"campfire_upgraded":6,"win_rate":0,"timestamp":1532673530,"path_taken":["M","$","M","M","M","R","E","$","T","M","M","M","R","$","R","BOSS","M","M","M","$","?","E","R","M","T","?","E","?","$","M","R","BOSS","M","$","M","?","$","R","?","R","T","?","M","M","M","?","R","BOSS"],"build_version":"2018-07-26","purchased_purges":0,"victory":true,"max_hp_per_floor":[75,75,75,75,75,75,75,75,75,75,75,80,80,80,80,80,80,80,80,85,85,85,85,85,85,85,85,85,85,85,85,85,85,85,85,85,85,85,85,85,74,74,74,74,74,74,74,74,74,74],"card_choices":[{"not_picked":["Rebound","Fusion","Blizzard"],"picked":"SKIP","floor":1.0},{"not_picked":["Turbo","Chaos"],"picked":"Auto Shields","floor":3.0},{"not_picked":["Steam","Skim"],"picked":"Glacier","floor":4.0},{"not_picked":["Auto Shields","Barrage"],"picked":"Conserve Battery","floor":5.0},{"not_picked":["Sunder","Streamline"],"picked":"Leap","floor":7.0},{"not_picked":["Hologram","Compile Driver"],"picked":"Barrage","floor":10.0},{"not_picked":["Steam","Redo"],"picked":"Gash","floor":11.0},{"not_picked":["Streamline","Multi-Cast"],"picked":"Go for the Eyes","floor":12.0},{"not_picked":["Machine Learning","Hyperbeam"],"picked":"Seek","floor":16.0},{"not_picked":["Turbo","BootSequence"],"picked":"Capacitor","floor":18.0},{"not_picked":["Recycle","Stack","Leap"],"picked":"SKIP","floor":19.0},{"not_picked":["White Noise+1","Coolheaded"],"picked":"Gash","floor":20.0},{"not_picked":["Thunder Strike","Ball Lightning+1"],"picked":"Barrage","floor":23.0},{"not_picked":["Rip and Tear","Go for the Eyes"],"picked":"Gash","floor":25.0},{"not_picked":["Ball Lightning","Compile Driver"],"picked":"Defragment","floor":27.0},{"not_picked":["Rebound","Coolheaded"],"picked":"Gash","floor":28.0},{"not_picked":["Sweeping Beam","Genetic Algorithm"],"picked":"Cold Snap","floor":31.0},{"not_picked":["Fission","Reboot"],"picked":"Rainbow","floor":33.0},{"not_picked":["Multi-Cast","Stack+1"],"picked":"Compile Driver+1","floor":35.0},{"not_picked":["Reprogram","Stack+1"],"picked":"Gash","floor":37.0},{"not_picked":["Stack","Hello World+1"],"picked":"Blizzard","floor":38},{"not_picked":["Streamline+1","Creative AI"],"picked":"Gash","floor":44},{"not_picked":["Leap","Biased Cognition"],"picked":"Barrage","floor":45},{"not_picked":["Coolheaded","Redo","Conserve Battery"],"picked":"SKIP","floor":46},{"not_picked":["Beam Cell+1","Hologram+1"],"picked":"Barrage+1","floor":47}],"player_experience":227636,"relics_obtained":[{"floor":7.0,"key":"Lantern"},{"floor":9.0,"key":"Vajra"},{"floor":23.0,"key":"MawBank"},{"floor":26.0,"key":"Boot"},{"floor":28.0,"key":"Bottled Tornado"},{"floor":38,"key":"Emotion Chip"},{"floor":43,"key":"Art of War"}],"event_choices":[{"event_name":"N\u0027loth","player_choice":"Traded a Vajra","floor":22.0,"damage_taken":0.0},{"event_name":"The Joust","player_choice":"Bet on Murderer","floor":29.0,"damage_taken":0.0},{"event_name":"Mysterious Sphere","player_choice":"Fight","floor":38,"damage_taken":0},{"event_name":"The Moai Head","player_choice":"Heal","floor":41,"damage_taken":0},{"event_name":"MindBloom","player_choice":"Upgrade","floor":48,"damage_taken":0}],"is_beta":false,"boss_relics":[{"not_picked":["Eternal Feather","Lizard Tail"],"picked":"FrozenCore"},{"not_picked":["Runic Pyramid","Inserter"],"picked":"Cursed Key"}],"items_purged_floors":[],"is_endless":false,"potions_floor_spawned":[4,10,11,12,16,18,19,20,31,38,46],"ascension_level":0}