{"gold_per_floor":[111,111,186,112,189,219,236,246,300,319,319,319,319,4,4,107,107,123,136,51,63,143,143,155,11,38,49,74,74,74,88,88,183,183,203,221,296,316,316,316,350,67,67,80,80],"floor_reached":45,"playtime":3464,"items_purged":["Strike_R"],"score":644,"play_id":"2d7f0019-a742-4e2c-a993-8946a2971dec","local_time":"20190729133112","is_ascension_mode":true,"campfire_choices":[{"floor":11,"key":"RECALL"},{"data":"Carnage","floor":13,"key":"SMITH"},{"data":"Spot Weakness","floor":15,"key":"SMITH"},{"data":"Infernal Blade","floor":23,"key":"SMITH"},{"data":"Demon Form","floor":32,"key":"SMITH"},{"data":"Havoc","floor":40,"key":"SMITH"}],"neow_cost":"NONE","seed_source_timestamp":1376505320468242,"circlet_count":0,"master_deck":["Strike_R","Strike_R","Defend_R","Defend_R","Defend_R","Bash","Dark Embrace","Spot Weakness+1","Wild Strike","Pommel Strike","Shrug It Off","Body Slam","Carnage+1","Shrug It Off","Fiend Fire","Infernal Blade+1","Anger+1","Whirlwind","Intimidate","Intimidate","Fire Breathing","Seeing Red+1","Demon Form+1","Havoc+1","Seeing Red","Havoc+1","Limit Break","Carnage+1","Feel No Pain+1","Havoc","Heavy Blade+1"],"relics":["Burning Blood","Boot","Pear","FossilizedHelix","Sozu","Pen Nib","Question Card","Centennial Puzzle","Juzu Bracelet","Sundial","Mark of Pain","Self Forming Clay","Toolbox","Blood Vial"],"potions_floor_usage":[16,16],"damage_taken":[{"damage":0,"enemies":"Small Slimes","floor":1,"turns":3},{"damage":34,"enemies":"Gremlin Nob","floor":6,"turns":4},{"damage":7,"enemies":"Jaw Worm","floor":7,"turns":3},{"damage":4,"enemies":"2 Louse","floor":8,"turns":3},{"damage":6,"enemies":"Looter","floor":10,"turns":4},{"damage":39,"enemies":"Hexaghost","floor":16,"turns":9},{"damage":7,"enemies":"Shell Parasite","floor":18,"turns":5},{"damage":16,"enemies":"Spheric Guardian","floor":19,"turns":4},{"damage":22,"enemies":"Snake Plant","floor":21,"turns":3},{"damage":4,"enemies":"Sentry and Sphere","floor":24,"turns":4},{"damage":8,"enemies":"Centurion and Healer","floor":27,"turns":3},{"damage":7,"enemies":"Gremlin Leader","floor":28,"turns":3},{"damage":12,"enemies":"Snecko","floor":31,"turns":6},{"damage":0,"enemies":"Collector","floor":33,"turns":5},{"damage":19,"enemies":"3 Darklings","floor":35,"turns":3},{"damage":27,"enemies":"3 Shapes","floor":36,"turns":5},{"damage":38,"enemies":"Jaw Worm Horde","floor":38,"turns":4},{"damage":0,"enemies":"Reptomancer","floor":41,"turns":4},{"damage":31,"enemies":"Spire Growth","floor":44,"turns":5},{"damage":14,"enemies":"Sphere and 2 Shapes","floor":45,"turns":3}],"seed_played":"3353843483819239442","potions_obtained":[{"floor":7,"key":"LiquidBronze"},{"floor":8,"key":"Regen Potion"}],"is_trial":false,"path_per_floor":["M","?","?","$","?","E","M","M","T","M","R","T","R","$","R","B",null,"M","M","?","M","T","R","M","$","T","M","E","?","?","M","R","B",null,"M","M","?","M","?","R","E","$","T","M","M"],"character_chosen":"IRONCLAD","items_purchased":["Pommel Strike","Shrug It Off","FossilizedHelix","Intimidate","Fire Breathing","Toolbox"],"campfire_rested":0,"item_purchase_floors":[4,4,14,25,25,42],"current_hp_per_floor":[80,80,69,69,69,41,40,42,42,42,42,52,52,52,52,37,93,92,82,82,66,66,66,71,71,71,72,71,71,71,65,65,71,99,86,65,56,27,27,27,33,33,33,10,0],"gold":80,"neow_bonus":"ONE_RANDOM_RARE_CARD","is_prod":false,"is_daily":false,"chose_seed":false,"campfire_upgraded":5,"win_rate":0,"timestamp":1564425072,"path_taken":["M","?","?","$","?","E","M","M","T","M","R","?","R","?","R","BOSS","M","?","?","M","?","R","?","$","T","M","E","?","?","M","R","BOSS","M","M","?","M","?","R","E","$","T","M","M"],"build_version":"2019-07-17","purchased_purges":1,"victory":false,"max_hp_per_floor":[80,80,80,80,80,80,80,80,80,80,80,90,90,90,90,93,93,93,93,93,93,93,93,96,96,96,99,99,99,99,99,99,99,99,99,99,99,102,102,102,102,102,102,102,102],"card_choices":[{"not_picked":["Heavy Blade","Clash"],"picked":"Spot Weakness","floor":1},{"not_picked":["Iron Wave","Twin Strike"],"picked":"Body Slam","floor":6},{"not_picked":["Headbutt","Wild Strike"],"picked":"Carnage","floor":7},{"not_picked":["Headbutt","Havoc"],"picked":"Shrug It Off","floor":8},{"not_picked":["Spot Weakness","Evolve"],"picked":"Feed","floor":10},{"not_picked":["Limit Break","Dark Embrace"],"picked":"Fiend Fire","floor":16},{"not_picked":["Thunderclap","Perfected Strike+1"],"picked":"Infernal Blade","floor":18},{"not_picked":["Burning Pact","Headbutt"],"picked":"Anger+1","floor":19},{"not_picked":["Sever Soul","Perfected Strike"],"picked":"Whirlwind","floor":21},{"not_picked":["Body Slam","Dropkick","Reckless Charge+1"],"picked":"Intimidate","floor":24},{"not_picked":["Twin Strike","Armaments","Pummel"],"picked":"Seeing Red+1","floor":27},{"not_picked":["Clothesline+1","Flame Barrier+1","Sentinel"],"picked":"Demon Form","floor":28},{"not_picked":["Shrug It Off","Clash","Pommel Strike"],"picked":"Havoc+1","floor":31},{"not_picked":["Brutality","Juggernaut","Berserk"],"picked":"Limit Break","floor":33},{"not_picked":["Iron Wave+1","True Grit+1","Cleave+1","Perfected Strike"],"picked":"SKIP","floor":35},{"not_picked":["Power Through+1","True Grit+1","Iron Wave"],"picked":"Carnage+1","floor":36},{"not_picked":["Clash+1","Dropkick+1","Flex"],"picked":"Feel No Pain+1","floor":38},{"not_picked":["Heavy Blade","Bloodletting","Exhume"],"picked":"Havoc","floor":41},{"not_picked":["Wild Strike+1","Rupture+1","Clash"],"picked":"Heavy Blade+1","floor":44}],"player_experience":118875,"relics_obtained":[{"floor":6,"key":"Boot"},{"floor":12,"key":"Pear"},{"floor":22,"key":"Question Card"},{"floor":26,"key":"Centennial Puzzle"},{"floor":28,"key":"Juzu Bracelet"},{"floor":41,"key":"Self Forming Clay"},{"floor":43,"key":"Blood Vial"}],"event_choices":[{"damage_healed":0,"gold_gain":0,"cards_transformed":["Strike_R"],"player_choice":"Change","damage_taken":0,"max_hp_gain":0,"max_hp_loss":0,"event_name":"Living Wall","floor":2,"gold_loss":0,"cards_obtained":["Wild Strike"]},{"damage_healed":0,"gold_gain":75,"player_choice":"Gather Gold","damage_taken":11,"max_hp_gain":0,"max_hp_loss":0,"event_name":"World of Goop","floor":3,"gold_loss":0},{"damage_healed":0,"gold_gain":77,"player_choice":"Gained Gold","damage_taken":0,"max_hp_gain":0,"max_hp_loss":0,"event_name":"Golden Wing","floor":5,"gold_loss":0},{"damage_healed":0,"gold_gain":0,"player_choice":"Obtained Relic","damage_taken":0,"relics_obtained":["Pen Nib"],"max_hp_gain":0,"max_hp_loss":0,"event_name":"Addict","floor":20,"gold_loss":85},{"damage_healed":0,"gold_gain":0,"cards_transformed":["Defend_R","Strike_R"],"player_choice":"Became Test Subject","damage_taken":0,"max_hp_gain":0,"max_hp_loss":0,"event_name":"Drug Dealer","floor":29,"gold_loss":0,"cards_obtained":["Havoc","Seeing Red"]},{"damage_healed":0,"gold_gain":0,"player_choice":"Opened","damage_taken":0,"relics_obtained":["Sundial"],"max_hp_gain":0,"max_hp_loss":0,"event_name":"The Mausoleum","floor":30,"gold_loss":0},{"damage_healed":0,"gold_gain":75,"player_choice":"Touch","damage_taken":9,"max_hp_gain":0,"max_hp_loss":0,"event_name":"FaceTrader","floor":37,"gold_loss":0},{"cards_removed":["Feed"],"damage_healed":0,"gold_gain":0,"player_choice":"Removed Attack","damage_taken":0,"max_hp_gain":0,"max_hp_loss":0,"event_name":"Falling","floor":39,"gold_loss":0}],"is_beta":false,"boss_relics":[{"not_picked":["Ectoplasm","Cursed Key"],"picked":"Sozu"},{"not_picked":["Eternal Feather","Lizard Tail"],"picked":"Mark of Pain"}],"items_purged_floors":[42],"is_endless":false,"potions_floor_spawned":[7,8,18,21,24,31,35,36],"killed_by":"Sphere and 2 Shapes","ascension_level":3}