{"gold_per_floor":[111,121,133,133,133,159,159,191,191,211,286,296,50,50,50,174,174,193,216,240,258,114,114,134,134,134,134,149,149,169,183,183,313,313,332,347,48,48,67,67,87,102,127,150,184,184,84,98,98,98],"floor_reached":51,"playtime":1413,"items_purged":["Strike_R","Strike_R"],"score":745,"play_id":"6aae0e5e-f91c-44e5-9a4b-481efbcc6b80","local_time":"20190618133522","is_ascension_mode":false,"campfire_choices":[{"data":"Battle Trance","floor":7.0,"key":"SMITH"},{"data":"Bash","floor":15.0,"key":"SMITH"},{"data":"Evolve","floor":23.0,"key":"SMITH"},{"data":"Cleave","floor":25.0,"key":"SMITH"},{"data":"Inflame","floor":32,"key":"SMITH"},{"floor":40,"key":"RECALL"},{"floor":49,"key":"REST"}],"neow_cost":"NONE","seed_source_timestamp":397508808226200,"circlet_count":0,"master_deck":["Strike_R","Strike_R","Defend_R","Defend_R","Defend_R","Defend_R","Bash+1","Cleave+1","Whirlwind+1","Battle Trance+1","Shrug It Off","Evolve+1","Bash+1","Inflame+1","Twin Strike","Dropkick","Sword Boomerang+1","Sword Boomerang"],"special_seed":0,"relics":["Burning Blood","FossilizedHelix","Pantograph","Bottled Lightning","Paper Frog","Golden Idol","Velvet Choker","Vajra","Blue Candle","Fusion Hammer","Pen Nib","Potion Belt","Oddly Smooth Stone"],"potions_floor_usage":[33,50,50,50],"damage_taken":[{"damage":6.0,"enemies":"2 Louse","floor":1.0,"turns":3.0},{"damage":17.0,"enemies":"Small Slimes","floor":2.0,"turns":3.0},{"damage":10.0,"enemies":"Cultist","floor":3.0,"turns":4.0},{"damage":36.0,"enemies":"Lagavulin","floor":6.0,"turns":6.0},{"damage":14.0,"enemies":"Gremlin Nob","floor":8.0,"turns":4.0},{"damage":6.0,"enemies":"Blue Slaver","floor":10.0,"turns":4.0},{"damage":0.0,"enemies":"2 Fungi Beasts","floor":12.0,"turns":2.0},{"damage":7.0,"enemies":"Slime Boss","floor":16.0,"turns":8.0},{"damage":0.0,"enemies":"3 Byrds","floor":18.0,"turns":3.0},{"damage":5.0,"enemies":"Spheric Guardian","floor":19.0,"turns":4.0},{"damage":21.0,"enemies":"Snake Plant","floor":20.0,"turns":4.0},{"damage":0.0,"enemies":"Snecko","floor":21.0,"turns":5.0},{"damage":4.0,"enemies":"Centurion and Healer","floor":24.0,"turns":4.0},{"damage":14.0,"enemies":"Snake Plant","floor":28.0,"turns":3.0},{"damage":0.0,"enemies":"Snecko","floor":30.0,"turns":3.0},{"damage":5.0,"enemies":"Cultist and Chosen","floor":31.0,"turns":4.0},{"damage":72,"enemies":"Automaton","floor":33,"turns":9},{"damage":5,"enemies":"3 Shapes","floor":35,"turns":4},{"damage":10,"enemies":"3 Darklings","floor":36,"turns":2},{"damage":3,"enemies":"4 Shapes","floor":39,"turns":3},{"damage":0,"enemies":"Sphere and 2 Shapes","floor":41,"turns":3},{"damage":0,"enemies":"3 Darklings","floor":42,"turns":2},{"damage":23,"enemies":"4 Shapes","floor":44,"turns":3},{"damage":30,"enemies":"Giant Head","floor":45,"turns":6},{"damage":44,"enemies":"Writhing Mass","floor":48,"turns":4},{"damage":62,"enemies":"Donu and Deca","floor":50,"turns":8}],"seed_played":"-2723041831884974248","potions_obtained":[{"floor":3.0,"key":"LiquidBronze"},{"floor":12.0,"key":"SkillPotion"},{"floor":16.0,"key":"LiquidBronze"},{"floor":21.0,"key":"FearPotion"},{"floor":24.0,"key":"GamblersBrew"},{"floor":30.0,"key":"Regen Potion"},{"floor":35,"key":"Poison Potion"}],"is_trial":false,"path_per_floor":["M","M","M","?","?","E","R","E","T","M","?","M","$","?","R","B",null,"M","M","M","M","$","R","M","R","T","$","M","?","M","M","R","B",null,"M","M","$","?","M","R","M","M","T","M","E","?","$","M","R","B",null],"character_chosen":"IRONCLAD","items_purchased":["Paper Frog","Vajra","Pen Nib","Dropkick"],"campfire_rested":1,"item_purchase_floors":[13,22,37,37],"current_hp_per_floor":[88,77,73,73,73,43,43,35,35,35,27,33,33,11,11,35,88,88,88,73,79,79,79,81,81,81,81,73,73,79,80,80,22,88,88,84,84,84,87,87,88,88,88,71,47,47,47,9,35,19],"gold":98,"neow_bonus":"TEN_PERCENT_HP_BONUS","is_prod":false,"is_daily":false,"chose_seed":false,"campfire_upgraded":5,"win_rate":0,"timestamp":1560854122,"path_taken":["M","M","M","?","?","E","R","E","T","M","?","?","$","?","R","BOSS","M","M","M","M","$","R","M","R","T","$","M","?","M","M","R","BOSS","M","M","$","?","M","R","M","M","T","?","E","?","$","M","R","BOSS"],"build_version":"2019-01-23","purchased_purges":2,"victory":true,"max_hp_per_floor":[88,88,88,88,88,88,88,88,88,88,88,88,88,88,88,88,88,88,88,88,88,88,88,88,88,88,88,88,88,88,88,88,88,88,88,88,88,88,88,88,88,88,88,88,88,88,88,88,88,88],"card_choices":[{"not_picked":["Clash","Evolve"],"picked":"Cleave","floor":1.0},{"not_picked":["Body Slam","Armaments"],"picked":"Whirlwind","floor":2.0},{"not_picked":["Pommel Strike","Sword Boomerang"],"picked":"Battle Trance","floor":3.0},{"not_picked":["Searing Blow","Clash"],"picked":"Shrug It Off","floor":6.0},{"not_picked":["Rage","Havoc","Perfected Strike"],"picked":"SKIP","floor":8.0},{"not_picked":["Thunderclap","Warcry","Pommel Strike"],"picked":"SKIP","floor":10.0},{"not_picked":["Body Slam","Juggernaut","Anger"],"picked":"SKIP","floor":12.0},{"not_picked":["Armaments","Body Slam","True Grit"],"picked":"SKIP","floor":18.0},{"not_picked":["Rampage","Blood for Blood","Headbutt"],"picked":"SKIP","floor":19.0},{"not_picked":["Corruption+1","True Grit+1"],"picked":"Evolve","floor":20.0},{"not_picked":["Iron Wave","Anger","Bloodletting+1"],"picked":"SKIP","floor":21.0},{"not_picked":["Body Slam","Power Through+1","Anger"],"picked":"SKIP","floor":24.0},{"not_picked":["Second Wind+1","Fire Breathing","Reckless Charge"],"picked":"SKIP","floor":28.0},{"not_picked":["Pommel Strike","Seeing Red","Anger"],"picked":"SKIP","floor":30.0},{"not_picked":["Headbutt","Entrench"],"picked":"Inflame","floor":31},{"not_picked":["True Grit+1","Armaments"],"picked":"Twin Strike","floor":35},{"not_picked":["Uppercut","Anger","Wild Strike+1"],"picked":"SKIP","floor":36},{"not_picked":["Carnage+1","Perfected Strike"],"picked":"Sword Boomerang+1","floor":39},{"not_picked":["Dual Wield+1","Thunderclap","Sever Soul+1"],"picked":"SKIP","floor":41},{"not_picked":["True Grit","Flex","Armaments+1"],"picked":"SKIP","floor":42},{"not_picked":["Perfected Strike+1","Clash+1","Seeing Red+1"],"picked":"SKIP","floor":44},{"not_picked":["Shockwave+1","Wild Strike"],"picked":"Sword Boomerang","floor":45},{"not_picked":["Exhume","Cleave","Metallicize"],"picked":"SKIP","floor":48}],"player_experience":629204,"relics_obtained":[{"floor":6.0,"key":"FossilizedHelix"},{"floor":8.0,"key":"Pantograph"},{"floor":9.0,"key":"Bottled Lightning"},{"floor":26.0,"key":"Blue Candle"},{"floor":43,"key":"Potion Belt"},{"floor":45,"key":"Oddly Smooth Stone"}],"event_choices":[{"damage_healed":0.0,"max_hp_gain":0.0,"max_hp_loss":0.0,"gold_gain":0.0,"event_name":"Golden Wing","player_choice":"Ignored","floor":4.0,"gold_loss":0.0,"damage_taken":0.0},{"damage_healed":0.0,"max_hp_gain":0.0,"max_hp_loss":0.0,"gold_gain":0.0,"event_name":"Living Wall","player_choice":"Grow","floor":5.0,"gold_loss":0.0,"damage_taken":0.0,"cards_upgraded":["Whirlwind"]},{"damage_healed":0.0,"max_hp_gain":0.0,"max_hp_loss":0.0,"gold_gain":75.0,"event_name":"FaceTrader","player_choice":"Touch","floor":11.0,"gold_loss":0.0,"damage_taken":8.0},{"damage_healed":0.0,"max_hp_gain":0.0,"max_hp_loss":0.0,"gold_gain":0.0,"event_name":"Golden Idol","player_choice":"Take Damage","floor":14.0,"gold_loss":0.0,"damage_taken":22.0,"relics_obtained":["Golden Idol"]},{"damage_healed":0.0,"max_hp_gain":0.0,"max_hp_loss":0.0,"gold_gain":0.0,"event_name":"Duplicator","player_choice":"Copied","floor":29.0,"gold_loss":0.0,"damage_taken":0.0,"cards_obtained":["Bash"]},{"cards_removed":["Strike_R"],"damage_healed":0,"gold_gain":0,"player_choice":"Purged","damage_taken":0,"max_hp_gain":0,"max_hp_loss":0,"event_name":"Purifier","floor":38,"gold_loss":0},{"damage_healed":0,"gold_gain":0,"player_choice":"Ignored","damage_taken":0,"max_hp_gain":0,"max_hp_loss":0,"event_name":"Mysterious Sphere","floor":46,"gold_loss":0}],"is_beta":false,"boss_relics":[{"not_picked":["Black Star","Empty Cage"],"picked":"Velvet Choker"},{"not_picked":["Black Blood","Runic Dome"],"picked":"Fusion Hammer"}],"items_purged_floors":[37,47],"is_endless":false,"potions_floor_spawned":[3,12,16,21,24,30,35,39,42],"ascension_level":0}