{"gold_per_floor":[118,118,23,38,38,67,67,86,86,86,118,118,133,48,48,48],"floor_reached":16,"playtime":417,"items_purged":[],"score":108,"play_id":"9b12658e-c1d1-4c4e-9cbd-41173a494d6c","local_time":"20190630123332","is_ascension_mode":false,"campfire_choices":[{"data":"Discovery","floor":7,"key":"SMITH"},{"floor":12,"key":"REST"},{"data":"Trip","floor":15,"key":"SMITH"}],"neow_cost":"CURSE","seed_source_timestamp":50356063694100,"circlet_count":0,"master_deck":["Strike_R","Strike_R","Strike_R","Strike_R","Strike_R","Defend_R","Defend_R","Defend_R","Defend_R","Bash","Panacea","Discovery+1","Parasite","Trip+1","Twin Strike","Sword Boomerang","Shrug It Off","Sword Boomerang+1","Flash of Steel+1"],"relics":["Burning Blood","Blue Candle","Matryoshka","Strawberry","Sundial","Molten Egg 2"],"potions_floor_usage":[6,16],"damage_taken":[{"damage":7,"enemies":"Small Slimes","floor":1,"turns":3},{"damage":1,"enemies":"Cultist","floor":4,"turns":3},{"damage":43,"enemies":"3 Sentries","floor":6,"turns":8},{"damage":4,"enemies":"2 Louse","floor":8,"turns":3},{"damage":43,"enemies":"Gremlin Nob","floor":11,"turns":6},{"damage":6,"enemies":"Exordium Wildlife","floor":13,"turns":4},{"damage":44,"enemies":"The Guardian","floor":16,"turns":9}],"seed_played":"-24616965334098862","potions_obtained":[{"floor":1,"key":"Ancient Potion"},{"floor":2,"key":"FearPotion"},{"floor":2,"key":"LiquidBronze"},{"floor":2,"key":"SmokeBomb"},{"floor":11,"key":"Swift Potion"}],"is_trial":false,"path_per_floor":["M","?","$","M","?","E","R","M","T","T","E","R","M","$","R","B"],"character_chosen":"IRONCLAD","items_purchased":["Trip","Flash of Steel+1"],"campfire_rested":1,"item_purchase_floors":[3,14],"current_hp_per_floor":[79,79,79,80,80,43,43,45,45,52,15,41,41,41,41,0],"gold":48,"neow_bonus":"RANDOM_COLORLESS_2","is_prod":false,"is_daily":false,"chose_seed":false,"campfire_upgraded":2,"win_rate":0,"timestamp":1561887212,"path_taken":["M","?","$","?","?","E","R","M","T","?","E","R","M","$","R","BOSS"],"build_version":"2019-01-23","purchased_purges":0,"victory":false,"max_hp_per_floor":[80,80,80,80,80,80,80,80,80,87,87,87,87,87,87,87],"card_choices":[{"not_picked":["Warcry","Body Slam","Intimidate"],"picked":"SKIP","floor":1},{"not_picked":["Wild Strike","Brutality"],"picked":"Twin Strike","floor":4},{"not_picked":["Clothesline","Havoc"],"picked":"Sword Boomerang","floor":6},{"not_picked":["Iron Wave","Perfected Strike","Clothesline"],"picked":"SKIP","floor":8},{"not_picked":["Double Tap","Clash"],"picked":"Shrug It Off","floor":11},{"not_picked":["Thunderclap+1","Shrug It Off"],"picked":"Sword Boomerang+1","floor":13}],"player_experience":655446,"relics_obtained":[{"floor":6,"key":"Blue Candle"},{"floor":9,"key":"Matryoshka"},{"floor":10,"key":"Strawberry"},{"floor":10,"key":"Sundial"},{"floor":11,"key":"Molten Egg 2"}],"event_choices":[{"damage_healed":0,"gold_gain":0,"player_choice":"Got Potions","damage_taken":0,"max_hp_gain":0,"max_hp_loss":0,"event_name":"Lab","floor":2,"gold_loss":0},{"damage_healed":0,"gold_gain":0,"player_choice":"Leave","damage_taken":0,"max_hp_gain":0,"max_hp_loss":0,"event_name":"The Cleric","floor":5,"gold_loss":0}],"is_beta":false,"boss_relics":[],"items_purged_floors":[],"is_endless":false,"potions_floor_spawned":[1,4,11],"killed_by":"The Guardian","ascension_level":0}