{"gold_per_floor":[116,90,90,105,125,125,153,153,153,180,153,163,178,191,191,289,289,306,321,143,159,170,170,182,182,205,205,205,205,228,239,239,338,338,356,369,369,389,94,94,110,120,173,193,193,204,204,249,249,249],"floor_reached":50,"playtime":1509,"items_purged":["Strike_R"],"score":550,"play_id":"1e4e78dc-6378-4e98-9702-8d208df49582","local_time":"20181010051859","is_ascension_mode":true,"campfire_choices":[{"data":"Body Slam","floor":6.0,"key":"SMITH"},{"data":"Shrug It Off","floor":8.0,"key":"SMITH"},{"data":"Armaments","floor":15.0,"key":"SMITH"},{"data":"Body Slam","floor":23.0,"key":"SMITH"},{"data":"Bash","floor":25.0,"key":"SMITH"},{"floor":29.0,"key":"REST"},{"data":"Iron Wave","floor":32.0,"key":"SMITH"},{"floor":40,"key":"REST"},{"floor":47,"key":"REST"},{"floor":49,"key":"REST"}],"neow_cost":"NONE","seed_source_timestamp":178264523144668,"circlet_count":0,"master_deck":["Strike_R","Strike_R","Strike_R","Strike_R","Defend_R","Defend_R","Defend_R","Defend_R","Bash+1","Shrug It Off+1","Body Slam+1","Iron Wave+1","Armaments+1","Body Slam+1","Impervious","Body Slam+1","Good Instincts+1","Blind","Shrug It Off","Pommel Strike+1","Clothesline"],"special_seed":0,"relics":["Burning Blood","NeowsBlessing","Ginger","Calipers","Bag of Preparation","Busted Crown","Dream Catcher","Lantern","Fusion Hammer","Mercury Hourglass","Juzu Bracelet","Torii"],"potions_floor_usage":[48,50,50],"damage_taken":[{"damage":0.0,"enemies":"Small Slimes","floor":1.0,"turns":1.0},{"damage":0.0,"enemies":"Cultist","floor":4.0,"turns":1.0},{"damage":0.0,"enemies":"Jaw Worm","floor":5.0,"turns":1.0},{"damage":32.0,"enemies":"Gremlin Nob","floor":7.0,"turns":4.0},{"damage":20.0,"enemies":"3 Sentries","floor":10.0,"turns":7.0},{"damage":1.0,"enemies":"Looter","floor":12.0,"turns":3.0},{"damage":1.0,"enemies":"2 Fungi Beasts","floor":13.0,"turns":2.0},{"damage":0.0,"enemies":"Red Slaver","floor":14.0,"turns":3.0},{"damage":2.0,"enemies":"Slime Boss","floor":16.0,"turns":8.0},{"damage":10.0,"enemies":"Shell Parasite","floor":18.0,"turns":5.0},{"damage":1.0,"enemies":"3 Byrds","floor":19.0,"turns":4.0},{"damage":18.0,"enemies":"Snake Plant","floor":21.0,"turns":4.0},{"damage":19.0,"enemies":"Chosen and Byrds","floor":22.0,"turns":6.0},{"damage":0.0,"enemies":"Cultist and Chosen","floor":24.0,"turns":4.0},{"damage":10.0,"enemies":"Colosseum Slavers","floor":28.0,"turns":2.0},{"damage":10.0,"enemies":"Snecko","floor":31.0,"turns":4.0},{"damage":80.0,"enemies":"Collector","floor":33.0,"turns":8.0},{"damage":0.0,"enemies":"Orb Walker","floor":35.0,"turns":2.0},{"damage":7.0,"enemies":"3 Shapes","floor":36.0,"turns":4.0},{"damage":0.0,"enemies":"Spire Growth","floor":38.0,"turns":5.0},{"damage":1,"enemies":"4 Shapes","floor":41,"turns":4},{"damage":10,"enemies":"Reptomancer","floor":42,"turns":7},{"damage":0,"enemies":"Transient","floor":44,"turns":5},{"damage":0,"enemies":"Spire Growth","floor":46,"turns":4},{"damage":0,"enemies":"Mysterious Sphere","floor":48,"turns":4},{"damage":90,"enemies":"Time Eater","floor":50,"turns":12}],"seed_played":"6342339107466511938","potions_obtained":[{"floor":5.0,"key":"Energy Potion"},{"floor":12.0,"key":"Poison Potion"},{"floor":13.0,"key":"AttackPotion"},{"floor":18.0,"key":"AttackPotion"},{"floor":22.0,"key":"PowerPotion"},{"floor":31.0,"key":"Fruit Juice"},{"floor":33.0,"key":"Weak Potion"},{"floor":38.0,"key":"BloodPotion"},{"floor":42,"key":"PowerPotion"},{"floor":48,"key":"Fruit Juice"}],"is_trial":false,"path_per_floor":["M","$","?","M","M","R","E","R","T","E","?","M","M","M","R","B",null,"M","M","$","M","M","R","M","R","T","?","?","R","T","M","R","B",null,"M","M","?","M","$","R","M","M","T","M","?","M","R","?","R"],"character_chosen":"IRONCLAD","items_purchased":["Shrug It Off","Good Instincts","Mercury Hourglass","Shrug It Off"],"campfire_rested":4,"item_purchase_floors":[2,20,39,39],"current_hp_per_floor":[80,80,80,80,80,80,54,54,54,40,40,45,50,56,56,60,80,76,80,80,68,55,55,61,61,61,61,57,80,80,81,81,7,85,85,84,84,85,85,85,85,81,81,85,85,85,85,90,90,0],"gold":249,"neow_bonus":"THREE_ENEMY_KILL","is_prod":false,"is_daily":false,"chose_seed":false,"campfire_upgraded":6,"win_rate":0,"timestamp":1539137939,"path_taken":["M","$","?","?","M","R","E","R","T","E","?","M","M","M","R","BOSS","M","M","$","M","M","R","M","R","T","?","?","R","?","M","R","BOSS","M","M","?","M","$","R","?","M","T","M","?","M","R","?","R","BOSS"],"build_version":"2018-10-04v2","purchased_purges":1,"victory":false,"max_hp_per_floor":[80,80,80,80,80,80,80,80,80,80,80,80,80,80,80,80,80,80,80,80,80,80,80,80,80,80,80,80,80,80,85,85,85,85,85,85,85,85,85,85,85,85,85,85,85,85,85,90,90,90],"card_choices":[{"not_picked":["Clash","Twin Strike"],"picked":"Cleave","floor":1.0},{"not_picked":["Anger","True Grit","Searing Blow"],"picked":"SKIP","floor":4.0},{"not_picked":["Havoc","Thunderclap"],"picked":"Body Slam","floor":5.0},{"not_picked":["Intimidate","Twin Strike","Seeing Red"],"picked":"SKIP","floor":7.0},{"not_picked":["Iron Wave","Perfected Strike","Immolate"],"picked":"SKIP","floor":10.0},{"not_picked":["Perfected Strike","Immolate"],"picked":"Iron Wave","floor":10.0},{"not_picked":["Clash","Wild Strike"],"picked":"Armaments","floor":12.0},{"not_picked":["Twin Strike","Armaments","Wild Strike"],"picked":"SKIP","floor":13.0},{"not_picked":["Searing Blow","Exhume"],"picked":"Body Slam","floor":14.0},{"not_picked":["Brutality","Feed"],"picked":"Impervious","floor":16.0},{"not_picked":["Twin Strike"],"picked":"SKIP","floor":18.0},{"not_picked":[],"picked":"Body Slam+1","floor":19.0},{"not_picked":["Infernal Blade"],"picked":"SKIP","floor":21.0},{"not_picked":["Havoc"],"picked":"SKIP","floor":22.0},{"not_picked":["Cleave"],"picked":"SKIP","floor":24.0},{"not_picked":["Clothesline"],"picked":"SKIP","floor":31.0},{"not_picked":["Cleave"],"picked":"SKIP","floor":35.0},{"not_picked":["True Grit+1"],"picked":"SKIP","floor":36.0},{"not_picked":[],"picked":"Blind","floor":37.0},{"not_picked":["Wild Strike"],"picked":"SKIP","floor":38.0},{"not_picked":["Wild Strike"],"picked":"SKIP","floor":41},{"not_picked":["Reckless Charge"],"picked":"SKIP","floor":42},{"not_picked":["Corruption+1"],"picked":"SKIP","floor":44},{"not_picked":[],"picked":"Pommel Strike+1","floor":46},{"not_picked":[],"picked":"Clothesline","floor":47}],"player_experience":383558,"relics_obtained":[{"floor":7.0,"key":"Ginger"},{"floor":9.0,"key":"Calipers"},{"floor":10.0,"key":"Bag of Preparation"},{"floor":26.0,"key":"Dream Catcher"},{"floor":30.0,"key":"Lantern"},{"floor":43,"key":"Juzu Bracelet"},{"floor":48,"key":"Torii"}],"event_choices":[{"event_name":"Living Wall","player_choice":"Grow","floor":3.0,"damage_taken":0.0},{"event_name":"World of Goop","player_choice":"Left","floor":11.0,"damage_taken":0.0},{"event_name":"Upgrade Shrine","player_choice":"Upgraded","floor":27.0,"damage_taken":0.0},{"event_name":"Colosseum","player_choice":"Fight","floor":28.0,"damage_taken":0.0},{"event_name":"Colosseum","player_choice":"Fled From Nobs","floor":28.0,"damage_taken":0.0},{"event_name":"SensoryStone","player_choice":"Memory 1","floor":37.0,"damage_taken":0.0},{"event_name":"Falling","player_choice":"Removed Attack","floor":45,"damage_taken":0},{"event_name":"Mysterious Sphere","player_choice":"Fight","floor":48,"damage_taken":0}],"is_beta":false,"boss_relics":[{"not_picked":["Sozu","Lizard Tail"],"picked":"Busted Crown"},{"not_picked":["Black Blood","Tiny House"],"picked":"Fusion Hammer"}],"items_purged_floors":[20],"is_endless":false,"potions_floor_spawned":[5,12,13,18,22,31,33,38,42,48],"killed_by":"Time Eater","ascension_level":4}