{"gold_per_floor":[117,25,37,37,52,72,89,124,124,136,150,150,169,19,19,123,123,135,60,60,60,60,60,71,71,71,88,88,100,0,32,32,127,127,141,153,153,167,186,218,228,261,261,117,128,31,31,31,31,31,31,31,31,65,65],"floor_reached":55,"playtime":1366,"items_purged":["Strike_R","Pain"],"score":726,"play_id":"0596685d-92d1-4e39-afc7-9fcb2cf76e21","local_time":"20190727003134","is_ascension_mode":false,"campfire_choices":[{"data":"Heavy Blade","floor":15.0,"key":"SMITH"},{"floor":23.0,"key":"RECALL"},{"floor":32.0,"key":"REST"},{"floor":47.0,"key":"REST"},{"floor":49.0,"key":"REST"},{"floor":52,"key":"REST"}],"neow_cost":"NONE","seed_source_timestamp":6860697200500,"circlet_count":0,"master_deck":["Strike_R+1","Strike_R+1","Strike_R+1","Defend_R+1","Defend_R+1","Defend_R+1","Defend_R+1","Bash+1","Inflame+1","Shrug It Off+1","Whirlwind+1","Inflame+1","Heavy Blade+1","Sword Boomerang+1","Reaper+1","Battle Trance+1","Limit Break+1","Heavy Blade+1","Inflame+1","Blind+1"],"special_seed":0,"relics":["Burning Blood","Question Card","Bottled Tornado","Matryoshka","Whetstone","Fusion Hammer","WarpedTongs","Paper Frog","Meat on the Bone","Anchor","Smiling Mask","Cursed Key","Darkstone Periapt","Singing Bowl","Pen Nib","Mark of the Bloom","Letter Opener"],"potions_floor_usage":[50,55],"damage_taken":[{"damage":6.0,"enemies":"Cultist","floor":1.0,"turns":3.0},{"damage":6.0,"enemies":"Jaw Worm","floor":3.0,"turns":5.0},{"damage":2.0,"enemies":"Small Slimes","floor":5.0,"turns":4.0},{"damage":7.0,"enemies":"Looter","floor":6.0,"turns":3.0},{"damage":12.0,"enemies":"Exordium Thugs","floor":7.0,"turns":5.0},{"damage":34.0,"enemies":"Gremlin Nob","floor":8.0,"turns":5.0},{"damage":7.0,"enemies":"Gremlin Gang","floor":10.0,"turns":2.0},{"damage":0.0,"enemies":"2 Fungi Beasts","floor":11.0,"turns":4.0},{"damage":4.0,"enemies":"Looter","floor":13.0,"turns":5.0},{"damage":44.0,"enemies":"The Guardian","floor":16.0,"turns":8.0},{"damage":28.0,"enemies":"Shell Parasite","floor":18.0,"turns":4.0},{"damage":33.0,"enemies":"2 Thieves","floor":24.0,"turns":3.0},{"damage":32.0,"enemies":"Snake Plant","floor":27.0,"turns":3.0},{"damage":18.0,"enemies":"Snecko","floor":29.0,"turns":5.0},{"damage":27.0,"enemies":"Gremlin Leader","floor":31.0,"turns":5.0},{"damage":84.0,"enemies":"Automaton","floor":33.0,"turns":10.0},{"damage":0.0,"enemies":"3 Darklings","floor":35.0,"turns":3.0},{"damage":0.0,"enemies":"3 Shapes","floor":36.0,"turns":3.0},{"damage":15.0,"enemies":"Transient","floor":38.0,"turns":5.0},{"damage":13.0,"enemies":"Jaw Worm Horde","floor":39.0,"turns":3.0},{"damage":60.0,"enemies":"Reptomancer","floor":40.0,"turns":6.0},{"damage":0.0,"enemies":"Sphere and 2 Shapes","floor":41.0,"turns":3.0},{"damage":52.0,"enemies":"Giant Head","floor":42.0,"turns":7.0},{"damage":0.0,"enemies":"Transient","floor":45.0,"turns":5.0},{"damage":28,"enemies":"Donu and Deca","floor":50,"turns":5},{"damage":37,"enemies":"Shield and Spear","floor":54,"turns":3},{"damage":56,"enemies":"The Heart","floor":55,"turns":2}],"seed_played":"944817476794837160","potions_obtained":[{"floor":1.0,"key":"GamblersBrew"},{"floor":7.0,"key":"SpeedPotion"},{"floor":10.0,"key":"SteroidPotion"},{"floor":11.0,"key":"SkillPotion"},{"floor":18.0,"key":"FairyPotion"},{"floor":31.0,"key":"Swift Potion"},{"floor":38.0,"key":"Block Potion"},{"floor":40.0,"key":"FearPotion"}],"is_trial":false,"path_per_floor":["M","$","M","?","M","M","M","E","T","M","M","T","M","$","R","B",null,"M","$","?","$","?","R","M","?","T","M","T","M","$","E","R","B",null,"M","M","?","M","M","E","M","E","T","$","M","$","R","?","R","B",null,"R","$","E","B"],"character_chosen":"IRONCLAD","items_purchased":["Inflame","Shrug It Off","Whetstone","Pen Nib","Blind"],"campfire_rested":4,"item_purchase_floors":[2,2,14,44,46],"current_hp_per_floor":[80,80,80,80,80,79,73,45,45,44,50,50,52,52,52,14,80,70,70,70,70,70,70,58,58,58,57,57,52,52,58,80,22,80,80,80,80,71,68,50,68,34,34,34,54,54,78,78,78,50,50,50,50,13,0],"gold":65,"neow_bonus":"THREE_CARDS","is_prod":false,"is_daily":false,"chose_seed":false,"campfire_upgraded":1,"win_rate":0,"timestamp":1564176694,"path_taken":["M","$","?","?","M","M","M","E","T","M","?","?","M","$","R","BOSS","M","$","?","?","?","R","M","?","T","M","?","M","$","E","R","BOSS","M","M","?","M","M","E","M","E","T","$","?","$","R","?","R","BOSS","R","$","E","BOSS"],"build_version":"2019-07-17","purchased_purges":2,"victory":false,"max_hp_per_floor":[80,80,80,80,80,80,80,80,80,80,80,80,80,80,80,80,80,80,80,80,80,80,80,80,80,80,80,80,80,80,80,80,80,80,80,80,80,80,80,80,80,80,80,80,82,82,82,82,82,82,82,82,82,84,84],"card_choices":[{"not_picked":["Second Wind","Dropkick","Heavy Blade"],"picked":"SKIP","floor":1.0},{"not_picked":["Combust","True Grit"],"picked":"Whirlwind","floor":3.0},{"not_picked":["True Grit","Havoc","Headbutt"],"picked":"SKIP","floor":5.0},{"not_picked":["Metallicize","Wild Strike"],"picked":"Inflame","floor":6.0},{"not_picked":["Iron Wave","Combust","Feel No Pain"],"picked":"SKIP","floor":7.0},{"not_picked":["Flame Barrier","Dual Wield","Searing Blow"],"picked":"SKIP","floor":8.0},{"not_picked":["Offering","Pummel","Havoc","Blood for Blood"],"picked":"SKIP","floor":10.0},{"not_picked":["Rampage","Body Slam","Seeing Red"],"picked":"Heavy Blade","floor":11.0},{"not_picked":["Infernal Blade","Havoc","Clash"],"picked":"Sword Boomerang","floor":13.0},{"not_picked":["Berserk","Double Tap","Brutality"],"picked":"Reaper","floor":16.0},{"not_picked":["Armaments","Body Slam+1","Evolve","Headbutt"],"picked":"SKIP","floor":18.0},{"not_picked":["Perfected Strike","Disarm","Wild Strike","Dual Wield"],"picked":"SKIP","floor":24.0},{"not_picked":["Rage+1","Rampage","Clothesline"],"picked":"Battle Trance","floor":27.0},{"not_picked":["Shrug It Off","Hemokinesis","Twin Strike","Uppercut"],"picked":"SKIP","floor":29.0},{"not_picked":["Sentinel","Clash","Warcry","Clothesline"],"picked":"SKIP","floor":31.0},{"not_picked":["Exhume","Reaper","Feed"],"picked":"Limit Break","floor":33.0},{"not_picked":["Anger","Heavy Blade","Clash+1","Iron Wave+1"],"picked":"SKIP","floor":35.0},{"not_picked":["Whirlwind","Armaments","Fiend Fire","Pummel+1"],"picked":"SKIP","floor":36.0},{"not_picked":["Bloodletting+1","Shrug It Off+1","Armaments","Reckless Charge"],"picked":"SKIP","floor":38.0},{"not_picked":["Power Through","Rampage+1","Battle Trance+1","Twin Strike+1"],"picked":"SKIP","floor":39.0},{"not_picked":["Shockwave+1","Sword Boomerang","Metallicize+1"],"picked":"Heavy Blade","floor":40.0},{"not_picked":["Flex","Twin Strike+1","True Grit+1","Headbutt"],"picked":"SKIP","floor":41.0},{"not_picked":["Headbutt+1","Evolve+1","Exhume"],"picked":"Inflame+1","floor":42.0},{"not_picked":["Rampage","Ghostly Armor","Clash+1","Perfected Strike+1"],"picked":"Singing Bowl","floor":45.0},{"not_picked":["Searing Blow+1","Pommel Strike+1","Heavy Blade","Entrench"],"picked":"Singing Bowl","floor":54}],"player_experience":775684,"relics_obtained":[{"floor":8.0,"key":"Question Card"},{"floor":9.0,"key":"Bottled Tornado"},{"floor":12.0,"key":"Matryoshka"},{"floor":26.0,"key":"Paper Frog"},{"floor":26.0,"key":"Meat on the Bone"},{"floor":28.0,"key":"Anchor"},{"floor":31.0,"key":"Smiling Mask"},{"floor":40.0,"key":"Darkstone Periapt"},{"floor":42.0,"key":"Singing Bowl"},{"floor":54,"key":"Letter Opener"}],"event_choices":[{"cards_removed":["Strike_R"],"damage_healed":0.0,"max_hp_gain":0.0,"max_hp_loss":0.0,"gold_gain":0.0,"event_name":"Bonfire Elementals","player_choice":"Offered Basic","floor":4.0,"gold_loss":0.0,"damage_taken":0.0},{"damage_healed":0.0,"max_hp_gain":0.0,"max_hp_loss":0.0,"gold_gain":0.0,"event_name":"Accursed Blacksmith","player_choice":"Rummage","floor":20.0,"gold_loss":0.0,"damage_taken":0.0,"relics_obtained":["WarpedTongs"],"cards_obtained":["Pain"]},{"damage_healed":0.0,"max_hp_gain":0.0,"max_hp_loss":0.0,"gold_gain":0.0,"event_name":"Cursed Tome","player_choice":"Ignored","floor":22.0,"gold_loss":0.0,"damage_taken":0.0},{"damage_healed":0.0,"max_hp_gain":0.0,"max_hp_loss":0.0,"gold_gain":0.0,"event_name":"The Mausoleum","player_choice":"Ignored","floor":25.0,"gold_loss":0.0,"damage_taken":0.0},{"damage_healed":0.0,"max_hp_gain":0.0,"max_hp_loss":0.0,"gold_gain":0.0,"event_name":"Transmorgrifier","player_choice":"Ignored","floor":37.0,"gold_loss":0.0,"damage_taken":0.0},{"damage_healed":0.0,"max_hp_gain":0.0,"max_hp_loss":0.0,"gold_gain":0.0,"event_name":"MindBloom","player_choice":"Upgrade","floor":48.0,"gold_loss":0.0,"damage_taken":0.0,"cards_upgraded":["Strike_R","Strike_R","Defend_R","Defend_R","Defend_R","Defend_R","Bash","Inflame","Shrug It Off","Inflame","Sword Boomerang","Reaper","Battle Trance","Limit Break","Heavy Blade","Blind"],"relics_obtained":["Mark of the Bloom"]}],"is_beta":false,"boss_relics":[{"not_picked":["Calling Bell","Runic Pyramid"],"picked":"Fusion Hammer"},{"not_picked":["Pandora\u0027s Box","Runic Dome"],"picked":"Cursed Key"}],"items_purged_floors":[19,30],"is_endless":false,"potions_floor_spawned":[1,7,10,11,18,24,31,36,38,40],"killed_by":"The Heart","ascension_level":0}