{"gold_per_floor":[110,124,86,97,116,116,130,40,63,63,126,143,153,153,153,258,258,271,271,222,222,123,123,134,134,134,146,146,160,160,176,176,272,272,286,214,239,256,273,273,273,273,273,288,308,107,107,125,125,125],"floor_reached":51,"playtime":1708,"items_purged":[],"score":726,"play_id":"b82b36c7-4955-4e3f-8e3f-0c86b3a155ab","local_time":"20180801044417","is_ascension_mode":false,"campfire_choices":[{"data":"Battle Trance","floor":6.0,"key":"SMITH"},{"data":"Metallicize","floor":10.0,"key":"SMITH"},{"data":"Evolve","floor":15.0,"key":"SMITH"},{"data":"Barricade","floor":23.0,"key":"SMITH"},{"data":"Armaments","floor":25,"key":"SMITH"},{"data":"Metallicize","floor":28,"key":"SMITH"},{"data":"Body Slam","floor":32,"key":"SMITH"},{"data":"Body Slam","floor":40,"key":"SMITH"},{"data":"Finesse","floor":42,"key":"SMITH"},{"data":"Enlightenment","floor":49,"key":"SMITH"}],"neow_cost":"NONE","seed_source_timestamp":27927256919040,"circlet_count":0,"master_deck":["Strike_R","Strike_R","Strike_R","Strike_R","Strike_R","Defend_R+1","Defend_R","Defend_R","Defend_R","Bash","Battle Trance+1","Metallicize+1","Iron Wave","Evolve+1","Flame Barrier+1","Barricade+1","Metallicize+1","Armaments+1","Finesse+1","Body Slam+1","Body Slam+1","Armaments+1","Impervious","Ghostly Armor","Body Slam+1","Enlightenment+1"],"special_seed":0,"relics":["Burning Blood","Potion Belt","Bag of Preparation","Tiny Chest","Coffee Dripper","Bronze Scales","Mercury Hourglass","Meat on the Bone","Mark of Pain","War Paint","Shuriken","DollysMirror"],"potions_floor_usage":[50,50,50],"damage_taken":[{"damage":8.0,"enemies":"Jaw Worm","floor":1.0,"turns":4.0},{"damage":2.0,"enemies":"2 Louse","floor":2.0,"turns":4.0},{"damage":6.0,"enemies":"Cultist","floor":4.0,"turns":3.0},{"damage":15.0,"enemies":"3 Louse","floor":5.0,"turns":5.0},{"damage":14.0,"enemies":"Exordium Thugs","floor":7.0,"turns":6.0},{"damage":29.0,"enemies":"Gremlin Nob","floor":11.0,"turns":6.0},{"damage":6.0,"enemies":"Gremlin Gang","floor":12.0,"turns":5.0},{"damage":0.0,"enemies":"Blue Slaver","floor":13.0,"turns":5.0},{"damage":40.0,"enemies":"Slime Boss","floor":16.0,"turns":22.0},{"damage":16.0,"enemies":"Shell Parasite","floor":18.0,"turns":9.0},{"damage":8,"enemies":"2 Thieves","floor":24,"turns":4},{"damage":0,"enemies":"Chosen and Byrds","floor":27,"turns":4},{"damage":0,"enemies":"3 Cultists","floor":29,"turns":5},{"damage":12,"enemies":"Snake Plant","floor":31,"turns":4},{"damage":1,"enemies":"Champ","floor":33,"turns":10},{"damage":0,"enemies":"3 Darklings","floor":35,"turns":5},{"damage":0,"enemies":"3 Shapes","floor":38,"turns":5},{"damage":18,"enemies":"Flame Bruiser 2 Orb","floor":39,"turns":7},{"damage":0,"enemies":"Maw","floor":44,"turns":6},{"damage":0,"enemies":"4 Shapes","floor":45,"turns":7},{"damage":3,"enemies":"Transient","floor":48,"turns":5},{"damage":0,"enemies":"Donu and Deca","floor":50,"turns":7}],"seed_played":"7161077747841782429","potions_obtained":[{"floor":2.0,"key":"Weak Potion"},{"floor":7.0,"key":"EssenceOfSteel"},{"floor":11.0,"key":"Block Potion"},{"floor":12.0,"key":"SpeedPotion"},{"floor":18.0,"key":"Energy Potion"},{"floor":27,"key":"Block Potion"},{"floor":29,"key":"SpeedPotion"},{"floor":35,"key":"Dexterity Potion"}],"is_trial":false,"path_per_floor":["M","M","$","M","M","R","M","$","T","R","E","M","M","?","R","B",null,"M","?","$","T","$","R","M","R","T","M","R","M","?","M","R","B",null,"M","$","T","M","M","R","?","R","T","M","M","$","?","M","R","B"],"character_chosen":"IRONCLAD","items_purchased":["Battle Trance","Metallicize","Iron Wave","Armaments","Finesse","Ghostly Armor","DollysMirror"],"campfire_rested":0,"item_purchase_floors":[3,8,8,20,22,36,46],"current_hp_per_floor":[78,80,80,80,71,71,63,63,63,63,40,40,46,46,46,12,80,70,70,70,70,70,70,68,68,68,74,74,80,80,74,74,79,80,80,80,80,80,68,68,68,68,68,74,80,80,80,80,80,80],"gold":125,"neow_bonus":"RANDOM_COMMON_RELIC","is_prod":false,"is_daily":false,"chose_seed":false,"campfire_upgraded":10,"win_rate":0,"timestamp":1533087857,"path_taken":["M","M","$","M","M","R","M","$","T","R","E","M","M","?","R","BOSS","M","?","$","?","$","R","?","R","T","M","R","M","?","M","R","BOSS","M","$","?","M","M","R","?","R","T","M","M","$","?","M","R","BOSS"],"build_version":"2018-07-26","purchased_purges":0,"victory":true,"max_hp_per_floor":[80,80,80,80,80,80,80,80,80,80,80,80,80,80,80,80,80,80,80,80,80,80,80,80,80,80,80,80,80,80,80,80,80,80,80,80,80,80,80,80,80,80,80,80,80,80,80,80,80,80],"card_choices":[{"not_picked":["Twin Strike","Dropkick","Perfected Strike"],"picked":"SKIP","floor":1.0},{"not_picked":["Anger","Sword Boomerang","Thunderclap"],"picked":"SKIP","floor":2.0},{"not_picked":["Blood for Blood","Sentinel","Wild Strike"],"picked":"SKIP","floor":4.0},{"not_picked":["Sword Boomerang","Reckless Charge","Rupture"],"picked":"SKIP","floor":5.0},{"not_picked":["Thunderclap","Headbutt","Combust"],"picked":"SKIP","floor":7.0},{"not_picked":["Havoc","Second Wind","Blood for Blood"],"picked":"SKIP","floor":11.0},{"not_picked":["Flex","Ghostly Armor"],"picked":"Evolve","floor":12.0},{"not_picked":["Searing Blow","Sentinel"],"picked":"Flame Barrier","floor":13.0},{"not_picked":["Reaper","Brutality"],"picked":"Barricade","floor":16.0},{"not_picked":["Clash","Uppercut"],"picked":"Metallicize","floor":18.0},{"not_picked":["Perfected Strike+1","Hemokinesis"],"picked":"Body Slam","floor":24},{"not_picked":["Pummel","Clothesline+1"],"picked":"Body Slam","floor":27},{"not_picked":["Perfected Strike","Anger","Warcry"],"picked":"SKIP","floor":29},{"not_picked":["Fire Breathing","Brutality"],"picked":"Armaments+1","floor":31},{"not_picked":["Reaper","Exhume"],"picked":"Impervious","floor":33},{"not_picked":["Intimidate+1","Searing Blow","Perfected Strike"],"picked":"SKIP","floor":35},{"not_picked":["Searing Blow+1","Iron Wave","Havoc+1"],"picked":"SKIP","floor":38},{"not_picked":["Iron Wave","Rupture","Pummel+1"],"picked":"SKIP","floor":39},{"not_picked":["Iron Wave+1","Flex+1","Dual Wield+1"],"picked":"SKIP","floor":44},{"not_picked":["Anger+1","Sword Boomerang+1","Evolve+1"],"picked":"SKIP","floor":45},{"not_picked":["Jack Of All Trades","Dramatic Entrance"],"picked":"Enlightenment","floor":47},{"not_picked":["True Grit+1","Perfected Strike+1","Pommel Strike+1"],"picked":"SKIP","floor":48}],"player_experience":287943,"relics_obtained":[{"floor":9.0,"key":"Bag of Preparation"},{"floor":11.0,"key":"Tiny Chest"},{"floor":21.0,"key":"Mercury Hourglass"},{"floor":26,"key":"Meat on the Bone"},{"floor":37,"key":"War Paint"},{"floor":43,"key":"Shuriken"}],"event_choices":[{"event_name":"The Cleric","player_choice":"Leave","floor":14.0,"damage_taken":0.0},{"event_name":"WeMeetAgain","player_choice":"Potion","floor":19.0,"damage_taken":0.0},{"event_name":"Addict","player_choice":"Ignored","floor":30,"damage_taken":0},{"event_name":"Tomb of Lord Red Mask","player_choice":"Ignored","floor":41,"damage_taken":0},{"event_name":"SensoryStone","player_choice":"Memory 1","floor":47,"damage_taken":0}],"is_beta":false,"boss_relics":[{"not_picked":["Sozu","White Beast Statue"],"picked":"Coffee Dripper"},{"not_picked":["Philosopher\u0027s Stone","Lizard Tail"],"picked":"Mark of Pain"}],"items_purged_floors":[],"is_endless":false,"potions_floor_spawned":[2,7,11,12,18,27,29,35,38,48],"ascension_level":0}