{"gold_per_floor":[110,60,74,90,165,265,279,87,87,100,119,119,134,148,148,250,250,266,278,27,62,22,48,64,64,90,90,103,122,132,159,159,264,264,274,199,210,24,34,54,54,71,71,71,82,101,111,211,211,211],"floor_reached":51,"playtime":1691,"items_purged":["Strike_B","Strike_B"],"score":789,"play_id":"24f165ef-b404-4fd1-865c-300c6c758f9b","local_time":"20190707211812","is_ascension_mode":false,"campfire_choices":[{"data":"Hologram","floor":12.0,"key":"SMITH"},{"data":"Hologram","floor":15.0,"key":"SMITH"},{"data":"Trip","floor":25.0,"key":"SMITH"},{"data":"Self Repair","floor":27.0,"key":"SMITH"},{"data":"Machine Learning","floor":32.0,"key":"SMITH"},{"data":"Finesse","floor":41.0,"key":"SMITH"},{"data":"Beam Cell","floor":44.0,"key":"SMITH"},{"data":"Reinforced Body","floor":49.0,"key":"SMITH"}],"neow_cost":"NONE","seed_source_timestamp":75574990949500,"circlet_count":0,"master_deck":["Strike_B","Strike_B","Defend_B","Defend_B","Defend_B","Defend_B","Zap+1","Dualcast","Hologram+1","Gash","Beam Cell+1","Gash","Trip+1","Hologram+1","Gash+1","Self Repair+1","Genetic Algorithm","Conserve Battery","All For One+1","Conserve Battery","Steam","Auto Shields","Self Repair","Gash+1","Go for the Eyes+1","Reinforced Body+1","Machine Learning+1","All For One+1","Gash+1","Finesse+1","FTL+1","Gash+1","Go for the Eyes+1","Conserve Battery+1"],"special_seed":0,"relics":["Cracked Core","Molten Egg 2","Sozu","Shuriken","Red Mask","Cables","Boot","Potion Belt","Cursed Key","Turnip"],"potions_floor_usage":[],"damage_taken":[{"damage":2.0,"enemies":"2 Louse","floor":1.0,"turns":2.0},{"damage":0.0,"enemies":"Small Slimes","floor":3.0,"turns":3.0},{"damage":0.0,"enemies":"Cultist","floor":4.0,"turns":3.0},{"damage":13.0,"enemies":"Large Slime","floor":7.0,"turns":4.0},{"damage":0.0,"enemies":"Blue Slaver","floor":10.0,"turns":2.0},{"damage":6.0,"enemies":"Exordium Thugs","floor":11.0,"turns":4.0},{"damage":3.0,"enemies":"Red Slaver","floor":13.0,"turns":2.0},{"damage":12.0,"enemies":"3 Louse","floor":14.0,"turns":4.0},{"damage":28.0,"enemies":"Slime Boss","floor":16.0,"turns":9.0},{"damage":11.0,"enemies":"Spheric Guardian","floor":18.0,"turns":4.0},{"damage":18.0,"enemies":"Shell Parasite","floor":19.0,"turns":4.0},{"damage":12.0,"enemies":"Masked Bandits","floor":21.0,"turns":3.0},{"damage":0.0,"enemies":"Gremlin Leader","floor":23.0,"turns":4.0},{"damage":2.0,"enemies":"Centurion and Healer","floor":24.0,"turns":5.0},{"damage":0.0,"enemies":"Cultist and Chosen","floor":28.0,"turns":5.0},{"damage":2.0,"enemies":"Shelled Parasite and Fungi","floor":29.0,"turns":3.0},{"damage":0.0,"enemies":"Snecko","floor":30.0,"turns":4.0},{"damage":13.0,"enemies":"Slavers","floor":31.0,"turns":3.0},{"damage":0.0,"enemies":"Automaton","floor":33.0,"turns":7.0},{"damage":4.0,"enemies":"3 Darklings","floor":35.0,"turns":4.0},{"damage":8.0,"enemies":"Orb Walker","floor":37.0,"turns":3.0},{"damage":14.0,"enemies":"Spire Growth","floor":39.0,"turns":4.0},{"damage":9.0,"enemies":"Maw","floor":40.0,"turns":5.0},{"damage":0.0,"enemies":"Jaw Worm Horde","floor":42.0,"turns":3.0},{"damage":4.0,"enemies":"Spire Growth","floor":45.0,"turns":4.0},{"damage":21.0,"enemies":"3 Darklings","floor":46.0,"turns":4.0},{"damage":17.0,"enemies":"4 Shapes","floor":47.0,"turns":3.0},{"damage":0.0,"enemies":"Mind Bloom Boss Battle","floor":48.0,"turns":5.0},{"damage":15,"enemies":"Awakened One","floor":50,"turns":8}],"seed_played":"-7620127424892655218","potions_obtained":[{"floor":1.0,"key":"AttackPotion"},{"floor":3.0,"key":"SpeedPotion"},{"floor":7.0,"key":"Explosive Potion"},{"floor":13.0,"key":"Ancient Potion"}],"is_trial":false,"path_per_floor":["M","$","M","M","?","?","M","$","T","M","M","R","M","M","R","B",null,"M","M","$","?","$","E","M","R","T","R","M","M","M","E","R","B",null,"M","$","M","$","M","M","R","M","T","R","M","M","M","?","R","B",null],"character_chosen":"DEFECT","items_purchased":["Gash","Gash","Trip","Hologram","Shuriken","Self Repair","Finesse"],"campfire_rested":0,"item_purchase_floors":[2,8,8,8,20,22,38],"current_hp_per_floor":[73,73,73,73,62,62,49,49,49,49,43,43,47,42,42,21,75,71,60,60,55,55,62,74,74,74,74,75,75,75,62,62,75,75,71,71,75,75,75,75,75,75,75,75,75,71,54,71,71,63],"gold":211,"neow_bonus":"UPGRADE_CARD","is_prod":false,"is_daily":false,"chose_seed":false,"campfire_upgraded":8,"win_rate":0,"timestamp":1562523492,"path_taken":["M","$","M","M","?","?","M","$","T","M","M","R","M","M","R","BOSS","M","M","$","?","$","E","M","R","T","R","M","M","M","E","R","BOSS","M","$","M","$","M","M","R","M","T","R","M","M","M","?","R","BOSS"],"build_version":"2019-07-05","purchased_purges":2,"victory":true,"max_hp_per_floor":[75,75,75,75,75,75,75,75,75,75,75,75,75,75,75,75,75,75,75,75,75,75,75,75,75,75,75,75,75,75,75,75,75,75,75,75,75,75,75,75,75,75,75,75,75,75,75,75,75,75],"card_choices":[{"not_picked":["Skim","Streamline"],"picked":"Hologram","floor":1.0},{"not_picked":["Reprogram","Stack"],"picked":"Beam Cell","floor":3.0},{"not_picked":["Melter","Ball Lightning","Turbo"],"picked":"SKIP","floor":4.0},{"not_picked":["Double Energy","Stack","Storm"],"picked":"SKIP","floor":7.0},{"not_picked":["Creative AI","Coolheaded"],"picked":"Gash+1","floor":10.0},{"not_picked":["Coolheaded","Capacitor"],"picked":"Self Repair","floor":11.0},{"not_picked":["Darkness","Lockon+1"],"picked":"Genetic Algorithm","floor":13.0},{"not_picked":["Gash+1","Echo Form"],"picked":"Conserve Battery","floor":14.0},{"not_picked":["Biased Cognition","Hyperbeam+1"],"picked":"All For One+1","floor":16.0},{"not_picked":["Blizzard+1","Barrage+1"],"picked":"Conserve Battery","floor":18.0},{"not_picked":["Blizzard+1","Leap"],"picked":"Steam","floor":19.0},{"not_picked":["Defragment","Compile Driver+1"],"picked":"Auto Shields","floor":21.0},{"not_picked":["Genetic Algorithm","Defragment+1"],"picked":"Gash+1","floor":23.0},{"not_picked":["Redo","BootSequence+1","Steam+1"],"picked":"SKIP","floor":24.0},{"not_picked":["Redo","BootSequence+1","Steam+1"],"picked":"SKIP","floor":24.0},{"not_picked":["Sunder+1","Beam Cell+1"],"picked":"Go for the Eyes+1","floor":28.0},{"not_picked":["Cold Snap+1","Sweeping Beam+1","Coolheaded"],"picked":"SKIP","floor":29.0},{"not_picked":["Beam Cell+1","Ball Lightning+1"],"picked":"Reinforced Body","floor":30.0},{"not_picked":["Blizzard+1","Lockon+1"],"picked":"Machine Learning","floor":31.0},{"not_picked":["Hyperbeam+1","Buffer"],"picked":"All For One+1","floor":33.0},{"not_picked":["Coolheaded+1","Defragment+1"],"picked":"Gash+1","floor":35.0},{"not_picked":["Ball Lightning+1","Compile Driver+1","Heatsinks+1"],"picked":"SKIP","floor":37.0},{"not_picked":["Leap","Redo","Cold Snap+1"],"picked":"SKIP","floor":39.0},{"not_picked":["Steam Power+1","Melter+1"],"picked":"FTL+1","floor":40.0},{"not_picked":["Coolheaded+1","Rebound+1","Leap"],"picked":"SKIP","floor":42.0},{"not_picked":["Redo+1","Ball Lightning+1"],"picked":"Gash+1","floor":45.0},{"not_picked":["Leap+1","Streamline+1"],"picked":"Go for the Eyes+1","floor":46.0},{"not_picked":["Darkness","Coolheaded+1"],"picked":"Conserve Battery+1","floor":47.0}],"player_experience":691288,"relics_obtained":[{"floor":9.0,"key":"Molten Egg 2"},{"floor":21.0,"key":"Red Mask"},{"floor":23.0,"key":"Cables"},{"floor":26.0,"key":"Boot"},{"floor":31.0,"key":"Potion Belt"},{"floor":48.0,"key":"Turnip"}],"event_choices":[{"damage_healed":0.0,"max_hp_gain":0.0,"max_hp_loss":0.0,"gold_gain":75.0,"event_name":"World of Goop","player_choice":"Gather Gold","floor":5.0,"gold_loss":0.0,"damage_taken":11.0},{"damage_healed":0.0,"max_hp_gain":0.0,"max_hp_loss":0.0,"gold_gain":100.0,"event_name":"Golden Shrine","player_choice":"Pray","floor":6.0,"gold_loss":0.0,"damage_taken":0.0},{"damage_healed":0.0,"max_hp_gain":0.0,"max_hp_loss":0.0,"gold_gain":0.0,"event_name":"Masked Bandits","player_choice":"Fought Bandits","floor":21.0,"gold_loss":0.0,"damage_taken":0.0},{"damage_healed":0.0,"max_hp_gain":0.0,"max_hp_loss":0.0,"gold_gain":0.0,"event_name":"MindBloom","player_choice":"Fight","floor":48.0,"gold_loss":0.0,"damage_taken":0.0}],"is_beta":false,"boss_relics":[{"not_picked":["Inserter","White Beast Statue"],"picked":"Sozu"},{"not_picked":["Calling Bell","Runic Dome"],"picked":"Cursed Key"}],"items_purged_floors":[36,38],"is_endless":false,"potions_floor_spawned":[1,3,7,13,21,24,28,30,31,37,40,42,47,48],"ascension_level":0}