{"path_per_floor":["M","?","M","M","M","R","$","R","T","E","M","$","$","M","R","B",null,"M","?","M","$","M","R","M","R","T","$","R","M","M","M","R","B",null,"M","M","$","M"],"character_chosen":"DEFECT","items_purchased":["Oddly Smooth Stone","Capacitor","Static Discharge","Auto Shields","Anchor","Ball Lightning","Defragment"],"gold_per_floor":[364,329,339,350,362,362,185,185,185,217,227,227,111,121,121,216,216,232,232,247,49,61,61,73,73,98,98,98,108,125,135,135,230,230,248,267,191,205,205],"floor_reached":39,"campfire_rested":2,"playtime":2144,"current_hp_per_floor":[58,68,61,58,52,52,52,52,52,38,38,38,38,38,38,20,68,42,42,30,30,25,45,40,40,40,40,40,37,35,12,32,10,68,55,38,38,6,0],"items_purged":[],"gold":205,"score":387,"play_id":"84d14f9f-e844-4b1a-9b12-0e613bc4c599","local_time":"20180501053332","is_prod":false,"is_daily":false,"chose_seed":false,"is_ascension_mode":false,"campfire_upgraded":5,"timestamp":1525142012,"path_taken":["M","?","M","M","?","R","$","R","T","E","M","?","$","M","R","BOSS","M","?","M","$","M","R","M","R","T","$","R","M","M","M","R","BOSS","M","M","$","M","M"],"build_version":"2018-04-27v3","seed_source_timestamp":730125562562773,"purchased_purges":0,"victory":false,"master_deck":["Strike_B","Strike_B","Strike_B","Strike_B","Defend_B","Defend_B","Defend_B","Defend_B","Zap+1","Dualcast","Capacitor","Defragment+1","Sunder","Conserve Battery","Capacitor+1","Stack","Leap","Static Discharge+1","Auto Shields","Creative AI+1","Ball Lightning","Ball Lightning","Storm+1","Leap+1","Thunder Strike","Capacitor+1","Stack+1","Defragment"],"max_hp_per_floor":[68,68,68,68,68,68,68,68,68,68,68,68,68,68,68,68,68,68,68,68,68,68,68,68,68,68,68,68,68,68,68,68,68,68,68,68,68,68,68],"relics":["Cracked Core","Oddly Smooth Stone","Letter Opener","Kunai","White Beast Statue","Anchor","Juzu Bracelet","Runic Pyramid"],"card_choices":[{"not_picked":["Force Field","Leap"],"picked":"Capacitor","floor":1.0},{"not_picked":["Stack","Beam Cell"],"picked":"Defragment","floor":3.0},{"not_picked":["Rebound","Melter"],"picked":"Sunder","floor":4.0},{"not_picked":["Undo","Doom and Gloom"],"picked":"Conserve Battery","floor":5.0},{"not_picked":["Multi-Cast","Amplify"],"picked":"Stack","floor":10.0},{"not_picked":["Self Repair","Sweeping Beam"],"picked":"Leap","floor":11.0},{"not_picked":["Meteor Strike","Amplify"],"picked":"Creative AI","floor":16.0},{"not_picked":["Capacitor","Turbo"],"picked":"Ball Lightning","floor":18.0},{"not_picked":["Streamline","Scrape"],"picked":"Storm","floor":29.0},{"not_picked":["Coolheaded","Reprogram"],"picked":"Leap","floor":30.0},{"not_picked":["Meteor Strike","Seek"],"picked":"Thunder Strike","floor":33.0},{"not_picked":["Beam Cell","Undo"],"picked":"Capacitor","floor":35.0},{"not_picked":["Cold Snap","Coolheaded"],"picked":"Stack","floor":36.0}],"player_experience":112164,"potions_floor_usage":[39],"damage_taken":[{"damage":10.0,"enemies":"Cultist","floor":1.0,"turns":4.0},{"damage":7.0,"enemies":"2 Louse","floor":3.0,"turns":3.0},{"damage":3.0,"enemies":"Jaw Worm","floor":4.0,"turns":4.0},{"damage":6.0,"enemies":"Red Slaver","floor":5.0,"turns":4.0},{"damage":14.0,"enemies":"3 Sentries","floor":10.0,"turns":7.0},{"damage":0.0,"enemies":"3 Louse","floor":11.0,"turns":2.0},{"damage":0.0,"enemies":"Exordium Wildlife","floor":14.0,"turns":7.0},{"damage":18.0,"enemies":"The Guardian","floor":16.0,"turns":9.0},{"damage":26.0,"enemies":"3 Byrds","floor":18.0,"turns":3.0},{"damage":12.0,"enemies":"Spheric Guardian","floor":20.0,"turns":3.0},{"damage":5.0,"enemies":"Snecko","floor":22.0,"turns":4.0},{"damage":5.0,"enemies":"Cultist and Chosen","floor":24.0,"turns":5.0},{"damage":3.0,"enemies":"Snake Plant","floor":29.0,"turns":4.0},{"damage":2.0,"enemies":"Chosen and Byrds","floor":30.0,"turns":5.0},{"damage":23.0,"enemies":"Slaver and Parasite","floor":31.0,"turns":6.0},{"damage":22.0,"enemies":"Champ","floor":33.0,"turns":8.0},{"damage":13.0,"enemies":"3 Shapes","floor":35.0,"turns":4.0},{"damage":17.0,"enemies":"3 Darklings","floor":36.0,"turns":5.0},{"damage":47.0,"enemies":"Spire Growth","floor":38.0,"turns":5.0},{"damage":6,"enemies":"Sphere and 2 Shapes","floor":39,"turns":3}],"event_choices":[{"event_name":"The Cleric","player_choice":"Healed","floor":2.0,"damage_taken":0.0},{"event_name":"Addict","player_choice":"Ignored","floor":19.0,"damage_taken":0.0}],"boss_relics":[],"potions_floor_spawned":[1,11,16,18,20,22,24,29,30,31,33,35,36,38],"seed_played":"2199164554387042664","killed_by":"Sphere and 2 Shapes","ascension_level":0,"is_trial":false}