{"gold_per_floor":[116,391,402,414,270,298,313,338,363,363,162,162,178,35,35,35],"floor_reached":16,"playtime":361,"items_purged":["Regret","Strike_R"],"score":135,"play_id":"bf266f68-293a-4efa-b4af-cd46ca2afb0e","local_time":"20190624212809","is_ascension_mode":false,"campfire_choices":[{"data":"Whirlwind","floor":10.0,"key":"SMITH"},{"data":"Bash","floor":12.0,"key":"SMITH"},{"data":"Defend_R","floor":15.0,"key":"SMITH"}],"neow_cost":"NONE","seed_source_timestamp":14363608172700,"circlet_count":0,"master_deck":["Strike_R","Strike_R","Strike_R","Strike_R","Defend_R","Defend_R","Defend_R","Defend_R+1","Bash+1","Whirlwind+1"],"special_seed":0,"relics":["Burning Blood","Strawberry","Smiling Mask","Regal Pillow","Pen Nib","Bag of Marbles"],"potions_floor_usage":[16,16],"damage_taken":[{"damage":10.0,"enemies":"2 Louse","floor":1.0,"turns":4.0},{"damage":8.0,"enemies":"Cultist","floor":3.0,"turns":3.0},{"damage":3.0,"enemies":"Small Slimes","floor":4.0,"turns":3.0},{"damage":36.0,"enemies":"Gremlin Nob","floor":6.0,"turns":5.0},{"damage":8.0,"enemies":"Red Slaver","floor":7.0,"turns":4.0},{"damage":39.0,"enemies":"3 Sentries","floor":8.0,"turns":7.0},{"damage":0.0,"enemies":"Gremlin Gang","floor":13.0,"turns":1.0},{"damage":36,"enemies":"Hexaghost","floor":16,"turns":9}],"seed_played":"5872983173199069081","potions_obtained":[{"floor":1.0,"key":"LiquidBronze"},{"floor":4.0,"key":"Swift Potion"},{"floor":8.0,"key":"SkillPotion"}],"is_trial":false,"path_per_floor":["M","?","M","M","$","E","M","E","T","R","$","R","M","$","R","B"],"character_chosen":"IRONCLAD","items_purchased":["Whirlwind","Pen Nib","Bag of Marbles"],"campfire_rested":0,"item_purchase_floors":[5,11,14],"current_hp_per_floor":[84,84,82,85,85,62,60,27,27,27,27,27,33,33,33,0],"gold":35,"neow_bonus":"TEN_PERCENT_HP_BONUS","is_prod":false,"is_daily":false,"chose_seed":false,"campfire_upgraded":3,"win_rate":0,"timestamp":1561400889,"path_taken":["M","?","M","?","$","E","M","E","T","R","$","R","M","?","R","BOSS"],"build_version":"2019-01-23","purchased_purges":2,"victory":false,"max_hp_per_floor":[88,88,88,88,88,95,95,95,95,95,95,95,95,95,95,95],"card_choices":[{"not_picked":["Pummel","Clash","Armaments"],"picked":"SKIP","floor":1.0},{"not_picked":["Body Slam","Pommel Strike","Power Through"],"picked":"SKIP","floor":3.0},{"not_picked":["Clash","Infernal Blade","Warcry"],"picked":"SKIP","floor":4.0},{"not_picked":["Body Slam","Sentinel","Clash"],"picked":"SKIP","floor":6.0},{"not_picked":["Iron Wave","Dropkick","Reckless Charge"],"picked":"SKIP","floor":7.0},{"not_picked":["Exhume","Shockwave","Anger"],"picked":"SKIP","floor":8.0},{"not_picked":["Rampage","Clothesline","Iron Wave"],"picked":"SKIP","floor":13.0}],"player_experience":652135,"relics_obtained":[{"floor":6.0,"key":"Strawberry"},{"floor":8.0,"key":"Smiling Mask"},{"floor":9.0,"key":"Regal Pillow"}],"event_choices":[{"damage_healed":0.0,"max_hp_gain":0.0,"max_hp_loss":0.0,"gold_gain":275.0,"event_name":"Golden Shrine","player_choice":"Desecrate","floor":2.0,"gold_loss":0.0,"damage_taken":0.0,"cards_obtained":["Regret"]}],"is_beta":false,"boss_relics":[],"items_purged_floors":[5,11],"is_endless":false,"potions_floor_spawned":[1,4,8],"killed_by":"Hexaghost","ascension_level":0}