{"path_per_floor":["M","M","$","?","$","E","R","T","T","R","$","M","R","M","R","B",null,"M","M","?","M","M","R","$","?","T","T","M","M","R","M","R","B",null,"M","$","?","?","M","R","$","M","T","R","M","$","R","M","R"],"character_chosen":"IRONCLAD","items_purchased":["Shrug It Off","Shockwave","Barricade","Flex"],"gold_per_floor":[116,131,32,62,62,89,89,89,89,89,18,31,31,41,41,137,137,157,167,197,216,227,227,45,45,45,71,86,101,101,115,115,216,246,266,141,141,141,154,154,4,17,95,95,108,83,83,98,98],"floor_reached":50,"campfire_rested":4,"playtime":5924,"current_hp_per_floor":[67,68,68,56,56,26,26,26,26,47,47,53,53,55,55,21,72,60,57,60,36,24,45,45,45,45,45,33,42,42,37,58,42,77,77,77,67,67,65,65,65,70,70,70,65,65,65,14,37],"items_purged":["Strike_R","Strike_R","Defend_R","Strike_R"],"gold":98,"score":392,"play_id":"8fedeaf2-582e-4ec6-ac0e-91f19beae5cd","is_prod":false,"is_daily":false,"is_ascension_mode":false,"campfire_upgraded":7,"path_taken":["M","M","?","?","$","E","R","?","T","R","$","?","R","M","R","BOSS","M","M","?","M","M","R","$","?","T","?","M","M","R","M","R","BOSS","M","$","?","?","?","R","$","M","T","R","M","?","R","M","R","BOSS"],"build_version":"2018-02-07-BETA1","purchased_purges":5,"victory":false,"master_deck":["Strike_R","Strike_R","Defend_R+1","Defend_R","Defend_R","Bash","Cleave","Shrug It Off+1","Pommel Strike","Metallicize+1","Shockwave+1","Headbutt","Armaments+1","Brutality+1","Body Slam","Iron Wave","Dropkick","Barricade+1","Dropkick+1","Demon Form+1","Metallicize+1","Madness","Madness","Flex","Entrench+1"],"max_hp_per_floor":[72,72,72,72,72,72,72,72,72,72,72,72,72,72,72,72,72,72,72,72,72,72,72,72,72,72,72,72,72,72,72,72,72,77,77,77,77,77,77,77,77,77,77,77,77,77,77,77,77],"relics":["Black Blood","Ginger","Tiny Chest","Dream Catcher","Paper Frog","Oddly Smooth Stone","Red Mask","Centennial Puzzle","War Paint","Tiny House","Dodecahedron"],"card_choices":[{"not_picked":["True Grit","Twin Strike"],"picked":"Cleave"},{"not_picked":["Cleave","Feel No Pain"],"picked":"Pommel Strike"},{"not_picked":["Pommel Strike","Infernal Blade"],"picked":"Metallicize"},{"not_picked":["Sword Boomerang","Wild Strike"],"picked":"Headbutt"},{"not_picked":["Perfected Strike","Warcry"],"picked":"Armaments"},{"not_picked":["Double Tap","Fiend Fire"],"picked":"Brutality"},{"not_picked":["Bloodletting","Disarm"],"picked":"Body Slam"},{"not_picked":["Clothesline","Bloodletting"],"picked":"Iron Wave"},{"not_picked":["Shrug It Off","Havoc"],"picked":"Dropkick"},{"not_picked":["Infernal Blade","Shrug It Off"],"picked":"Dropkick"},{"not_picked":["Barricade","Brutality"],"picked":"Demon Form"},{"not_picked":["Evolve","Uppercut"],"picked":"Metallicize"},{"not_picked":["Rupture","Clothesline"],"picked":"Entrench"}],"player_experience":280972,"potions_floor_usage":[16,20,20,29,35,35,45,48,50,50,50],"damage_taken":[{"damage":11,"enemies":"Blue Slaver","floor":1,"turns":6},{"damage":5,"enemies":"2 Louse","floor":2,"turns":2},{"damage":36,"enemies":"Gremlin Nob","floor":6,"turns":5},{"damage":0,"enemies":"Cultist","floor":12,"turns":4},{"damage":4,"enemies":"Looter","floor":14,"turns":4},{"damage":40,"enemies":"Hexaghost","floor":16,"turns":15},{"damage":22,"enemies":"Chosen","floor":18,"turns":6},{"damage":13,"enemies":"Shell Parasite","floor":19,"turns":8},{"damage":7,"enemies":"Masked Bandits","floor":20,"turns":4},{"damage":34,"enemies":"3 Cultists","floor":21,"turns":7},{"damage":22,"enemies":"Snecko","floor":22,"turns":6},{"damage":22,"enemies":"Cultist and Chosen","floor":28,"turns":8},{"damage":1,"enemies":"Snake Plant","floor":29,"turns":5},{"damage":15,"enemies":"Centurion and Healer","floor":31,"turns":7},{"damage":26,"enemies":"Champ","floor":33,"turns":14},{"damage":7,"enemies":"3 Darklings","floor":35,"turns":10},{"damage":12,"enemies":"Flame Bruiser 1 Orb","floor":39,"turns":5},{"damage":5,"enemies":"Spire Growth","floor":42,"turns":6},{"damage":15,"enemies":"Maw","floor":45,"turns":8},{"damage":76,"enemies":"Flame Bruiser 2 Orb","floor":48,"turns":10},{"damage":40,"enemies":"Donu and Deca","floor":50,"turns":4}],"event_choices":[{"event_name":"Scrap Ooze","player_choice":"success","floor":4,"damage_taken":12},{"event_name":"Masked Bandits","player_choice":"Fought over 167 gold","floor":20,"damage_taken":0},{"event_name":"Beggar","player_choice":"Ignored","floor":25,"damage_taken":0},{"event_name":"Winding Halls","player_choice":"Embrace Madness","floor":37,"damage_taken":0},{"event_name":"The Lab","player_choice":"Got Potions","floor":38,"damage_taken":0}],"boss_relics":[{"not_picked":["Eternal Feather","Orrery"],"picked":"Black Blood"},{"not_picked":["Runic Dome","Black Star"],"picked":"Tiny House"}],"potions_floor_spawned":[2,6,12,20,22,28,33,35,45,48],"seed_played":"2058840024141802219","killed_by":"Donu and Deca","ascension_level":0,"is_trial":false}