{"path_per_floor":["M","?","$","M","T","E","$","M","T","R","M","E","?","M","R","B",null,"M","M","M","$","M","R","M","R","T","M","M","M","M","?","R","B",null,"M","M","M","$","M","E","R","M","T","?","R","M","?","M","R","B"],"character_chosen":"IRONCLAD","items_purchased":["Battle Trance","Twin Strike","Entrench","Apotheosis","Shrug It Off","Oddly Smooth Stone","Shrug It Off"],"gold_per_floor":[110,110,15,28,53,82,6,25,25,25,37,71,146,159,159,264,264,281,299,313,85,99,99,113,113,113,129,139,158,170,170,170,271,271,288,298,313,117,137,172,172,186,186,186,186,201,201,211,211,211],"floor_reached":51,"campfire_rested":0,"playtime":1952,"item_purchase_floors":[],"current_hp_per_floor":[70,54,54,60,60,57,57,63,63,63,67,55,44,44,44,24,80,78,80,66,66,68,68,62,62,69,57,59,49,51,51,51,36,87,90,90,89,89,87,71,71,46,46,81,81,81,91,91,91,39],"items_purged":[],"gold":211,"score":747,"play_id":"47fcc709-1a26-4dac-bf1f-193421f07344","local_time":"20180614180417","is_prod":false,"is_daily":false,"chose_seed":false,"is_ascension_mode":false,"campfire_upgraded":8,"win_rate":0,"timestamp":1528988657,"campfire_choices":[{"data":"Entrench","floor":10.0,"key":"SMITH"},{"data":"Armaments","floor":15.0,"key":"SMITH"},{"data":"Apotheosis","floor":23.0,"key":"SMITH"},{"data":"Demon Form","floor":25.0,"key":"SMITH"},{"data":"Barricade","floor":32.0,"key":"SMITH"},{"data":"Offering","floor":41,"key":"SMITH"},{"data":"Seeing Red","floor":45,"key":"SMITH"},{"data":"Battle Trance","floor":49,"key":"SMITH"}],"path_taken":["M","?","$","M","?","E","$","M","T","R","M","E","?","M","R","BOSS","M","M","M","$","M","R","M","R","T","?","M","M","M","?","R","BOSS","M","M","M","$","M","E","R","M","T","?","R","M","?","?","R","BOSS"],"build_version":"2018-06-07v3","seed_source_timestamp":34024174458459,"purchased_purges":0,"victory":true,"master_deck":["Strike_R","Strike_R","Strike_R+1","Strike_R","Strike_R","Defend_R","Defend_R","Defend_R+1","Defend_R","Bash","Perfected Strike","Flame Barrier+1","Battle Trance+1","Twin Strike","Flame Barrier","Perfected Strike","Entrench+1","Seeing Red+1","Armaments+1","Offering+1","Demon Form+1","Perfected Strike","Cleave+1","Armaments+1","Apotheosis+1","Shrug It Off","Body Slam+1","Whirlwind","Body Slam","Shrug It Off","Barricade+1","Shrug It Off","Shrug It Off","Ghostly Armor"],"max_hp_per_floor":[80,80,80,80,80,80,80,80,80,80,80,80,80,80,80,80,80,80,80,80,80,80,80,80,80,87,87,87,87,87,87,87,87,87,90,90,90,90,90,90,90,93,93,81,81,81,91,91,91,91],"relics":["Burning Blood","Orichalcum","Calipers","Bottled Lightning","Dodecahedron","Sozu","Strawberry","Busted Crown","Oddly Smooth Stone","Whetstone","Lantern"],"card_choices":[{"not_picked":["Headbutt","Sentinel"],"picked":"Perfected Strike","floor":0.0},{"not_picked":["Anger","Iron Wave"],"picked":"Flame Barrier","floor":1.0},{"not_picked":["Power Through","Headbutt"],"picked":"Flame Barrier","floor":4.0},{"not_picked":["Havoc","Pommel Strike"],"picked":"Perfected Strike","floor":6.0},{"not_picked":["Anger","Heavy Blade","Rampage"],"picked":"SKIP","floor":8.0},{"not_picked":["Heavy Blade","Shockwave"],"picked":"Seeing Red","floor":11.0},{"not_picked":["Havoc","Sever Soul"],"picked":"Armaments","floor":12.0},{"not_picked":["Ghostly Armor","Rampage"],"picked":"Offering","floor":14.0},{"not_picked":["Fiend Fire","Offering"],"picked":"Demon Form","floor":16.0},{"not_picked":["Clash","Bloodletting"],"picked":"Perfected Strike","floor":18.0},{"not_picked":["Sever Soul","Intimidate"],"picked":"Cleave","floor":19.0},{"not_picked":["True Grit","Clothesline"],"picked":"Armaments+1","floor":20.0},{"not_picked":["Havoc","Power Through"],"picked":"Body Slam+1","floor":22.0},{"not_picked":["Sentinel+1","Clothesline"],"picked":"Whirlwind","floor":24.0},{"not_picked":["Sword Boomerang","Twin Strike"],"picked":"Body Slam","floor":27.0},{"not_picked":["Bloodletting","Flex"],"picked":"Shrug It Off","floor":28.0},{"not_picked":["Pummel","Pommel Strike"],"picked":"Barricade","floor":29.0},{"not_picked":["Wild Strike","True Grit+1","Headbutt"],"picked":"SKIP","floor":30.0},{"not_picked":["Exhume","Fiend Fire"],"picked":"Feed","floor":33.0},{"not_picked":["Rampage+1"],"picked":"SKIP","floor":35.0},{"not_picked":["Clothesline"],"picked":"SKIP","floor":36.0},{"not_picked":["Flex"],"picked":"SKIP","floor":37.0},{"not_picked":[],"picked":"Shrug It Off","floor":39.0},{"not_picked":["Heavy Blade"],"picked":"SKIP","floor":40},{"not_picked":["Hemokinesis"],"picked":"SKIP","floor":42},{"not_picked":[],"picked":"Ghostly Armor","floor":46},{"not_picked":["Anger"],"picked":"SKIP","floor":48}],"player_experience":130465,"potions_floor_usage":[40],"damage_taken":[{"damage":16.0,"enemies":"Jaw Worm","floor":1.0,"turns":4.0},{"damage":0.0,"enemies":"2 Louse","floor":4.0,"turns":2.0},{"damage":9.0,"enemies":"3 Sentries","floor":6.0,"turns":6.0},{"damage":0.0,"enemies":"Small Slimes","floor":8.0,"turns":3.0},{"damage":2.0,"enemies":"Gremlin Gang","floor":11.0,"turns":3.0},{"damage":18.0,"enemies":"Lagavulin","floor":12.0,"turns":7.0},{"damage":6.0,"enemies":"Exordium Thugs","floor":14.0,"turns":4.0},{"damage":26.0,"enemies":"Slime Boss","floor":16.0,"turns":11.0},{"damage":8.0,"enemies":"Spheric Guardian","floor":18.0,"turns":3.0},{"damage":0.0,"enemies":"3 Byrds","floor":19.0,"turns":4.0},{"damage":20.0,"enemies":"Slaver and Parasite","floor":20.0,"turns":6.0},{"damage":4.0,"enemies":"Sentry and Sphere","floor":22.0,"turns":5.0},{"damage":12.0,"enemies":"Centurion and Healer","floor":24.0,"turns":4.0},{"damage":18.0,"enemies":"Snake Plant","floor":27.0,"turns":3.0},{"damage":4.0,"enemies":"3 Cultists","floor":28.0,"turns":3.0},{"damage":16.0,"enemies":"Centurion and Healer","floor":29.0,"turns":6.0},{"damage":4.0,"enemies":"Snecko","floor":30.0,"turns":5.0},{"damage":21.0,"enemies":"Champ","floor":33.0,"turns":11.0},{"damage":4.0,"enemies":"3 Shapes","floor":35.0,"turns":5.0},{"damage":5.0,"enemies":"Orb Walker","floor":36.0,"turns":4.0},{"damage":7.0,"enemies":"Maw","floor":37.0,"turns":6.0},{"damage":8.0,"enemies":"3 Darklings","floor":39.0,"turns":6.0},{"damage":22,"enemies":"2 Orb Walkers","floor":40,"turns":4},{"damage":34,"enemies":"4 Shapes","floor":42,"turns":5},{"damage":4,"enemies":"Sphere and 2 Shapes","floor":46,"turns":5},{"damage":0,"enemies":"Maw","floor":48,"turns":6},{"damage":58,"enemies":"Awakened One","floor":50,"turns":12}],"relics_obtained":[{"floor":5.0,"key":"Orichalcum"},{"floor":6.0,"key":"Calipers"},{"floor":9.0,"key":"Bottled Lightning"},{"floor":12.0,"key":"Dodecahedron"},{"floor":26.0,"key":"Strawberry"},{"floor":40,"key":"Whetstone"},{"floor":43,"key":"Lantern"}],"event_choices":[{"event_name":"Shining Light","player_choice":"Entered Light","floor":2.0,"damage_taken":0.0},{"event_name":"World of Goop","player_choice":"Gather Gold","floor":13.0,"damage_taken":0.0},{"event_name":"Ghosts","player_choice":"Ignored","floor":31.0,"damage_taken":0.0},{"event_name":"The Moai Head","player_choice":"Heal","floor":44,"damage_taken":0},{"event_name":"Bonfire Elementals","player_choice":"RARE","floor":47,"damage_taken":0}],"boss_relics":[{"not_picked":["White Beast Statue","Runic Cube"],"picked":"Sozu"},{"not_picked":["Pandora\u0027s Box","Black Blood"],"picked":"Busted Crown"}],"items_purged_floors":[],"potions_floor_spawned":[1,11,12,20,27,28,36,42,48],"seed_played":"-8440189618678727789","ascension_level":0,"potions_obtained":[{"floor":1.0,"key":"Fire Potion"},{"floor":11.0,"key":"Ancient Potion"},{"floor":12.0,"key":"FearPotion"}],"is_trial":false}