{"gold_per_floor":[110,36,49,59,59,59,88,99,99,113,113,113,113,37,37,140,140,159,159,12,28,28,53,53,117,141,141,154,26,45,55,55,55],"floor_reached":33,"playtime":752,"items_purged":["Strike_R"],"score":285,"play_id":"b40097b8-dffa-42b5-ae27-70ad811e0a04","local_time":"20190716095502","is_ascension_mode":false,"campfire_choices":[{"data":"Whirlwind","floor":6.0,"key":"SMITH"},{"data":"Armaments","floor":13.0,"key":"SMITH"},{"data":"Evolve","floor":15,"key":"SMITH"},{"data":"Double Tap","floor":24,"key":"SMITH"},{"data":"Rage","floor":32,"key":"SMITH"}],"neow_cost":"NONE","seed_source_timestamp":164757621220700,"circlet_count":0,"master_deck":["Strike_R","Strike_R","Strike_R","Defend_R","Defend_R","Defend_R","Defend_R","Bash","Whirlwind+1","Rage+1","Armaments+1","Evolve+1","Double Tap+1","Battle Trance","Shrug It Off"],"special_seed":0,"relics":["Burning Blood","Regal Pillow","Ornamental Fan","Busted Crown","MutagenicStrength","Bag of Preparation","Mummified Hand","Tiny Chest","Potion Belt"],"potions_floor_usage":[28,33,33],"damage_taken":[{"damage":4.0,"enemies":"Small Slimes","floor":1.0,"turns":3.0},{"damage":6.0,"enemies":"Cultist","floor":3.0,"turns":3.0},{"damage":6.0,"enemies":"Jaw Worm","floor":4.0,"turns":3.0},{"damage":22.0,"enemies":"3 Sentries","floor":7.0,"turns":6.0},{"damage":0.0,"enemies":"Exordium Wildlife","floor":8.0,"turns":2.0},{"damage":4.0,"enemies":"Blue Slaver","floor":10.0,"turns":3.0},{"damage":49,"enemies":"Slime Boss","floor":16,"turns":9},{"damage":15,"enemies":"2 Thieves","floor":18,"turns":4},{"damage":11,"enemies":"Spheric Guardian","floor":21,"turns":4},{"damage":35,"enemies":"Slavers","floor":23,"turns":4},{"damage":29,"enemies":"Gremlin Leader","floor":25,"turns":7},{"damage":2,"enemies":"Snecko","floor":28,"turns":3},{"damage":10,"enemies":"Cultist and Chosen","floor":30,"turns":5},{"damage":0,"enemies":"Chosen and Byrds","floor":31,"turns":4},{"damage":65,"enemies":"Automaton","floor":33,"turns":6}],"seed_played":"-3381989822844501964","potions_obtained":[{"floor":1.0,"key":"SpeedPotion"},{"floor":7.0,"key":"Explosive Potion"},{"floor":8.0,"key":"Ancient Potion"},{"floor":23,"key":"Energy Potion"}],"is_trial":false,"path_per_floor":["M","$","M","M","?","R","E","M","T","M","$","?","R","$","R","B",null,"M","?","$","M","?","E","R","E","T","?","M","$","M","M","R","B"],"character_chosen":"IRONCLAD","items_purchased":["Rage","Evolve","Bag of Preparation","Shrug It Off"],"campfire_rested":0,"item_purchase_floors":[2,14,20,29],"current_hp_per_floor":[88,88,88,88,88,88,72,78,78,80,80,80,80,80,80,37,88,79,79,79,74,74,45,45,22,22,22,26,26,22,28,28,0],"gold":55,"neow_bonus":"TEN_PERCENT_HP_BONUS","is_prod":false,"is_daily":false,"chose_seed":false,"campfire_upgraded":5,"win_rate":0,"timestamp":1563260102,"path_taken":["M","$","M","M","?","R","E","M","T","M","?","?","R","$","R","BOSS","M","?","$","M","?","E","R","E","T","?","?","$","M","M","R","BOSS"],"build_version":"2019-07-10","purchased_purges":1,"victory":false,"max_hp_per_floor":[88,88,88,88,88,88,88,88,88,88,88,88,88,88,88,88,88,88,88,88,88,88,88,88,88,88,88,88,88,88,88,88,88],"card_choices":[{"not_picked":["Second Wind","Twin Strike"],"picked":"Whirlwind","floor":1.0},{"not_picked":["True Grit","Wild Strike","Combust"],"picked":"SKIP","floor":3.0},{"not_picked":["Twin Strike","Wild Strike","Sword Boomerang"],"picked":"SKIP","floor":4.0},{"not_picked":["Clash","Headbutt","Thunderclap"],"picked":"SKIP","floor":7.0},{"not_picked":["Clothesline","Dark Embrace","Pommel Strike"],"picked":"SKIP","floor":8.0},{"not_picked":["Entrench","Warcry"],"picked":"Armaments","floor":10.0},{"not_picked":["Reaper","Berserk"],"picked":"Double Tap","floor":16},{"not_picked":["Heavy Blade"],"picked":"SKIP","floor":18},{"not_picked":["Flex"],"picked":"SKIP","floor":21},{"not_picked":["Flame Barrier"],"picked":"SKIP","floor":23},{"not_picked":["Inflame"],"picked":"SKIP","floor":25},{"not_picked":["Headbutt+1"],"picked":"SKIP","floor":28},{"not_picked":["Cleave+1"],"picked":"SKIP","floor":30},{"not_picked":["Shrug It Off"],"picked":"SKIP","floor":31}],"player_experience":162562,"relics_obtained":[{"floor":7.0,"key":"Regal Pillow"},{"floor":9.0,"key":"Ornamental Fan"},{"floor":23,"key":"Mummified Hand"},{"floor":25,"key":"Tiny Chest"},{"floor":26,"key":"Potion Belt"}],"event_choices":[{"damage_healed":0.0,"max_hp_gain":0.0,"max_hp_loss":0.0,"gold_gain":0.0,"event_name":"Transmorgrifier","player_choice":"Ignored","floor":5.0,"gold_loss":0.0,"damage_taken":0.0},{"damage_healed":0.0,"max_hp_gain":0.0,"max_hp_loss":0.0,"gold_gain":0.0,"event_name":"The Cleric","player_choice":"Leave","floor":12.0,"gold_loss":0.0,"damage_taken":0.0},{"damage_healed":0,"gold_gain":0,"player_choice":"Inject Mutagens","damage_taken":0,"relics_obtained":["MutagenicStrength"],"max_hp_gain":0,"max_hp_loss":0,"event_name":"Drug Dealer","floor":19,"gold_loss":0},{"damage_healed":0,"gold_gain":0,"player_choice":"Read","damage_taken":0,"max_hp_gain":0,"max_hp_loss":0,"event_name":"The Library","floor":22,"gold_loss":0,"cards_obtained":["Battle Trance"]},{"cards_removed":["Strike_R"],"damage_healed":0,"gold_gain":0,"player_choice":"Card Removal","damage_taken":0,"max_hp_gain":0,"max_hp_loss":0,"event_name":"Wheel of Change","floor":27,"gold_loss":0}],"is_beta":true,"boss_relics":[{"not_picked":["Eternal Feather","Black Blood"],"picked":"Busted Crown"}],"items_purged_floors":[29],"is_endless":false,"potions_floor_spawned":[1,7,8,16,18,23],"killed_by":"Automaton","ascension_level":0}