{"path_per_floor":["M","M","?","$","?","R","E","M","T","M","R","M","R","M","R","B",null,"M","M","M","?","M","R","?","M","T","T","M","M","$","$","R"],"character_chosen":"IRONCLAD","items_purchased":["Bandage Up","Shrug It Off"],"gold_per_floor":[117,132,132,43,43,43,72,92,92,112,112,132,132,144,144,249,249,229,242,253,168,187,187,112,128,128,128,143,155,155,28,28],"floor_reached":33,"campfire_rested":2,"playtime":3801,"current_hp_per_floor":[80,69,69,69,69,69,57,70,70,85,85,89,89,76,76,34,96,87,100,50,50,7,38,38,27,27,27,35,21,21,21,55],"items_purged":["Strike_R"],"gold":28,"play_id":"c3602218-72f7-4629-99d8-a4ccf1f6e4af","is_prod":false,"is_daily":false,"is_ascension_mode":true,"campfire_upgraded":4,"path_taken":["M","M","?","$","?","R","E","M","T","M","R","M","R","M","R","BOSS","M","?","?","?","M","R","?","?","T","?","?","M","?","$","R","BOSS"],"build_version":"2018-02-01-BETA1","purchased_purges":1,"victory":false,"master_deck":["Strike_R","Strike_R","Defend_R","Defend_R","Defend_R","Defend_R","Bash","Battle Trance+1","Armaments+1","Bandage Up","Feed","Metallicize+1","Inflame+1","Iron Wave","Offering","Body Slam","Shrug It Off","Seeing Red+1","Shrug It Off"],"max_hp_per_floor":[80,80,80,80,80,80,80,83,83,86,86,89,89,92,92,96,96,96,100,104,104,104,104,104,108,108,108,111,114,114,114,114],"relics":["Burning Blood","Bottled Lightning","Paper Frog","White Beast Statue","Girya","Calipers","Peace Pipe"],"card_choices":[{"not_picked":["Power Through","Anger"],"picked":"Battle Trance"},{"not_picked":["Anger","Searing Blow"],"picked":"Armaments"},{"not_picked":["Thunderclap","Feel No Pain"],"picked":"Feed"},{"not_picked":["Body Slam","Rupture"],"picked":"Metallicize"},{"not_picked":["True Grit","Corruption"],"picked":"Inflame"},{"not_picked":["Inflame","Battle Trance"],"picked":"Iron Wave"},{"not_picked":["Dark Embrace","Exhume"],"picked":"Offering"},{"not_picked":["Evolve","Bloodletting"],"picked":"Body Slam"},{"not_picked":["Inflame","Havoc"],"picked":"Shrug It Off"},{"not_picked":["Iron Wave","Sentinel"],"picked":"Seeing Red"}],"player_experience":178237,"potions_floor_usage":[7,10,16,18,19,20,22,25,29,29,33],"damage_taken":[{"damage":3,"enemies":"Jaw Worm","floor":1,"turns":5},{"damage":17,"enemies":"Blue Slaver","floor":2,"turns":8},{"damage":24,"enemies":"Lagavulin","floor":7,"turns":6},{"damage":0,"enemies":"Small Slimes","floor":8,"turns":3},{"damage":0,"enemies":"2 Fungi Beasts","floor":10,"turns":3},{"damage":4,"enemies":"Looter","floor":12,"turns":4},{"damage":28,"enemies":"Gremlin Gang","floor":14,"turns":5},{"damage":56,"enemies":"Slime Boss","floor":16,"turns":12},{"damage":19,"enemies":"2 Thieves","floor":18,"turns":4},{"damage":13,"enemies":"3 Byrds","floor":19,"turns":7},{"damage":60,"enemies":"Snecko","floor":20,"turns":8},{"damage":53,"enemies":"Centurion and Healer","floor":22,"turns":13},{"damage":25,"enemies":"Snake Plant","floor":25,"turns":6},{"damage":5,"enemies":"3 Cultists","floor":28,"turns":7},{"damage":27,"enemies":"Cultist and Chosen","floor":29,"turns":6},{"damage":69,"enemies":"Champ","floor":33,"turns":21}],"event_choices":[{"event_name":"Bonfire Elementals","player_choice":"BASIC","floor":3,"damage_taken":0},{"event_name":"Golden Idol","player_choice":"Ignored","floor":5,"damage_taken":0},{"event_name":"Addict","player_choice":"Obtained Relic","floor":21,"damage_taken":0},{"event_name":"Beggar","player_choice":"Gave Gold","floor":24,"damage_taken":0}],"boss_relics":[{"not_picked":["Runic Dome","Velvet Choker"],"picked":"White Beast Statue"}],"potions_floor_spawned":[2,8,12,16,18,19,20,22,25,28,29],"seed_played":"-8566467510047037604","killed_by":"Champ","ascension_level":4,"is_trial":false}