{"gold_per_floor":[117,117,129,129,141,171,189,114,138,138,200,3,30,98,98,200,200,220,220,319,82,93,123,123,139,139,139,139,152,172,50,50,146,146,156,56,73,91,91,91,111,111,111,123,123,149,149,168,168,168],"floor_reached":51,"playtime":1236,"items_purged":["Strike_R","Strike_R","Strike_R"],"score":840,"play_id":"28c4bffd-a320-40b1-835d-7061a575a1e7","local_time":"20190719220906","is_ascension_mode":false,"campfire_choices":[{"data":"Demon Form","floor":10.0,"key":"SMITH"},{"data":"Whirlwind","floor":15.0,"key":"SMITH"},{"data":"Bash","floor":27,"key":"SMITH"},{"data":"Shrug It Off","floor":32,"key":"SMITH"},{"data":"Sword Boomerang","floor":40,"key":"SMITH"},{"data":"Defend_R","floor":42,"key":"SMITH"},{"data":"Defend_R","floor":47,"key":"SMITH"},{"data":"Defend_R","floor":49,"key":"SMITH"}],"neow_cost":"NONE","seed_source_timestamp":4922994268400,"circlet_count":0,"master_deck":["Defend_R+1","Defend_R+1","Defend_R+1","Defend_R+1","Bash+1","Whirlwind+1","Demon Form+1","Reaper","Flash of Steel","Shrug It Off+1","Sword Boomerang+1","Pommel Strike+1"],"special_seed":0,"relics":["Burning Blood","Dream Catcher","Potion Belt","Tiny Chest","The Courier","Sundial","Busted Crown","Nunchaku","Orichalcum","Question Card","Pen Nib","Cursed Key","Bottled Lightning"],"potions_floor_usage":[30,50,50,50,50,50],"damage_taken":[{"damage":10.0,"enemies":"Jaw Worm","floor":1.0,"turns":6.0},{"damage":6.0,"enemies":"Cultist","floor":3.0,"turns":3.0},{"damage":2.0,"enemies":"2 Louse","floor":5.0,"turns":2.0},{"damage":40.0,"enemies":"3 Sentries","floor":6.0,"turns":7.0},{"damage":9.0,"enemies":"2 Fungi Beasts","floor":7.0,"turns":3.0},{"damage":28.0,"enemies":"Gremlin Nob","floor":11.0,"turns":4.0},{"damage":36.0,"enemies":"3 Sentries","floor":13.0,"turns":5.0},{"damage":35.0,"enemies":"Slime Boss","floor":16.0,"turns":8.0},{"damage":10.0,"enemies":"Chosen","floor":18.0,"turns":4.0},{"damage":2,"enemies":"Spheric Guardian","floor":22,"turns":3},{"damage":69,"enemies":"Book of Stabbing","floor":23,"turns":7},{"damage":10,"enemies":"Centurion and Healer","floor":25,"turns":3},{"damage":2,"enemies":"Sentry and Sphere","floor":29,"turns":3},{"damage":1,"enemies":"3 Cultists","floor":30,"turns":3},{"damage":18,"enemies":"Collector","floor":33,"turns":5},{"damage":0,"enemies":"Orb Walker","floor":35,"turns":3},{"damage":16,"enemies":"3 Shapes","floor":37,"turns":4},{"damage":5,"enemies":"3 Darklings","floor":38,"turns":3},{"damage":22,"enemies":"4 Shapes","floor":41,"turns":5},{"damage":10,"enemies":"Writhing Mass","floor":44,"turns":4},{"damage":0,"enemies":"Giant Head","floor":46,"turns":5},{"damage":2,"enemies":"Sphere and 2 Shapes","floor":48,"turns":3},{"damage":56,"enemies":"Donu and Deca","floor":50,"turns":7}],"seed_played":"973327143345343239","potions_obtained":[{"floor":1.0,"key":"LiquidBronze"},{"floor":3.0,"key":"Regen Potion"},{"floor":5.0,"key":"Fruit Juice"},{"floor":7.0,"key":"Explosive Potion"},{"floor":13.0,"key":"Explosive Potion"},{"floor":23,"key":"SkillPotion"},{"floor":29,"key":"Ancient Potion"},{"floor":35,"key":"SkillPotion"},{"floor":38,"key":"Block Potion"}],"is_trial":false,"path_per_floor":["M","?","M","?","M","E","M","$","T","R","E","$","E","T","R","B",null,"M","?","?","$","M","E","?","M","T","R","?","M","M","$","R","B",null,"M","$","M","M","T","R","M","R","T","M","$","E","R","M","R","B",null],"character_chosen":"IRONCLAD","items_purchased":["Flash of Steel","Nunchaku","Pen Nib"],"campfire_rested":0,"item_purchase_floors":[12,21,31],"current_hp_per_floor":[84,84,84,84,93,59,56,56,56,56,46,46,46,46,46,55,93,89,89,89,89,93,49,49,45,45,45,45,49,66,66,66,54,93,93,93,92,93,93,93,90,90,90,86,86,93,93,93,93,69],"gold":168,"neow_bonus":"TEN_PERCENT_HP_BONUS","is_prod":false,"is_daily":false,"chose_seed":false,"campfire_upgraded":8,"win_rate":0,"timestamp":1563563346,"path_taken":["M","?","M","?","?","E","M","$","T","R","E","$","E","?","R","BOSS","M","?","?","$","M","E","?","?","T","R","?","?","M","$","R","BOSS","M","$","?","M","?","R","M","R","T","M","$","E","R","M","R","BOSS"],"build_version":"2019-07-18","purchased_purges":3,"victory":true,"max_hp_per_floor":[88,88,88,88,93,93,93,93,93,93,93,93,93,93,93,93,93,93,93,93,93,93,93,93,93,93,93,93,93,93,93,93,93,93,93,93,93,93,93,93,93,93,93,93,93,93,93,93,93,93],"card_choices":[{"not_picked":["Second Wind","Anger","Iron Wave"],"picked":"SKIP","floor":1.0},{"not_picked":["True Grit","Clothesline","Carnage"],"picked":"SKIP","floor":3.0},{"not_picked":["Flex","Heavy Blade"],"picked":"Whirlwind","floor":5.0},{"not_picked":["Wild Strike","True Grit","Sentinel"],"picked":"SKIP","floor":6.0},{"not_picked":["Perfected Strike","True Grit"],"picked":"Demon Form","floor":7.0},{"not_picked":["Whirlwind","Combust"],"picked":"Reaper","floor":11.0},{"not_picked":["Body Slam","Seeing Red","Twin Strike"],"picked":"SKIP","floor":13.0},{"not_picked":["Perfected Strike"],"picked":"SKIP","floor":18.0},{"not_picked":["Intimidate"],"picked":"SKIP","floor":22},{"not_picked":["Juggernaut"],"picked":"SKIP","floor":23},{"not_picked":["Infernal Blade"],"picked":"SKIP","floor":25},{"not_picked":["Cleave+1","Sever Soul+1"],"picked":"SKIP","floor":29},{"not_picked":["Twin Strike+1","Body Slam"],"picked":"SKIP","floor":30},{"not_picked":["Fire Breathing+1","Armaments+1"],"picked":"SKIP","floor":35},{"not_picked":["Shrug It Off"],"picked":"Sword Boomerang","floor":37},{"not_picked":["Wild Strike+1","Clothesline+1"],"picked":"SKIP","floor":38},{"not_picked":["Perfected Strike+1","Pommel Strike+1"],"picked":"SKIP","floor":41},{"not_picked":["Perfected Strike+1"],"picked":"Pommel Strike+1","floor":41},{"not_picked":["Pommel Strike","Perfected Strike+1"],"picked":"SKIP","floor":44},{"not_picked":["Havoc","Headbutt+1"],"picked":"SKIP","floor":46},{"not_picked":["Cleave+1","Burning Pact+1"],"picked":"SKIP","floor":48}],"player_experience":185992,"relics_obtained":[{"floor":6.0,"key":"Dream Catcher"},{"floor":9.0,"key":"Potion Belt"},{"floor":11.0,"key":"Tiny Chest"},{"floor":13.0,"key":"The Courier"},{"floor":14.0,"key":"Sundial"},{"floor":23,"key":"Orichalcum"},{"floor":26,"key":"Question Card"},{"floor":46,"key":"Bottled Lightning"}],"event_choices":[{"cards_removed":["Strike_R"],"damage_healed":0.0,"max_hp_gain":0.0,"max_hp_loss":0.0,"gold_gain":0.0,"event_name":"Living Wall","player_choice":"Forget","floor":2.0,"gold_loss":0.0,"damage_taken":0.0},{"damage_healed":0.0,"max_hp_gain":0.0,"max_hp_loss":0.0,"gold_gain":0.0,"event_name":"Accursed Blacksmith","player_choice":"Forge","floor":4.0,"gold_loss":0.0,"damage_taken":0.0,"cards_upgraded":["Defend_R"]},{"damage_healed":0.0,"max_hp_gain":0.0,"max_hp_loss":0.0,"gold_gain":0.0,"event_name":"The Library","player_choice":"Read","floor":19.0,"gold_loss":0.0,"damage_taken":0.0,"cards_obtained":["Shrug It Off"]},{"damage_healed":0.0,"max_hp_gain":0.0,"max_hp_loss":0.0,"gold_gain":99.0,"event_name":"Nest","player_choice":"Stole From Cult","floor":20.0,"gold_loss":0.0,"damage_taken":0.0},{"damage_healed":0,"gold_gain":0,"player_choice":"Ignored","damage_taken":0,"max_hp_gain":0,"max_hp_loss":0,"event_name":"NoteForYourself","floor":24,"gold_loss":0},{"cards_removed":["Strike_R"],"damage_healed":0,"gold_gain":0,"player_choice":"Offered Basic","damage_taken":0,"max_hp_gain":0,"max_hp_loss":0,"event_name":"Bonfire Elementals","floor":28,"gold_loss":0}],"is_beta":true,"boss_relics":[{"not_picked":["Fusion Hammer","Lizard Tail"],"picked":"Busted Crown"},{"not_picked":["Orrery","Calling Bell"],"picked":"Cursed Key"}],"items_purged_floors":[8,12,36],"is_endless":false,"potions_floor_spawned":[1,3,5,7,13,23,29,35,38],"ascension_level":0}