{"gold_per_floor":[114,132,142,160,115,149,149,161,161,181,193,193,193,37,37,141,141,157,157,157,157,171,203,203,214,214,246,246,263,282,293,293,393,393,411,426,426,426,181,181,213,213,294,394,394,408,408,67,67,67],"floor_reached":51,"playtime":1280,"items_purged":[],"score":717,"play_id":"005be097-6fb9-4227-b2f5-c22cf4c83ee7","local_time":"20180908070748","is_ascension_mode":false,"campfire_choices":[{"floor":7.0,"key":"REST"},{"data":"Demon Form","floor":12.0,"key":"SMITH"},{"data":"Limit Break","floor":15.0,"key":"SMITH"},{"data":"Sword Boomerang","floor":24.0,"key":"SMITH"},{"floor":28.0,"key":"REST"},{"floor":32.0,"key":"REST"},{"data":"Double Tap","floor":40,"key":"SMITH"},{"data":"Bash","floor":45,"key":"SMITH"},{"data":"Twin Strike","floor":49,"key":"SMITH"}],"neow_cost":"PERCENT_DAMAGE","seed_source_timestamp":12216568645772,"circlet_count":0,"master_deck":["Strike_R","Strike_R","Strike_R","Strike_R","Strike_R","Defend_R","Defend_R","Defend_R","Defend_R","Bash+1","Limit Break+1","Sword Boomerang+1","Twin Strike+1","Sword Boomerang+1","Demon Form+1","Offering+1","Twin Strike","Double Tap+1","Rage+1","Trip+1"],"special_seed":0,"relics":["Burning Blood","Self Forming Clay","Lantern","Boot","Black Star","Pen Nib","Juzu Bracelet","Omamori","The Courier","Question Card","Eternal Feather","Torii","Blood Vial","Orichalcum","Tiny Chest","Paper Frog","War Paint"],"potions_floor_usage":[33,50,50],"damage_taken":[{"damage":1.0,"enemies":"Cultist","floor":1.0,"turns":3.0},{"damage":2.0,"enemies":"2 Louse","floor":2.0,"turns":3.0},{"damage":1.0,"enemies":"Jaw Worm","floor":3.0,"turns":3.0},{"damage":6.0,"enemies":"2 Fungi Beasts","floor":4.0,"turns":4.0},{"damage":62.0,"enemies":"Lagavulin","floor":6.0,"turns":7.0},{"damage":12.0,"enemies":"Exordium Wildlife","floor":8.0,"turns":6.0},{"damage":8.0,"enemies":"Red Slaver","floor":10.0,"turns":3.0},{"damage":2.0,"enemies":"2 Fungi Beasts","floor":11.0,"turns":3.0},{"damage":24.0,"enemies":"Hexaghost","floor":16.0,"turns":8.0},{"damage":11.0,"enemies":"3 Byrds","floor":18.0,"turns":3.0},{"damage":6.0,"enemies":"Chosen","floor":22.0,"turns":4.0},{"damage":29.0,"enemies":"Book of Stabbing","floor":23.0,"turns":4.0},{"damage":14.0,"enemies":"Centurion and Healer","floor":25.0,"turns":3.0},{"damage":23.0,"enemies":"Gremlin Leader","floor":27.0,"turns":3.0},{"damage":30.0,"enemies":"Cultist and Chosen","floor":29.0,"turns":5.0},{"damage":6.0,"enemies":"Snecko","floor":30.0,"turns":3.0},{"damage":9.0,"enemies":"Centurion and Healer","floor":31.0,"turns":4.0},{"damage":32,"enemies":"Collector","floor":33,"turns":6},{"damage":25,"enemies":"3 Shapes","floor":35,"turns":8},{"damage":10,"enemies":"Orb Walker","floor":36,"turns":3},{"damage":64,"enemies":"Giant Head","floor":41,"turns":7},{"damage":16,"enemies":"3 Darklings","floor":46,"turns":6},{"damage":68,"enemies":"Time Eater","floor":50,"turns":7}],"seed_played":"-8420040035112084852","potions_obtained":[{"floor":1.0,"key":"GamblersBrew"},{"floor":6.0,"key":"SteroidPotion"},{"floor":8.0,"key":"Dexterity Potion"},{"floor":23.0,"key":"SkillPotion"},{"floor":25.0,"key":"Swift Potion"},{"floor":27.0,"key":"PowerPotion"},{"floor":33,"key":"PowerPotion"},{"floor":36,"key":"Strength Potion"}],"is_trial":false,"path_per_floor":["M","M","M","M","$","E","R","M","T","M","M","R","?","$","R","B",null,"M","$","?","?","M","E","R","M","T","E","R","M","M","M","R","B",null,"M","M","?","?","$","R","E","?","T","?","R","M","?","$","R","B"],"character_chosen":"IRONCLAD","items_purchased":["Sword Boomerang","Boot","Torii","Paper Frog","War Paint"],"campfire_rested":3,"item_purchase_floors":[5,14,39,48,48],"current_hp_per_floor":[61,65,70,70,70,14,38,32,32,30,34,34,34,34,34,16,80,75,75,60,60,60,37,37,29,29,12,37,13,13,10,35,9,85,66,62,62,62,62,71,13,81,81,81,81,71,71,71,81,19],"gold":67,"neow_bonus":"THREE_RARE_CARDS","is_prod":false,"is_daily":false,"chose_seed":false,"campfire_upgraded":6,"win_rate":0,"timestamp":1536379668,"path_taken":["M","M","M","M","$","E","R","?","T","?","M","R","?","$","R","BOSS","M","$","?","?","M","E","R","M","T","E","R","M","M","M","R","BOSS","M","M","?","?","$","R","E","?","T","?","R","M","?","$","R","BOSS"],"build_version":"2018-09-06","purchased_purges":0,"victory":true,"max_hp_per_floor":[80,80,80,80,80,80,80,80,80,80,80,80,80,80,80,80,80,80,80,85,85,85,85,85,85,85,85,85,85,85,85,85,85,85,85,85,81,81,81,81,81,81,81,81,81,81,81,81,81,81],"card_choices":[{"not_picked":["Immolate","Brutality"],"picked":"Limit Break","floor":0.0},{"not_picked":["Burning Pact","Rampage","Perfected Strike"],"picked":"SKIP","floor":1.0},{"not_picked":["Clothesline","Searing Blow","Flame Barrier"],"picked":"SKIP","floor":2.0},{"not_picked":["Thunderclap","Warcry","Pommel Strike"],"picked":"SKIP","floor":3.0},{"not_picked":["Reaper","Uppercut","Shrug It Off"],"picked":"SKIP","floor":4.0},{"not_picked":["Anger","Thunderclap"],"picked":"Twin Strike","floor":6.0},{"not_picked":["Perfected Strike","Havoc"],"picked":"Sword Boomerang","floor":8.0},{"not_picked":["Carnage","Clash","Anger"],"picked":"SKIP","floor":10.0},{"not_picked":["Rage","Cleave"],"picked":"Demon Form","floor":11.0},{"not_picked":["Exhume","Double Tap"],"picked":"Offering","floor":16.0},{"not_picked":["Dual Wield","Flex+1"],"picked":"Rage+1","floor":18.0},{"not_picked":["Evolve","Clash+1","Flex"],"picked":"SKIP","floor":22.0},{"not_picked":["Carnage+1","Spot Weakness+1"],"picked":"Twin Strike","floor":23.0},{"not_picked":["Shrug It Off","Perfected Strike","Anger"],"picked":"SKIP","floor":25.0},{"not_picked":["Searing Blow","Spot Weakness+1","Combust"],"picked":"SKIP","floor":27.0},{"not_picked":["Entrench","Iron Wave","Clothesline","Thunderclap+1"],"picked":"SKIP","floor":29.0},{"not_picked":["Flex+1","Sever Soul","Body Slam","Uppercut"],"picked":"SKIP","floor":30.0},{"not_picked":["Barricade","Flex+1","Headbutt+1","Blood for Blood"],"picked":"SKIP","floor":31.0},{"not_picked":["Barricade","Immolate","Juggernaut"],"picked":"Double Tap","floor":33},{"not_picked":["Pommel Strike+1","Heavy Blade+1","True Grit","Shrug It Off+1"],"picked":"SKIP","floor":35},{"not_picked":["Clothesline+1","Wild Strike","Anger"],"picked":"Rage+1","floor":36},{"not_picked":["Warcry","Uppercut","Armaments+1","Clash"],"picked":"SKIP","floor":41},{"not_picked":["Body Slam","Clash+1","Juggernaut","Blood for Blood"],"picked":"SKIP","floor":46},{"not_picked":["Magnetism","Flash of Steel","Mind Blast"],"picked":"Trip","floor":47}],"player_experience":342073,"relics_obtained":[{"floor":6.0,"key":"Self Forming Clay"},{"floor":9.0,"key":"Lantern"},{"floor":23.0,"key":"Pen Nib"},{"floor":23.0,"key":"Juzu Bracelet"},{"floor":26.0,"key":"Omamori"},{"floor":27.0,"key":"The Courier"},{"floor":27.0,"key":"Question Card"},{"floor":41,"key":"Blood Vial"},{"floor":41,"key":"Orichalcum"},{"floor":43,"key":"Tiny Chest"}],"event_choices":[{"event_name":"Scrap Ooze","player_choice":"unsuccessful","floor":13.0,"damage_taken":0.0},{"event_name":"Forgotten Altar","player_choice":"Shed Blood","floor":20.0,"damage_taken":0.0},{"event_name":"Accursed Blacksmith","player_choice":"Forge","floor":21.0,"damage_taken":0.0},{"event_name":"Winding Halls","player_choice":"Max HP","floor":37,"damage_taken":0},{"event_name":"Falling","player_choice":"Removed Skill","floor":38,"damage_taken":0},{"event_name":"MindBloom","player_choice":"Heal","floor":42,"damage_taken":0},{"event_name":"Golden Shrine","player_choice":"Pray","floor":44,"damage_taken":0},{"event_name":"SensoryStone","player_choice":"Memory 1","floor":47,"damage_taken":0}],"is_beta":false,"boss_relics":[{"not_picked":["Philosopher\u0027s Stone","Runic Dome"],"picked":"Black Star"},{"not_picked":["White Beast Statue","Tiny House"],"picked":"Eternal Feather"}],"items_purged_floors":[],"is_endless":false,"potions_floor_spawned":[1,6,8,11,23,25,27,33,36],"ascension_level":0}