{"gold_per_floor":[117,42,117,67,86,86,112,112,162,9,21,21,21,31,31,136,136,155,181,56,56,71,71,71,90,90,90,90,124,124,144,144,248,248,261,277,277,287,137,137,37,37,37,37,50,150,150,179,179,179],"floor_reached":51,"playtime":1311,"items_purged":["Strike_B","Strike_B","Strike_B","Writhe"],"score":739,"play_id":"b42a2a90-cfd4-439d-bf46-2fd6609ec2d3","local_time":"20190718035733","is_ascension_mode":false,"campfire_choices":[{"data":"Zap","floor":6.0,"key":"SMITH"},{"data":"Dualcast","floor":8.0,"key":"SMITH"},{"data":"Sweeping Beam","floor":13.0,"key":"SMITH"},{"data":"Capacitor","floor":15.0,"key":"SMITH"},{"data":"Rainbow","floor":23.0,"key":"SMITH"},{"data":"Go for the Eyes","floor":28.0,"key":"SMITH"},{"data":"Rip and Tear","floor":30.0,"key":"SMITH"},{"data":"Biased Cognition","floor":32.0,"key":"SMITH"},{"data":"Fission","floor":40.0,"key":"SMITH"},{"data":"Sunder","floor":42.0,"key":"SMITH"},{"data":"FTL","floor":44.0,"key":"SMITH"},{"data":"Rebound","floor":47.0,"key":"SMITH"},{"data":"Defend_B","floor":49,"key":"SMITH"}],"neow_cost":"NONE","seed_source_timestamp":1087457849486,"circlet_count":0,"master_deck":["Defend_B","Defend_B+1","Zap+1","Dualcast+1","Sweeping Beam+1","Cold Snap","Capacitor+1","Cold Snap","Rebound+1","Compile Driver","Rainbow+1","Sweeping Beam+1","FTL+1","Go for the Eyes+1","Beam Cell+1","Rip and Tear+1","Biased Cognition+1","Fission+1","Cold Snap+1","Sunder+1","Cold Snap+1","Shame"],"special_seed":0,"relics":["Cracked Core","NeowsBlessing","Pen Nib","Blood Vial","Cursed Key","Red Mask","Boot","Meat on the Bone","Enchiridion","Ornamental Fan","Busted Crown","Cables","Torii","Ancient Tea Set"],"potions_floor_usage":[48,50,50,50],"damage_taken":[{"damage":0.0,"enemies":"Small Slimes","floor":1.0,"turns":1.0},{"damage":0.0,"enemies":"Jaw Worm","floor":5.0,"turns":1.0},{"damage":0.0,"enemies":"Gremlin Nob","floor":7.0,"turns":1.0},{"damage":2.0,"enemies":"2 Louse","floor":11.0,"turns":2.0},{"damage":10.0,"enemies":"Looter","floor":14.0,"turns":2.0},{"damage":37.0,"enemies":"Hexaghost","floor":16.0,"turns":9.0},{"damage":7.0,"enemies":"2 Thieves","floor":18.0,"turns":2.0},{"damage":22.0,"enemies":"Masked Bandits","floor":19.0,"turns":4.0},{"damage":0.0,"enemies":"3 Byrds","floor":22.0,"turns":3.0},{"damage":0.0,"enemies":"3 Cultists","floor":25.0,"turns":4.0},{"damage":18.0,"enemies":"Slavers","floor":29.0,"turns":3.0},{"damage":0.0,"enemies":"Snecko","floor":31.0,"turns":3.0},{"damage":33.0,"enemies":"Automaton","floor":33.0,"turns":7.0},{"damage":1.0,"enemies":"3 Darklings","floor":35.0,"turns":3.0},{"damage":0.0,"enemies":"3 Shapes","floor":36.0,"turns":5.0},{"damage":0.0,"enemies":"Sphere and 2 Shapes","floor":38.0,"turns":4.0},{"damage":0.0,"enemies":"3 Darklings","floor":45.0,"turns":2.0},{"damage":0.0,"enemies":"Mind Bloom Boss Battle","floor":46.0,"turns":3.0},{"damage":2,"enemies":"Nemesis","floor":48,"turns":5},{"damage":46,"enemies":"Awakened One","floor":50,"turns":9}],"seed_played":"-8474122435323026316","potions_obtained":[{"floor":7.0,"key":"Weak Potion"},{"floor":16.0,"key":"SkillPotion"},{"floor":18.0,"key":"FearPotion"},{"floor":19.0,"key":"Block Potion"},{"floor":31.0,"key":"Block Potion"},{"floor":38.0,"key":"Fruit Juice"},{"floor":46.0,"key":"Block Potion"},{"floor":48,"key":"LiquidBronze"}],"is_trial":false,"path_per_floor":["M","$","?","?","M","R","E","R","T","$","M","?","R","M","R","B",null,"M","?","$","?","M","R","?","M","T","?","R","E","R","M","R","B",null,"M","M","?","M","$","R","$","R","T","R","M","?","R","E","R","B",null],"character_chosen":"DEFECT","items_purchased":["Cold Snap","Swift Potion","SkillPotion"],"campfire_rested":0,"item_purchase_floors":[10,41,41],"current_hp_per_floor":[75,75,64,64,64,64,64,64,64,64,64,69,69,61,61,26,80,73,53,53,53,55,55,55,57,57,41,41,37,37,51,51,32,80,79,80,80,80,80,80,85,85,85,85,85,85,85,83,83,51],"gold":179,"neow_bonus":"THREE_ENEMY_KILL","is_prod":false,"is_daily":false,"chose_seed":false,"campfire_upgraded":13,"win_rate":0,"timestamp":1563443853,"path_taken":["M","$","?","?","M","R","E","R","T","$","M","?","R","M","R","BOSS","M","?","$","?","M","R","?","M","T","?","R","E","R","M","R","BOSS","M","M","?","?","$","R","$","R","T","R","M","?","R","E","R","BOSS"],"build_version":"2019-07-17","purchased_purges":4,"victory":true,"max_hp_per_floor":[75,75,75,75,75,75,75,75,75,75,75,80,80,80,80,80,80,80,80,80,80,80,80,80,80,80,80,80,80,80,80,80,80,80,80,80,80,80,80,80,85,85,85,85,85,85,85,85,85,85],"card_choices":[{"not_picked":["Compile Driver","Undo"],"picked":"Sweeping Beam","floor":1.0},{"not_picked":["White Noise","Rebound"],"picked":"Cold Snap","floor":5.0},{"not_picked":["Go for the Eyes","Coolheaded"],"picked":"Capacitor","floor":7.0},{"not_picked":["Redo","Hologram"],"picked":"Rebound","floor":11.0},{"not_picked":["Stack","Go for the Eyes"],"picked":"Compile Driver","floor":14.0},{"not_picked":["Meteor Strike","Creative AI"],"picked":"Rainbow","floor":16.0},{"not_picked":["Turbo","Skim"],"picked":"Sweeping Beam+1","floor":18.0},{"not_picked":["Storm","Turbo"],"picked":"FTL","floor":19.0},{"not_picked":["Turbo","Lockon"],"picked":"Go for the Eyes","floor":22.0},{"not_picked":["Coolheaded","Redo"],"picked":"Beam Cell+1","floor":25.0},{"not_picked":["Sunder","Stack+1"],"picked":"Rip and Tear","floor":29.0},{"not_picked":["Reprogram+1","Gash"],"picked":"Biased Cognition","floor":31.0},{"not_picked":["Multi-Cast","Machine Learning"],"picked":"Fission","floor":33.0},{"not_picked":["Streamline+1"],"picked":"SKIP","floor":35.0},{"not_picked":[],"picked":"Cold Snap+1","floor":36.0},{"not_picked":[],"picked":"Cold Snap+1","floor":38.0},{"not_picked":["Turbo+1"],"picked":"SKIP","floor":45.0},{"not_picked":["Reprogram"],"picked":"SKIP","floor":48}],"player_experience":1556499,"relics_obtained":[{"floor":7.0,"key":"Pen Nib"},{"floor":9.0,"key":"Blood Vial"},{"floor":19.0,"key":"Red Mask"},{"floor":26.0,"key":"Meat on the Bone"},{"floor":27.0,"key":"Enchiridion"},{"floor":29.0,"key":"Ornamental Fan"},{"floor":43.0,"key":"Cables"},{"floor":46.0,"key":"Torii"},{"floor":48,"key":"Ancient Tea Set"}],"event_choices":[{"damage_healed":0.0,"max_hp_gain":0.0,"max_hp_loss":0.0,"gold_gain":75.0,"event_name":"World of Goop","player_choice":"Gather Gold","floor":3.0,"gold_loss":0.0,"damage_taken":11.0},{"cards_removed":["Defend_B"],"damage_healed":0.0,"max_hp_gain":0.0,"max_hp_loss":0.0,"gold_gain":0.0,"event_name":"The Cleric","player_choice":"Card Removal","floor":4.0,"gold_loss":50.0,"damage_taken":0.0},{"damage_healed":0.0,"max_hp_gain":5.0,"max_hp_loss":0.0,"gold_gain":0.0,"event_name":"Big Fish","player_choice":"Donut","floor":12.0,"gold_loss":0.0,"damage_taken":0.0},{"damage_healed":0.0,"max_hp_gain":0.0,"max_hp_loss":0.0,"gold_gain":0.0,"event_name":"Masked Bandits","player_choice":"Fought Bandits","floor":19.0,"gold_loss":0.0,"damage_taken":0.0},{"cards_removed":["Defend_B"],"damage_healed":0.0,"max_hp_gain":0.0,"max_hp_loss":0.0,"gold_gain":0.0,"event_name":"Back to Basics","player_choice":"Elegance","floor":21.0,"gold_loss":0.0,"damage_taken":0.0},{"damage_healed":0.0,"max_hp_gain":0.0,"max_hp_loss":0.0,"gold_gain":0.0,"event_name":"The Mausoleum","player_choice":"Opened","floor":24.0,"gold_loss":0.0,"damage_taken":0.0,"relics_obtained":["Boot"]},{"damage_healed":0.0,"max_hp_gain":0.0,"max_hp_loss":0.0,"gold_gain":0.0,"event_name":"Cursed Tome","player_choice":"Obtained Book","floor":27.0,"gold_loss":0.0,"damage_taken":16.0},{"damage_healed":0.0,"max_hp_gain":0.0,"max_hp_loss":0.0,"gold_gain":0.0,"cards_transformed":["Strike_B"],"event_name":"Transmorgrifier","player_choice":"Transformed","floor":37.0,"gold_loss":0.0,"damage_taken":0.0,"cards_obtained":["Sunder"]},{"damage_healed":0.0,"max_hp_gain":0.0,"max_hp_loss":0.0,"gold_gain":0.0,"event_name":"MindBloom","player_choice":"Fight","floor":46.0,"gold_loss":0.0,"damage_taken":0.0}],"is_beta":false,"boss_relics":[{"not_picked":["Snecko Eye","Runic Pyramid"],"picked":"Cursed Key"},{"not_picked":["Orrery","Fusion Hammer"],"picked":"Busted Crown"}],"items_purged_floors":[2,10,20,39],"is_endless":false,"potions_floor_spawned":[7,16,18,19,31,38,46,48],"ascension_level":0}