{"gold_per_floor":[111,111,129,154,73,73,73,73,73,10,28,28,63,88,88,88],"floor_reached":16,"playtime":308,"items_purged":[],"score":100,"play_id":"fc771c2a-43c6-4b9d-b5fc-6461ac26dcff","local_time":"20190707200821","is_ascension_mode":false,"campfire_choices":[{"data":"Inflame","floor":6,"key":"SMITH"},{"data":"Defend_R","floor":8,"key":"SMITH"},{"data":"Defend_R","floor":15,"key":"SMITH"}],"neow_cost":"NONE","seed_source_timestamp":72888618197300,"circlet_count":0,"master_deck":["Strike_R","Strike_R","Strike_R","Strike_R","Strike_R","Defend_R","Defend_R+1","Defend_R+1","Defend_R+1","Bash","Inflame+1","Thunderclap"],"relics":["Burning Blood","Golden Idol","Thread and Needle","Lantern"],"potions_floor_usage":[16],"damage_taken":[{"damage":9,"enemies":"Jaw Worm","floor":1,"turns":4},{"damage":0,"enemies":"Cultist","floor":3,"turns":4},{"damage":0,"enemies":"Small Slimes","floor":4,"turns":4},{"damage":0,"enemies":"2 Fungi Beasts","floor":11,"turns":3},{"damage":29,"enemies":"Lagavulin","floor":13,"turns":7},{"damage":1,"enemies":"Red Slaver","floor":14,"turns":2},{"damage":40,"enemies":"The Guardian","floor":16,"turns":12}],"seed_played":"-3751444979872150380","potions_obtained":[{"floor":13,"key":"PowerPotion"}],"is_trial":false,"path_per_floor":["M","?","M","M","$","R","$","R","T","?","M","$","E","M","R","B"],"character_chosen":"IRONCLAD","items_purchased":["Inflame"],"campfire_rested":0,"item_purchase_floors":[5],"current_hp_per_floor":[77,57,63,69,69,69,69,69,69,69,75,75,52,57,57,17],"gold":88,"neow_bonus":"UPGRADE_CARD","is_prod":false,"is_daily":false,"chose_seed":false,"campfire_upgraded":3,"win_rate":0,"timestamp":1562519301,"path_taken":["M","?","M","M","$","R","$","R","T","?","?","?","E","M","R","BOSS"],"build_version":"2019-07-05","purchased_purges":0,"victory":false,"max_hp_per_floor":[80,80,80,80,80,80,80,80,80,80,80,80,80,80,80,80],"card_choices":[{"not_picked":["Armaments","Iron Wave","Flex"],"picked":"SKIP","floor":1},{"not_picked":["Wild Strike","Iron Wave","Bloodletting"],"picked":"SKIP","floor":3},{"not_picked":["Anger","Clothesline","Berserk"],"picked":"SKIP","floor":4},{"not_picked":["Flex","Heavy Blade","Wild Strike"],"picked":"SKIP","floor":11},{"not_picked":["Headbutt","Rampage"],"picked":"Thunderclap","floor":13},{"not_picked":["Evolve","Cleave","Metallicize"],"picked":"SKIP","floor":14}],"player_experience":688655,"relics_obtained":[{"floor":13,"key":"Lantern"}],"event_choices":[{"damage_healed":0,"gold_gain":0,"player_choice":"Take Damage","damage_taken":20,"relics_obtained":["Golden Idol"],"max_hp_gain":0,"max_hp_loss":0,"event_name":"Golden Idol","floor":2,"gold_loss":0},{"damage_healed":0,"gold_gain":0,"player_choice":"Paid Gold","damage_taken":0,"relics_obtained":["Thread and Needle"],"max_hp_gain":0,"max_hp_loss":0,"event_name":"WeMeetAgain","floor":10,"gold_loss":63}],"is_beta":false,"boss_relics":[],"items_purged_floors":[],"is_endless":false,"potions_floor_spawned":[13],"killed_by":"The Guardian","ascension_level":0}