{"path_per_floor":["M","?","?","M","?","R","E","R","T","?","$","R","M","M","R","B",null,"M","?","M","M","M","R","E","R","T","$","M","M","$"],"character_chosen":"THE_SILENT","items_purchased":["Noxious Fumes","Backflip","Snake Skull","Prepared","Deflect"],"gold_per_floor":[119,194,194,211,211,211,242,242,242,242,51,51,66,78,78,182,182,169,169,183,196,208,208,233,233,233,33,51,64,41],"floor_reached":31,"campfire_rested":3,"playtime":3154,"current_hp_per_floor":[56,45,45,45,45,45,38,38,38,38,38,38,32,25,43,29,63,41,41,32,26,2,20,21,42,42,42,33,23,23],"items_purged":["Strike_G"],"gold":41,"play_id":"bbc06f67-6f53-435a-87d9-62416d722bc1","is_prod":false,"is_daily":false,"is_ascension_mode":true,"campfire_upgraded":3,"path_taken":["M","?","?","?","?","R","E","R","T","?","$","R","M","M","R","BOSS","M","?","M","M","M","R","E","R","T","$","?","M","?","M"],"build_version":"2018-01-26-BETA1","purchased_purges":1,"victory":false,"master_deck":["Defend_G","Defend_G","Defend_G","Defend_G","Defend_G","Strike_G","Strike_G","Strike_G","Survivor","Neutralize+1","Venomology+1","Calculated Gamble+1","Flying Knee","Infinite Blades","Noxious Fumes+1","Backflip","Well Laid Plans","Dagger Spray","Tools of the Trade","Noxious Fumes+1","Backflip","Slice+1","Prepared","Noxious Fumes","Deflect"],"max_hp_per_floor":[63,63,63,63,63,63,63,63,63,63,63,63,63,63,63,63,63,63,63,63,63,63,63,73,73,73,73,73,73,73],"relics":["Ring of the Snake","Pen Nib","Darkstone Periapt","Black Star","Ornamental Fan","Pear","Peace Pipe","Snake Skull"],"card_choices":[{"not_picked":["Night Terror","Corpse Explosion"],"picked":"Venomology"},{"not_picked":["Slice","Bouncing Flask"],"picked":"Calculated Gamble"},{"not_picked":["Backstab","Dodge and Roll"],"picked":"Flying Knee"},{"not_picked":["Endless Agony","Dodge and Roll"],"picked":"Infinite Blades"},{"not_picked":["Backflip","Terror"],"picked":"Well Laid Plans"},{"not_picked":["Bane","Deadly Poison"],"picked":"Dagger Spray"},{"not_picked":["Glass Knife","Wraith Form"],"picked":"Tools of the Trade"},{"not_picked":["Quick Slash","Predator"],"picked":"Noxious Fumes"},{"not_picked":["Quick Slash","Dagger Spray"],"picked":"Backflip"},{"not_picked":["Expertise","Outmaneuver"],"picked":"Slice"},{"not_picked":["Dagger Spray","Distraction"],"picked":"Noxious Fumes"}],"player_experience":29086,"potions_floor_usage":[7,14,14,16,18,18,20,21,24,24,29,29,29,31,31,31],"damage_taken":[{"damage":7,"enemies":"Small Slimes","floor":1,"turns":4},{"damage":0,"enemies":"2 Louse","floor":4,"turns":3},{"damage":7,"enemies":"Gremlin Nob","floor":7,"turns":4},{"damage":6,"enemies":"Cultist","floor":13,"turns":4},{"damage":7,"enemies":"Exordium Wildlife","floor":14,"turns":4},{"damage":14,"enemies":"Hexaghost","floor":16,"turns":9},{"damage":22,"enemies":"2 Thieves","floor":18,"turns":4},{"damage":9,"enemies":"Spheric Guardian","floor":20,"turns":6},{"damage":6,"enemies":"Centurion and Healer","floor":21,"turns":6},{"damage":24,"enemies":"Snake Plant","floor":22,"turns":5},{"damage":9,"enemies":"Book of Stabbing","floor":24,"turns":7},{"damage":9,"enemies":"Snecko","floor":28,"turns":5},{"damage":10,"enemies":"3 Cultists","floor":29,"turns":6},{"damage":27,"enemies":"Centurion and Healer","floor":31,"turns":5}],"event_choices":[{"event_name":"World of Goop","player_choice":"Gather Gold","floor":2,"damage_taken":0},{"event_name":"Upgrade Shrine","player_choice":"Upgraded","floor":3,"damage_taken":0},{"event_name":"Living Wall","player_choice":"Forget","floor":5,"damage_taken":0},{"event_name":"Dead Adventurer","player_choice":"Searched \u00270\u0027 times","floor":10,"damage_taken":0},{"event_name":"Upgrade Shrine","player_choice":"Upgraded","floor":19,"damage_taken":0}],"boss_relics":[{"not_picked":["Sozu","The Specimen"],"picked":"Black Star"}],"potions_floor_spawned":[1,4,28,29],"seed_played":"2475499130346505637","killed_by":"Centurion and Healer","ascension_level":2,"is_trial":false}