{"gold_per_floor":[217,91,166,116,130,145,145,45,98,98,114,129,157,171,171,171],"floor_reached":16,"playtime":799,"items_purged":["Strike_R","Strike_R"],"score":102,"play_id":"9f048bcb-c86d-4bda-afe8-b4759b5b609e","local_time":"20190710065340","is_ascension_mode":false,"campfire_choices":[{"data":"Entrench","floor":7,"key":"SMITH"},{"data":"Armaments","floor":15,"key":"SMITH"}],"neow_cost":"NONE","seed_source_timestamp":42735550673420,"circlet_count":0,"master_deck":["Strike_R","Strike_R","Defend_R","Defend_R","Defend_R","Defend_R","Bash","Iron Wave","Pommel Strike","Iron Wave","Entrench+1","Armaments+1","Iron Wave"],"relics":["Burning Blood","Tiny Chest","Centennial Puzzle"],"potions_floor_usage":[12,12,16],"damage_taken":[{"damage":6,"enemies":"2 Louse","floor":1,"turns":3},{"damage":1,"enemies":"Jaw Worm","floor":5,"turns":3},{"damage":0,"enemies":"Small Slimes","floor":6,"turns":3},{"damage":5,"enemies":"Looter","floor":11,"turns":3},{"damage":31,"enemies":"Gremlin Gang","floor":12,"turns":6},{"damage":31,"enemies":"Gremlin Nob","floor":13,"turns":5},{"damage":8,"enemies":"Red Slaver","floor":14,"turns":3},{"damage":55,"enemies":"The Guardian","floor":16,"turns":13}],"seed_played":"6570398635356184955","potions_obtained":[{"floor":1,"key":"SteroidPotion"},{"floor":11,"key":"PowerPotion"},{"floor":13,"key":"SpeedPotion"}],"is_trial":false,"path_per_floor":["M","$","?","?","M","M","R","$","T","?","M","M","E","M","R","B"],"character_chosen":"IRONCLAD","items_purchased":["Pommel Strike"],"campfire_rested":0,"item_purchase_floors":[2],"current_hp_per_floor":[80,80,69,69,74,80,80,80,80,85,85,60,35,33,33,0],"gold":171,"neow_bonus":"HUNDRED_GOLD","is_prod":false,"is_daily":false,"chose_seed":false,"campfire_upgraded":2,"win_rate":0,"timestamp":1562734420,"path_taken":["M","$","?","?","M","M","R","$","T","?","M","M","E","M","R","BOSS"],"build_version":"2019-07-05","purchased_purges":2,"victory":false,"max_hp_per_floor":[80,80,80,80,80,80,80,80,80,85,85,85,85,85,85,85],"card_choices":[{"not_picked":["Uppercut","Thunderclap"],"picked":"Iron Wave","floor":1},{"not_picked":["Flex","Fire Breathing"],"picked":"Iron Wave","floor":5},{"not_picked":["Warcry","Havoc"],"picked":"Entrench","floor":6},{"not_picked":["Corruption","Sword Boomerang"],"picked":"Armaments","floor":11},{"not_picked":["Feel No Pain","Perfected Strike","Warcry"],"picked":"SKIP","floor":12},{"not_picked":["Sentinel","Exhume","Sword Boomerang"],"picked":"SKIP","floor":13},{"not_picked":["Dropkick","Anger"],"picked":"Iron Wave","floor":14}],"player_experience":329745,"relics_obtained":[{"floor":9,"key":"Tiny Chest"},{"floor":13,"key":"Centennial Puzzle"}],"event_choices":[{"damage_healed":0,"gold_gain":75,"player_choice":"Gather Gold","damage_taken":11,"max_hp_gain":0,"max_hp_loss":0,"event_name":"World of Goop","floor":3,"gold_loss":0},{"cards_removed":["Strike_R"],"damage_healed":0,"gold_gain":0,"player_choice":"Card Removal","damage_taken":0,"max_hp_gain":0,"max_hp_loss":0,"event_name":"The Cleric","floor":4,"gold_loss":50},{"damage_healed":0,"gold_gain":0,"player_choice":"Donut","damage_taken":0,"max_hp_gain":5,"max_hp_loss":0,"event_name":"Big Fish","floor":10,"gold_loss":0}],"is_beta":false,"boss_relics":[],"items_purged_floors":[2,8],"is_endless":false,"potions_floor_spawned":[1,11,13],"killed_by":"The Guardian","ascension_level":0}