{"gold_per_floor":[118,69,69,86,86,86,36,70,96,108,139,151,173,185,197,305,317,343,280,379,379,379,379,185,185,209,39,39,39,52,70,70,168,168,185,135,135,135,45,56,56,73,73,88,88,100,100,100,100,100,100,100,28,59,59],"floor_reached":56,"playtime":1423,"items_purged":["Strike_R","Strike_R","Strike_R"],"score":1189,"play_id":"0ac481f8-6875-4454-878d-78e4594289f1","local_time":"20190723170919","is_ascension_mode":false,"campfire_choices":[{"data":"Inflame","floor":6.0,"key":"SMITH"},{"data":"Shrug It Off","floor":10.0,"key":"SMITH"},{"data":"Defend_R","floor":12.0,"key":"SMITH"},{"data":"Defend_R","floor":15.0,"key":"SMITH"},{"data":"Barricade","floor":23,"key":"SMITH"},{"data":"Finesse","floor":25,"key":"SMITH"},{"data":"Sword Boomerang","floor":29,"key":"SMITH"},{"data":"Body Slam","floor":32,"key":"SMITH"},{"data":"Body Slam","floor":41,"key":"SMITH"},{"data":"Defend_R","floor":45,"key":"SMITH"},{"floor":49,"key":"RECALL"},{"data":"Defend_R","floor":52,"key":"SMITH"}],"neow_cost":"NONE","seed_source_timestamp":90174334073600,"circlet_count":0,"master_deck":["Strike_R","Defend_R+1","Defend_R+1","Defend_R+1","Defend_R+1","Inflame+1","Shrug It Off+1","Barricade+1","Finesse+1","Sword Boomerang+1","Body Slam+1","Body Slam+1","Deep Breath","Entrench+1","Battle Trance+1","Ghostly Armor"],"special_seed":0,"relics":["Burning Blood","Pear","Bronze Scales","MawBank","Velvet Choker","Vajra","MutagenicStrength","Coffee Dripper","Bag of Preparation","Happy Flower"],"potions_floor_usage":[31,50,55],"damage_taken":[{"damage":7.0,"enemies":"Small Slimes","floor":1.0,"turns":3.0},{"damage":6.0,"enemies":"Cultist","floor":4.0,"turns":3.0},{"damage":57.0,"enemies":"3 Sentries","floor":8.0,"turns":9.0},{"damage":1.0,"enemies":"Jaw Worm","floor":11.0,"turns":3.0},{"damage":9.0,"enemies":"Blue Slaver","floor":13.0,"turns":4.0},{"damage":29.0,"enemies":"The Guardian","floor":16.0,"turns":15.0},{"damage":0.0,"enemies":"Chosen","floor":18.0,"turns":6.0},{"damage":0,"enemies":"Shell Parasite","floor":30,"turns":5},{"damage":3,"enemies":"Centurion and Healer","floor":31,"turns":5},{"damage":7,"enemies":"Champ","floor":33,"turns":9},{"damage":11,"enemies":"3 Shapes","floor":35,"turns":6},{"damage":0,"enemies":"Orb Walker","floor":40,"turns":2},{"damage":16,"enemies":"Maw","floor":42,"turns":5},{"damage":0,"enemies":"3 Darklings","floor":44,"turns":5},{"damage":0,"enemies":"Jaw Worm Horde","floor":46,"turns":2},{"damage":13,"enemies":"Awakened One","floor":50,"turns":9},{"damage":0,"enemies":"Shield and Spear","floor":54,"turns":7},{"damage":46,"enemies":"The Heart","floor":55,"turns":9}],"seed_played":"-1387535016818514393","potions_obtained":[{"floor":1.0,"key":"Ancient Potion"},{"floor":8.0,"key":"GamblersBrew"},{"floor":13.0,"key":"SteroidPotion"},{"floor":30,"key":"Fire Potion"},{"floor":31,"key":"SteroidPotion"},{"floor":40,"key":"Dexterity Potion"}],"is_trial":false,"path_per_floor":["M","$","?","M","$","R","?","E","T","R","M","R","M","$","R","B",null,"M","$","?","?","?","R","$","R","T","$","?","R","M","M","R","B",null,"M","$","?","?","$","M","R","M","T","M","R","M","$","T","R","B",null,"R","$","E","B",null],"character_chosen":"IRONCLAD","items_purchased":["Shrug It Off","Finesse","Sword Boomerang","Body Slam","Deep Breath","Ghostly Armor"],"campfire_rested":0,"item_purchase_floors":[2,24,27,36,39,53],"current_hp_per_floor":[87,87,97,97,97,97,97,46,46,46,51,51,48,48,48,25,98,98,98,98,98,78,78,78,78,78,78,78,78,84,87,87,86,103,98,98,98,98,98,103,103,93,93,99,99,103,103,103,103,96,103,103,103,103,63],"gold":59,"neow_bonus":"TEN_PERCENT_HP_BONUS","is_prod":false,"is_daily":false,"chose_seed":false,"campfire_upgraded":11,"win_rate":0,"timestamp":1563890959,"path_taken":["M","$","?","?","$","R","?","E","T","R","M","R","M","$","R","BOSS","M","$","?","?","?","R","?","R","T","$","?","R","?","M","R","BOSS","M","$","?","?","$","M","R","M","T","M","R","M","$","?","R","BOSS","R","$","E","BOSS"],"build_version":"2019-07-17","purchased_purges":3,"victory":true,"max_hp_per_floor":[88,88,98,98,98,98,98,98,98,98,98,98,98,98,98,98,98,98,98,98,98,103,103,103,103,103,103,103,103,103,103,103,103,103,103,103,103,103,103,103,103,103,103,103,103,103,103,103,103,103,103,103,103,103,103],"card_choices":[{"not_picked":["Clash","Blood for Blood"],"picked":"Inflame","floor":1.0},{"not_picked":["Blood for Blood","Dual Wield","Pommel Strike"],"picked":"SKIP","floor":4.0},{"not_picked":["Dark Embrace","Rupture","Fire Breathing"],"picked":"SKIP","floor":8.0},{"not_picked":["Clash","Pummel","Wild Strike"],"picked":"SKIP","floor":11.0},{"not_picked":["Havoc","Thunderclap","Headbutt"],"picked":"SKIP","floor":13.0},{"not_picked":["Immolate","Feed"],"picked":"Barricade","floor":16.0},{"not_picked":["Warcry+1","Flex","Thunderclap+1"],"picked":"SKIP","floor":18.0},{"not_picked":["Warcry","Iron Wave"],"picked":"Body Slam","floor":30},{"not_picked":["Flex","Heavy Blade","Iron Wave"],"picked":"SKIP","floor":31},{"not_picked":["Second Wind+1","Disarm+1","Flex"],"picked":"SKIP","floor":35},{"not_picked":["Flex+1","Fire Breathing+1"],"picked":"Entrench+1","floor":40},{"not_picked":["Armaments+1","Havoc+1"],"picked":"Battle Trance+1","floor":42},{"not_picked":["Perfected Strike+1","Iron Wave+1","Evolve"],"picked":"SKIP","floor":44},{"not_picked":["Warcry","Flex","Pommel Strike+1"],"picked":"SKIP","floor":46},{"not_picked":["Blood for Blood+1","Infernal Blade","Uppercut+1"],"picked":"SKIP","floor":54}],"player_experience":741476,"relics_obtained":[{"floor":8.0,"key":"Bronze Scales"},{"floor":9.0,"key":"MawBank"},{"floor":26,"key":"Vajra"},{"floor":43,"key":"Bag of Preparation"},{"floor":54,"key":"Happy Flower"}],"event_choices":[{"damage_healed":0.0,"max_hp_gain":0.0,"max_hp_loss":0.0,"gold_gain":0.0,"event_name":"WeMeetAgain","player_choice":"Gave Potion","floor":3.0,"gold_loss":0.0,"damage_taken":0.0,"relics_obtained":["Pear"]},{"cards_removed":["Strike_R"],"damage_healed":0.0,"max_hp_gain":0.0,"max_hp_loss":0.0,"gold_gain":0.0,"event_name":"The Cleric","player_choice":"Card Removal","floor":7.0,"gold_loss":50.0,"damage_taken":0.0},{"damage_healed":0.0,"max_hp_gain":0.0,"max_hp_loss":0.0,"gold_gain":99.0,"event_name":"Nest","player_choice":"Stole From Cult","floor":20.0,"gold_loss":0.0,"damage_taken":0.0},{"damage_healed":0,"gold_gain":0,"player_choice":"Ignored","damage_taken":0,"max_hp_gain":0,"max_hp_loss":0,"event_name":"The Mausoleum","floor":21,"gold_loss":0},{"damage_healed":0,"gold_gain":0,"player_choice":"Shed Blood","damage_taken":25,"max_hp_gain":5,"max_hp_loss":0,"event_name":"Forgotten Altar","floor":22,"gold_loss":0},{"damage_healed":0,"gold_gain":0,"player_choice":"Inject Mutagens","damage_taken":0,"relics_obtained":["MutagenicStrength"],"max_hp_gain":0,"max_hp_loss":0,"event_name":"Drug Dealer","floor":28,"gold_loss":0},{"damage_healed":0,"gold_gain":0,"player_choice":"Ignored","damage_taken":0,"max_hp_gain":0,"max_hp_loss":0,"event_name":"Tomb of Lord Red Mask","floor":37,"gold_loss":0},{"cards_removed":["Bash"],"damage_healed":0,"gold_gain":0,"player_choice":"Removed Attack","damage_taken":0,"max_hp_gain":0,"max_hp_loss":0,"event_name":"Falling","floor":38,"gold_loss":0}],"is_beta":false,"boss_relics":[{"not_picked":["Orrery","Runic Pyramid"],"picked":"Velvet Choker"},{"not_picked":["White Beast Statue","Tiny House"],"picked":"Coffee Dripper"}],"items_purged_floors":[19,24,27],"is_endless":false,"potions_floor_spawned":[1,8,13,30,31,33,40,42,46],"ascension_level":0}