{"gold_per_floor":[363,124,144,160,173,198,214,240,263,438,438,438,471,108,108,204,204,223,243,123,140,37,37,64,0,0,19,35,35,35,48,48,144,144,160,176,196,209,33,33,33,133,133,144,159,159,173,193,193,193],"floor_reached":51,"playtime":2684,"items_purged":["Doubt"],"score":768,"play_id":"774e89cc-7a22-4eba-9580-7a2c52defe90","local_time":"20180630230812","is_ascension_mode":false,"campfire_choices":[{"floor":12.0,"key":"REST"},{"floor":15.0,"key":"REST"},{"data":"Armaments","floor":23.0,"key":"SMITH"},{"data":"Armaments","floor":29.0,"key":"SMITH"},{"data":"Metallicize","floor":32,"key":"SMITH"},{"data":"Apotheosis","floor":40,"key":"SMITH"},{"data":"Demon Form","floor":46,"key":"SMITH"},{"data":"Metallicize","floor":49,"key":"SMITH"}],"neow_cost":"","seed_source_timestamp":1474022067459,"circlet_count":0,"master_deck":["Defend_R","Defend_R","Defend_R","Defend_R","Bash","Flame Barrier+1","Thunderclap","Shrug It Off","Shrug It Off","Shrug It Off","Shrug It Off","Injury","Sword Boomerang","Entrench","Metallicize+1","Bludgeon","Flame Barrier","Metallicize","Armaments+1","Armaments+1","Metallicize+1","Entrench","Ghostly Armor+1","Bite","Bite","Bite","Bite","Bite","Demon Form+1","Sword Boomerang+1","Iron Wave","Apotheosis+1","Sword Boomerang"],"special_seed":0,"relics":["Burning Blood","Shuriken","Anchor","Bag of Preparation","Vajra","Art of War","Mark of Pain","Omamori","Matryoshka","Sozu","Singing Bowl","Paper Frog"],"potions_floor_usage":[33,50,50],"damage_taken":[{"damage":1.0,"enemies":"2 Louse","floor":1.0,"turns":4.0},{"damage":0.0,"enemies":"Small Slimes","floor":3.0,"turns":3.0},{"damage":1.0,"enemies":"Cultist","floor":4.0,"turns":4.0},{"damage":14.0,"enemies":"Exordium Thugs","floor":5.0,"turns":9.0},{"damage":34.0,"enemies":"Lagavulin","floor":6.0,"turns":8.0},{"damage":1.0,"enemies":"Large Slime","floor":7.0,"turns":7.0},{"damage":31.0,"enemies":"Gremlin Nob","floor":8.0,"turns":6.0},{"damage":22.0,"enemies":"3 Sentries","floor":13.0,"turns":11.0},{"damage":19.0,"enemies":"The Guardian","floor":16.0,"turns":19.0},{"damage":30.0,"enemies":"Chosen","floor":18.0,"turns":5.0},{"damage":9.0,"enemies":"2 Thieves","floor":19.0,"turns":5.0},{"damage":0.0,"enemies":"Sentry and Sphere","floor":21.0,"turns":11.0},{"damage":56.0,"enemies":"Gremlin Leader","floor":24.0,"turns":12.0},{"damage":7.0,"enemies":"3 Cultists","floor":27.0,"turns":9.0},{"damage":7.0,"enemies":"Slaver and Parasite","floor":28.0,"turns":9.0},{"damage":1,"enemies":"Sentry and Sphere","floor":31,"turns":16},{"damage":96,"enemies":"Automaton","floor":33,"turns":20},{"damage":0,"enemies":"3 Shapes","floor":35,"turns":7},{"damage":20,"enemies":"Orb Walker","floor":36,"turns":7},{"damage":0,"enemies":"3 Darklings","floor":37,"turns":12},{"damage":20,"enemies":"Maw","floor":38,"turns":9},{"damage":13,"enemies":"Sphere and 2 Shapes","floor":44,"turns":6},{"damage":0,"enemies":"4 Shapes","floor":45,"turns":8},{"damage":25,"enemies":"3 Darklings","floor":47,"turns":5},{"damage":5,"enemies":"Maw","floor":48,"turns":7},{"damage":89,"enemies":"Awakened One","floor":50,"turns":14}],"seed_played":"-5009488556424107754","potions_obtained":[{"floor":1.0,"key":"Regen Potion"},{"floor":3.0,"key":"LiquidBronze"},{"floor":4.0,"key":"SpeedPotion"},{"floor":16.0,"key":"Swift Potion"},{"floor":19.0,"key":"Ancient Potion"},{"floor":24.0,"key":"FearPotion"},{"floor":28.0,"key":"EssenceOfSteel"},{"floor":33,"key":"Fire Potion"}],"is_trial":false,"path_per_floor":["M","$","M","M","M","E","M","E","T","?","?","R","E","$","R","B",null,"M","M","$","M","$","R","E","?","T","M","M","R","?","M","R","B",null,"M","M","M","M","$","R","$","?","T","M","M","R","M","M","R","B"],"character_chosen":"IRONCLAD","items_purchased":["Shuriken","Entrench","Blood Vial","Metallicize","Metallicize","Armaments","Metallicize","Entrench","Apotheosis"],"campfire_rested":2,"item_purchase_floors":[],"current_hp_per_floor":[45,45,51,56,48,35,40,15,15,15,15,39,23,23,47,36,80,56,55,55,63,63,63,15,15,15,16,17,17,17,62,62,9,80,80,68,80,80,80,80,80,80,80,81,84,84,67,85,85,26],"gold":193,"neow_bonus":"","is_prod":false,"is_daily":false,"chose_seed":false,"campfire_upgraded":6,"win_rate":0,"timestamp":1530389292,"path_taken":["M","$","M","M","M","E","M","E","T","?","?","R","E","$","R","BOSS","M","M","$","M","$","R","E","?","T","?","M","R","?","M","R","BOSS","M","M","M","M","$","R","$","?","T","M","?","R","M","M","R","BOSS"],"build_version":"2018-06-28","purchased_purges":1,"victory":true,"max_hp_per_floor":[80,80,80,80,80,80,80,80,80,80,80,80,80,80,80,80,80,80,80,80,80,80,80,80,80,80,80,80,80,80,80,80,80,80,80,80,80,80,80,80,80,80,80,82,84,84,84,86,86,86],"card_choices":[{"not_picked":["Seeing Red","Metallicize"],"picked":"Flame Barrier","floor":1.0},{"not_picked":["Headbutt","Sword Boomerang"],"picked":"Thunderclap","floor":3.0},{"not_picked":["Iron Wave","Cleave"],"picked":"Shrug It Off","floor":4.0},{"not_picked":["Heavy Blade","Wild Strike"],"picked":"Shrug It Off","floor":5.0},{"not_picked":["Brutality","Feel No Pain","Wild Strike"],"picked":"SKIP","floor":6.0},{"not_picked":["Perfected Strike","Pommel Strike"],"picked":"Shrug It Off","floor":7.0},{"not_picked":["Headbutt","Sever Soul"],"picked":"Shrug It Off","floor":8.0},{"not_picked":["Limit Break","Warcry"],"picked":"Sword Boomerang","floor":13.0},{"not_picked":["Limit Break","Berserk"],"picked":"Bludgeon","floor":16.0},{"not_picked":["Headbutt","True Grit"],"picked":"Flame Barrier","floor":18.0},{"not_picked":["Wild Strike","Heavy Blade","Disarm"],"picked":"SKIP","floor":19.0},{"not_picked":["Thunderclap+1","Clothesline"],"picked":"Armaments","floor":21.0},{"not_picked":["Burning Pact","Intimidate","Hemokinesis"],"picked":"SKIP","floor":24.0},{"not_picked":["Reckless Charge","Thunderclap","Shockwave"],"picked":"SKIP","floor":27.0},{"not_picked":["Flex","Warcry"],"picked":"Ghostly Armor+1","floor":28.0},{"not_picked":["Anger+1","Rampage","Armaments"],"picked":"SKIP","floor":31},{"not_picked":["Immolate","Bludgeon"],"picked":"Demon Form","floor":33},{"not_picked":["Flex","Armaments","Feel No Pain"],"picked":"SKIP","floor":35},{"not_picked":["Wild Strike+1","Bludgeon","Pommel Strike"],"picked":"SKIP","floor":36},{"not_picked":["Seeing Red","Corruption"],"picked":"Sword Boomerang+1","floor":37},{"not_picked":["Cleave","Anger"],"picked":"Iron Wave","floor":38},{"not_picked":["Sentinel+1","Infernal Blade","Wild Strike+1"],"picked":"Singing Bowl","floor":44},{"not_picked":["Second Wind","Flex+1","Feed"],"picked":"Singing Bowl","floor":45},{"not_picked":["Thunderclap","Uppercut+1"],"picked":"Sword Boomerang","floor":47},{"not_picked":["Blood for Blood+1","Iron Wave","Thunderclap"],"picked":"Singing Bowl","floor":48}],"player_experience":175859,"relics_obtained":[{"floor":6.0,"key":"Anchor"},{"floor":8.0,"key":"Bag of Preparation"},{"floor":9.0,"key":"Vajra"},{"floor":13.0,"key":"Art of War"},{"floor":24.0,"key":"Omamori"},{"floor":26.0,"key":"Matryoshka"},{"floor":43,"key":"Singing Bowl"},{"floor":43,"key":"Paper Frog"}],"event_choices":[{"event_name":"Liars Game","player_choice":"agreed","floor":10.0,"damage_taken":0.0},{"event_name":"Accursed Blacksmith","player_choice":"Forge","floor":11.0,"damage_taken":0.0},{"event_name":"Masked Bandits","player_choice":"Paid Bandits 64 gold","floor":25.0,"damage_taken":0.0},{"event_name":"Vampires","player_choice":"Became a vampire (Vial)","floor":30.0,"damage_taken":0.0},{"event_name":"Golden Shrine","player_choice":"Pray","floor":42,"damage_taken":0}],"boss_relics":[{"not_picked":["Empty Cage","White Beast Statue"],"picked":"Mark of Pain"},{"not_picked":["Tiny House","Philosopher\u0027s Stone"],"picked":"Sozu"}],"items_purged_floors":[],"is_endless":false,"potions_floor_spawned":[1,3,4,16,19,24,28,33,36,38,44,45,48],"ascension_level":0}