{"gold_per_floor":[217,15,25,38,48,48,48,48,48,65,75,102,113,288,288,288],"floor_reached":16,"playtime":348,"items_purged":[],"score":129,"play_id":"df64385e-7b5c-4244-82e9-cd658e8f51e2","local_time":"20180629142853","is_ascension_mode":false,"campfire_choices":[{"data":"Perfected Strike","floor":6.0,"key":"SMITH"},{"data":"Bash","floor":8.0,"key":"SMITH"},{"data":"Body Slam","floor":15.0,"key":"SMITH"}],"neow_cost":"","seed_source_timestamp":224784863577393,"circlet_count":0,"master_deck":["Strike_R","Strike_R","Strike_R","Strike_R","Strike_R","Defend_R","Defend_R","Defend_R","Defend_R","Bash+1","Shrug It Off","Perfected Strike+1","Twin Strike","Body Slam+1","Shrug It Off","Limit Break","Doubt"],"special_seed":0,"relics":["Burning Blood","Pen Nib","Meat on the Bone","Juzu Bracelet"],"potions_floor_usage":[16],"damage_taken":[{"damage":10.0,"enemies":"Jaw Worm","floor":1.0,"turns":4.0},{"damage":6.0,"enemies":"Cultist","floor":3.0,"turns":3.0},{"damage":5.0,"enemies":"Small Slimes","floor":4.0,"turns":3.0},{"damage":5.0,"enemies":"Red Slaver","floor":5.0,"turns":4.0},{"damage":10.0,"enemies":"Looter","floor":10.0,"turns":2.0},{"damage":0.0,"enemies":"Large Slime","floor":11.0,"turns":4.0},{"damage":0.0,"enemies":"Lagavulin","floor":12.0,"turns":2.0},{"damage":13.0,"enemies":"Exordium Wildlife","floor":13.0,"turns":4.0},{"damage":77,"enemies":"Hexaghost","floor":16,"turns":9}],"seed_played":"8299713848286895445","potions_obtained":[{"floor":4.0,"key":"AttackPotion"},{"floor":5.0,"key":"Block Potion"},{"floor":10.0,"key":"BloodPotion"},{"floor":13.0,"key":"SpeedPotion"}],"is_trial":false,"path_per_floor":["M","$","M","M","M","R","?","R","T","M","M","E","M","?","R"],"character_chosen":"IRONCLAD","items_purchased":["Pen Nib","Perfected Strike"],"campfire_rested":0,"item_purchase_floors":[],"current_hp_per_floor":[76,76,76,77,78,78,78,78,78,74,80,80,73,73,73,0],"gold":288,"neow_bonus":"","is_prod":false,"is_daily":false,"chose_seed":false,"campfire_upgraded":3,"win_rate":0,"timestamp":1530271733,"path_taken":["M","$","M","M","M","R","?","R","T","M","M","E","M","?","R","BOSS"],"build_version":"2018-06-28","purchased_purges":0,"victory":false,"max_hp_per_floor":[80,80,80,80,80,80,80,80,80,80,80,80,80,80,80,80],"card_choices":[{"not_picked":["Iron Wave","Shockwave"],"picked":"Shrug It Off","floor":1.0},{"not_picked":["Perfected Strike","Sentinel","Anger"],"picked":"SKIP","floor":3.0},{"not_picked":["Clothesline","True Grit","Sentinel"],"picked":"SKIP","floor":4.0},{"not_picked":["Pummel","Havoc"],"picked":"Twin Strike","floor":5.0},{"not_picked":["Burning Pact","Uppercut"],"picked":"Body Slam","floor":10.0},{"not_picked":["Disarm","Dropkick"],"picked":"Shrug It Off","floor":11.0},{"not_picked":["Anger","Ghostly Armor"],"picked":"Limit Break","floor":12.0},{"not_picked":["Bloodletting","Clash","Wild Strike"],"picked":"SKIP","floor":13.0}],"player_experience":167046,"relics_obtained":[{"floor":9.0,"key":"Meat on the Bone"},{"floor":12.0,"key":"Juzu Bracelet"}],"event_choices":[{"event_name":"Purifier","player_choice":"Skipped","floor":7.0,"damage_taken":0.0},{"event_name":"Liars Game","player_choice":"agreed","floor":14.0,"damage_taken":0.0}],"boss_relics":[],"items_purged_floors":[],"is_endless":false,"potions_floor_spawned":[4,5,10,13],"killed_by":"Hexaghost","ascension_level":0}