{"gold_per_floor":[114,130,130,145,145,145,171,122,122,3,20,20,58,82,82,208,208,226,226,28,45,58,58,58,58,58,58,78,78,78,94,94,193,193,213,233,233,153,165,165,165,179,226,226,8,18,18,18,18,18],"floor_reached":51,"playtime":1486,"items_purged":["Strike_R","Strike_R","Decay"],"score":705,"play_id":"c107428b-047d-4273-b542-cb50badd886c","local_time":"20181022061307","is_ascension_mode":false,"campfire_choices":[{"data":"Rampage","floor":6.0,"key":"SMITH"},{"data":"Rampage","floor":15.0,"key":"SMITH"},{"data":"Bash","floor":23.0,"key":"SMITH"},{"data":"Seeing Red","floor":25.0,"key":"SMITH"},{"data":"Demon Form","floor":32.0,"key":"SMITH"},{"data":"Limit Break","floor":40.0,"key":"SMITH"},{"floor":49,"key":"REST"}],"neow_cost":"PERCENT_DAMAGE","seed_source_timestamp":95594500981758,"circlet_count":0,"master_deck":["Strike_R","Defend_R","Defend_R","Defend_R","Defend_R","Bash+1","Dark Shackles","Apotheosis+1","Rampage+1","Shrug It Off","Pommel Strike","Shrug It Off","Flash of Steel","Rampage+1","Feed","Battle Trance","Shrug It Off","Pommel Strike","Seeing Red+1","Demon Form+1","Limit Break+1","Seeing Red","Madness","Madness","Parasite","Decay","Master of Strategy","Whirlwind","Heavy Blade","Parasite"],"special_seed":0,"relics":["Burning Blood","Thread and Needle","The Courier","Bloody Idol","Prayer Wheel","Empty Cage","Vajra","Letter Opener","Cursed Key","Singing Bowl","Juzu Bracelet","Oddly Smooth Stone","Bottled Flame"],"potions_floor_usage":[42,42,50],"damage_taken":[{"damage":2.0,"enemies":"Jaw Worm","floor":1.0,"turns":6.0},{"damage":0.0,"enemies":"2 Louse","floor":2.0,"turns":3.0},{"damage":1.0,"enemies":"Cultist","floor":4.0,"turns":4.0},{"damage":32.0,"enemies":"3 Sentries","floor":7.0,"turns":10.0},{"damage":0.0,"enemies":"Looter","floor":11.0,"turns":3.0},{"damage":21.0,"enemies":"Gremlin Nob","floor":13.0,"turns":4.0},{"damage":0.0,"enemies":"2 Fungi Beasts","floor":14.0,"turns":4.0},{"damage":1.0,"enemies":"Hexaghost","floor":16.0,"turns":8.0},{"damage":18.0,"enemies":"2 Thieves","floor":18.0,"turns":5.0},{"damage":10.0,"enemies":"Shell Parasite","floor":21.0,"turns":5.0},{"damage":4.0,"enemies":"Centurion and Healer","floor":22.0,"turns":7.0},{"damage":0.0,"enemies":"Cultist and Chosen","floor":28.0,"turns":5.0},{"damage":25.0,"enemies":"3 Cultists","floor":31.0,"turns":5.0},{"damage":47.0,"enemies":"Collector","floor":33.0,"turns":8.0},{"damage":2.0,"enemies":"Orb Walker","floor":35.0,"turns":3.0},{"damage":3.0,"enemies":"3 Shapes","floor":36.0,"turns":4.0},{"damage":4.0,"enemies":"Writhing Mass","floor":39.0,"turns":5.0},{"damage":45,"enemies":"4 Shapes","floor":42,"turns":6},{"damage":26,"enemies":"Maw","floor":46,"turns":6},{"damage":32,"enemies":"Time Eater","floor":50,"turns":5}],"seed_played":"-5582033773456648609","potions_obtained":[{"floor":1.0,"key":"PowerPotion"},{"floor":11.0,"key":"Block Potion"},{"floor":13.0,"key":"Poison Potion"},{"floor":21.0,"key":"Dexterity Potion"},{"floor":33.0,"key":"SteroidPotion"},{"floor":35.0,"key":"Block Potion"}],"is_trial":false,"path_per_floor":["M","M","$","M","?","R","E","$","T","$","M","?","E","M","R","B",null,"M","?","$","M","M","R","?","R","T","$","M","?","$","M","R","B",null,"M","M","?","$","M","R","T","M","T","?","$","M","$","T","R","B"],"character_chosen":"IRONCLAD","items_purchased":["Pommel Strike","Shrug It Off","Flash of Steel","Vajra","Shrug It Off","Oddly Smooth Stone"],"campfire_rested":1,"item_purchase_floors":[8,10,10,20,20,45],"current_hp_per_floor":[60,66,66,71,71,71,45,45,45,45,51,51,36,42,42,47,74,66,66,66,67,78,78,78,78,78,78,82,82,82,72,72,36,86,90,94,82,82,89,89,89,62,67,67,67,56,56,56,87,61],"gold":18,"neow_bonus":"RANDOM_COLORLESS_2","is_prod":false,"is_daily":false,"chose_seed":false,"campfire_upgraded":6,"win_rate":0,"timestamp":1540177987,"path_taken":["M","M","$","M","?","R","E","$","T","$","M","?","E","M","R","BOSS","M","?","$","M","M","R","?","R","T","$","M","?","$","?","R","BOSS","M","M","?","$","M","R","?","M","T","?","$","M","?","?","R","BOSS"],"build_version":"2018-10-18","purchased_purges":3,"victory":true,"max_hp_per_floor":[80,80,80,80,80,80,80,80,80,80,80,74,74,74,74,74,74,78,78,78,78,82,82,82,82,82,82,82,82,82,86,86,86,86,90,94,94,94,94,94,94,101,101,101,101,105,105,105,105,105],"card_choices":[{"not_picked":["Ghostly Armor","Clothesline","Headbutt"],"picked":"SKIP","floor":1.0},{"not_picked":["Flex","Pummel","Sword Boomerang"],"picked":"SKIP","floor":2.0},{"not_picked":["Iron Wave","Entrench"],"picked":"Rampage","floor":4.0},{"not_picked":["Heavy Blade","Wild Strike"],"picked":"Shrug It Off","floor":7.0},{"not_picked":["Clothesline","Warcry","Wild Strike"],"picked":"SKIP","floor":11.0},{"not_picked":["Hemokinesis","Twin Strike","Warcry"],"picked":"SKIP","floor":13.0},{"not_picked":["Body Slam","Evolve"],"picked":"Rampage","floor":14.0},{"not_picked":["Body Slam","Clothesline"],"picked":"Feed","floor":14.0},{"not_picked":["True Grit+1","Anger"],"picked":"Battle Trance","floor":18.0},{"not_picked":["Shockwave","Thunderclap","Havoc+1"],"picked":"SKIP","floor":18.0},{"not_picked":["Cleave","Disarm","Headbutt"],"picked":"SKIP","floor":21.0},{"not_picked":["Clothesline+1","Metallicize","Reckless Charge+1"],"picked":"SKIP","floor":21.0},{"not_picked":["Fire Breathing","Whirlwind"],"picked":"Pommel Strike","floor":22.0},{"not_picked":["Clothesline","Twin Strike","Disarm"],"picked":"SKIP","floor":22.0},{"not_picked":["Wild Strike","Flex"],"picked":"Demon Form","floor":28.0},{"not_picked":["Warcry+1","Hemokinesis","True Grit+1"],"picked":"SKIP","floor":28.0},{"not_picked":["Twin Strike","Blood for Blood","Heavy Blade"],"picked":"SKIP","floor":31.0},{"not_picked":["Carnage","Flex+1","Juggernaut"],"picked":"SKIP","floor":31.0},{"not_picked":["Juggernaut","Double Tap"],"picked":"Limit Break","floor":33.0},{"not_picked":["Burning Pact+1","Rupture+1","Metallicize+1"],"picked":"SKIP","floor":35.0},{"not_picked":["Anger","Wild Strike+1","Warcry"],"picked":"SKIP","floor":35.0},{"not_picked":["Flex","Headbutt"],"picked":"Seeing Red","floor":36.0},{"not_picked":["Armaments","Combust+1","Clothesline+1"],"picked":"SKIP","floor":36.0},{"not_picked":["Armaments+1","Entrench+1","Sentinel"],"picked":"SKIP","floor":39.0},{"not_picked":["Clothesline+1","Thunderclap","Headbutt+1"],"picked":"SKIP","floor":39.0},{"not_picked":["Juggernaut","True Grit+1","Twin Strike"],"picked":"Singing Bowl","floor":42},{"not_picked":["Body Slam+1","Flex+1","Metallicize+1"],"picked":"Singing Bowl","floor":42},{"not_picked":["Deep Breath","HandOfGreed"],"picked":"Master of Strategy","floor":44},{"not_picked":["Clothesline+1","Clash+1"],"picked":"Whirlwind","floor":46},{"not_picked":["Sever Soul","Shrug It Off+1"],"picked":"Heavy Blade","floor":46}],"player_experience":427611,"relics_obtained":[{"floor":7.0,"key":"Thread and Needle"},{"floor":9.0,"key":"The Courier"},{"floor":13.0,"key":"Prayer Wheel"},{"floor":26.0,"key":"Letter Opener"},{"floor":41.0,"key":"Singing Bowl"},{"floor":43,"key":"Juzu Bracelet"},{"floor":48,"key":"Bottled Flame"}],"event_choices":[{"damage_healed":0.0,"max_hp_gain":0.0,"max_hp_loss":0.0,"gold_gain":0.0,"event_name":"Living Wall","player_choice":"Grow","floor":5.0,"gold_loss":0.0,"damage_taken":0.0,"cards_upgraded":["Apotheosis"]},{"damage_healed":0.0,"max_hp_gain":0.0,"max_hp_loss":6.0,"gold_gain":0.0,"event_name":"Golden Idol","player_choice":"Lose Max HP","floor":12.0,"gold_loss":0.0,"damage_taken":0.0,"relics_obtained":["Golden Idol"]},{"damage_healed":0.0,"max_hp_gain":0.0,"max_hp_loss":0.0,"gold_gain":0.0,"event_name":"Forgotten Altar","player_choice":"Gave Idol","floor":19.0,"relics_lost":["Golden Idol"],"gold_loss":0.0,"damage_taken":0.0,"relics_obtained":["Bloody Idol"]},{"damage_healed":0.0,"max_hp_gain":0.0,"max_hp_loss":0.0,"gold_gain":0.0,"event_name":"The Library","player_choice":"Read","floor":24.0,"gold_loss":0.0,"damage_taken":0.0,"cards_obtained":["Seeing Red"]},{"damage_healed":0.0,"max_hp_gain":0.0,"max_hp_loss":0.0,"gold_gain":0.0,"event_name":"Vampires","player_choice":"Ignored","floor":29.0,"gold_loss":0.0,"damage_taken":0.0},{"damage_healed":0.0,"max_hp_gain":0.0,"max_hp_loss":0.0,"gold_gain":0.0,"event_name":"Winding Halls","player_choice":"Embrace Madness","floor":37.0,"gold_loss":0.0,"damage_taken":12.0,"cards_obtained":["Madness","Madness"]},{"damage_healed":0,"gold_gain":0,"player_choice":"Memory 1","damage_taken":0,"max_hp_gain":0,"max_hp_loss":0,"event_name":"SensoryStone","floor":44,"gold_loss":0}],"is_beta":false,"boss_relics":[{"not_picked":["Calling Bell","Orrery"],"picked":"Empty Cage"},{"not_picked":["Runic Dome","Pandora\u0027s Box"],"picked":"Cursed Key"}],"items_purged_floors":[20,38,45],"is_endless":false,"potions_floor_spawned":[1,11,13,21,33,35,36],"ascension_level":0}