{"gold_per_floor":[219,235,235,235,250,250,177,177,202,213,4,19,42,84,96,211,223,248,274,209,209,229,229,254,254,254,265,190,139,105,123,123,123],"floor_reached":33,"playtime":870,"items_purged":[],"score":265,"play_id":"12f1ecae-428e-4f1a-8760-8f5252fd1dcd","local_time":"20181112012323","is_ascension_mode":false,"campfire_choices":[{"data":"Zap","floor":6.0,"key":"SMITH"},{"data":"Defragment","floor":15,"key":"SMITH"},{"data":"Seek","floor":23,"key":"SMITH"},{"data":"Self Repair","floor":25,"key":"SMITH"},{"data":"Dualcast","floor":32,"key":"SMITH"}],"neow_cost":"NONE","seed_source_timestamp":314074698623914,"circlet_count":0,"master_deck":["Strike_B+1","Strike_B+1","Defend_B","Defend_B","Defend_B","Defend_B","Zap+1","Dualcast+1","Leap","Defragment+1","Seek+1","Go for the Eyes","Self Repair+1","Ball Lightning","Capacitor"],"special_seed":0,"relics":["Cracked Core","Potion Belt","ClockworkSouvenir","MawBank","Mummified Hand","Velvet Choker","Turnip","Singing Bowl"],"potions_floor_usage":[24,24,24,24,31,33],"damage_taken":[{"damage":1.0,"enemies":"Jaw Worm","floor":1.0,"turns":3.0},{"damage":0.0,"enemies":"2 Louse","floor":2.0,"turns":2.0},{"damage":0.0,"enemies":"Cultist","floor":5.0,"turns":2.0},{"damage":3,"enemies":"3 Louse","floor":10,"turns":3},{"damage":2,"enemies":"Blue Slaver","floor":12,"turns":3},{"damage":18,"enemies":"3 Sentries","floor":14,"turns":7},{"damage":25,"enemies":"The Guardian","floor":16,"turns":13},{"damage":1,"enemies":"Chosen","floor":18,"turns":4},{"damage":18,"enemies":"2 Thieves","floor":19,"turns":4},{"damage":13,"enemies":"Snake Plant","floor":22,"turns":5},{"damage":24,"enemies":"Book of Stabbing","floor":24,"turns":6},{"damage":18,"enemies":"Cultist and Chosen","floor":27,"turns":6},{"damage":7,"enemies":"3 Cultists","floor":31,"turns":5},{"damage":44,"enemies":"Collector","floor":33,"turns":7}],"seed_played":"-6134396343297753650","potions_obtained":[{"floor":1.0,"key":"Block Potion"},{"floor":10,"key":"Swift Potion"},{"floor":12,"key":"Dexterity Potion"},{"floor":22,"key":"Weak Potion"},{"floor":24,"key":"Fire Potion"},{"floor":31,"key":"Strength Potion"}],"is_trial":false,"path_per_floor":["M","M","?","?","M","R","$","?","T","M","$","M","T","E","R","B",null,"M","M","$","?","M","R","E","R","T","M","?","$","$","M","R","B"],"character_chosen":"DEFECT","items_purchased":["Defragment","ClockworkSouvenir","Self Repair","Ball Lightning","Capacitor"],"campfire_rested":0,"item_purchase_floors":[7,11,20,29,30],"current_hp_per_floor":[74,74,59,59,59,59,59,75,75,72,72,70,70,52,52,27,75,74,56,56,56,50,50,33,33,33,27,27,27,27,32,32,0],"gold":123,"neow_bonus":"HUNDRED_GOLD","is_prod":false,"is_daily":false,"chose_seed":false,"campfire_upgraded":5,"win_rate":0,"timestamp":1541978603,"path_taken":["M","M","?","?","?","R","$","?","T","M","$","M","?","E","R","BOSS","M","M","$","?","M","R","E","R","T","M","?","?","$","?","R","BOSS"],"build_version":"2018-11-08","purchased_purges":0,"victory":false,"max_hp_per_floor":[75,75,75,75,75,75,75,75,75,75,75,75,75,75,75,75,75,75,75,75,75,75,75,75,75,75,77,77,77,77,79,79,79],"card_choices":[{"not_picked":["Cold Snap","Skim","Streamline"],"picked":"SKIP","floor":1.0},{"not_picked":["Undo","Hello World","Coolheaded"],"picked":"SKIP","floor":2.0},{"not_picked":["Barrage","Rebound"],"picked":"Leap","floor":5.0},{"not_picked":["Compile Driver","Gash"],"picked":"Seek","floor":10},{"not_picked":["FTL","Force Field"],"picked":"Go for the Eyes","floor":12},{"not_picked":["Sweeping Beam","Lockon","Turbo"],"picked":"SKIP","floor":14},{"not_picked":["Glacier","Turbo+1","Redo"],"picked":"SKIP","floor":18},{"not_picked":["Sunder+1","Beam Cell","Go for the Eyes"],"picked":"SKIP","floor":19},{"not_picked":["Compile Driver+1","Doom and Gloom+1","Coolheaded+1"],"picked":"SKIP","floor":22},{"not_picked":["Static Discharge","Undo+1","Melter"],"picked":"SKIP","floor":24},{"not_picked":["Recycle","Compile Driver+1","Blizzard"],"picked":"Singing Bowl","floor":27},{"not_picked":["Fission","Compile Driver","Heatsinks"],"picked":"Singing Bowl","floor":31}],"player_experience":460559,"relics_obtained":[{"floor":9,"key":"Potion Belt"},{"floor":13,"key":"MawBank"},{"floor":14,"key":"Mummified Hand"},{"floor":24,"key":"Turnip"},{"floor":26,"key":"Singing Bowl"}],"event_choices":[{"damage_healed":0.0,"max_hp_gain":0.0,"max_hp_loss":0.0,"gold_gain":0.0,"event_name":"Shining Light","player_choice":"Entered Light","floor":3.0,"gold_loss":0.0,"damage_taken":15.0,"cards_upgraded":["Strike_B","Strike_B"]},{"cards_removed":["Strike_B"],"damage_healed":0.0,"max_hp_gain":0.0,"max_hp_loss":0.0,"gold_gain":0.0,"event_name":"Bonfire Elementals","player_choice":"Offered Basic","floor":4.0,"gold_loss":0.0,"damage_taken":0.0},{"damage_healed":25,"gold_gain":0,"player_choice":"Banana","damage_taken":0,"max_hp_gain":0,"max_hp_loss":0,"event_name":"Big Fish","floor":8,"gold_loss":0},{"damage_healed":0,"gold_gain":0,"player_choice":"Ignored","damage_taken":0,"max_hp_gain":0,"max_hp_loss":0,"event_name":"Vampires","floor":21,"gold_loss":0},{"cards_removed":["Strike_B"],"damage_healed":0,"gold_gain":0,"player_choice":"Gave Gold","damage_taken":0,"max_hp_gain":0,"max_hp_loss":0,"event_name":"Beggar","floor":28,"gold_loss":75}],"is_beta":false,"boss_relics":[{"not_picked":["Snecko Eye","Empty Cage"],"picked":"Velvet Choker"}],"items_purged_floors":[],"is_endless":false,"potions_floor_spawned":[1,10,12,22,24,31],"killed_by":"Collector","ascension_level":0}