{"path_per_floor":["M","?","?","?","M","M","R","M","T","R","M","$","E","M","R","B",null,"M","?","$","M","?","R","M","R","T","?","R","$","R","M","R","B",null,"M","M","$","?","$","R","M","R","T","?","R","M","R","M","R","B"],"character_chosen":"THE_SILENT","items_purchased":["Well Laid Plans","Accuracy","Infinite Blades","Blur"],"gold_per_floor":[14,14,14,14,32,44,44,59,59,59,69,0,31,48,48,149,149,159,159,17,28,28,28,44,44,67,67,67,28,28,44,44,140,140,155,175,35,35,35,35,55,55,55,55,55,67,67,86,86,86],"floor_reached":51,"campfire_rested":0,"playtime":6413,"current_hp_per_floor":[70,70,70,63,63,63,63,63,63,63,63,63,62,62,62,54,70,54,54,54,54,54,54,54,54,54,54,54,54,54,54,54,53,70,69,66,66,66,66,66,65,65,65,65,65,65,65,65,65,33],"items_purged":["Bane","Glass Knife"],"gold":86,"play_id":"0a6b58bb-fae7-44a0-9b6c-663469a70a9b","is_prod":false,"is_daily":false,"campfire_rituals":0,"campfire_upgraded":13,"is_hardmode":false,"path_taken":["M","?","?","?","M","M","R","M","T","R","M","$","E","?","R","BOSS","M","?","$","?","?","R","M","R","T","?","R","$","R","M","R","BOSS","M","M","$","?","$","R","M","R","T","?","R","M","R","M","R","BOSS"],"build_version":"2018-01-18-PROD4","purchased_purges":2,"victory":true,"master_deck":["Survivor","Neutralize","Prepared","Purity","Infinite Blades","Footwork","Acrobatics","Underhanded Strike","Well Laid Plans","Footwork","Backflip","Tools of the Trade","Blade Dance","Deflect","Dodge and Roll","Slice","Acrobatics","Blade Dance","Quick Slash","Accuracy","Accuracy","Cloak And Dagger","Blur"],"max_hp_per_floor":[70,70,70,70,70,70,70,70,70,70,70,70,70,70,70,70,70,70,70,70,70,70,70,70,70,70,70,70,70,70,70,70,70,70,70,70,70,70,70,70,70,70,70,70,70,70,70,70,70,70],"relics":["Ring of the Snake","Gambling Chip","Thread and Needle","Torii","Pandora\u0027s Box","Bronze Scales","White Beast Statue","Unceasing Top"],"campfire_meditates":0,"card_choices":[{"not_picked":["Deadly Poison","Backflip"],"picked":"Prepared"},{"not_picked":["Doppelganger","Quick Slash"],"picked":"Infinite Blades"},{"not_picked":["Deflect","Bane"],"picked":"Footwork"},{"not_picked":["Concentrate","PiercingWail"],"picked":"Acrobatics"},{"not_picked":["Sucker Punch","Acrobatics"],"picked":"Underhanded Strike"},{"not_picked":["Flechettes","Slice"],"picked":"Footwork"},{"not_picked":["Poisoned Stab","Dodge and Roll"],"picked":"Backflip"},{"not_picked":["Burst","Grand Finale"],"picked":"Tools of the Trade"},{"not_picked":["Bane","Reflex"],"picked":"Cloak And Dagger"}],"player_experience":189122,"potions_floor_usage":[18,33,33,35,46,48,48,50,50],"damage_taken":[{"damage":0,"enemies":"Cultist","floor":1,"turns":5},{"damage":0,"enemies":"Blue Slaver","floor":5,"turns":4},{"damage":0,"enemies":"2 Louse","floor":6,"turns":3},{"damage":0,"enemies":"Lots of Slimes","floor":8,"turns":7},{"damage":0,"enemies":"Large Slime","floor":11,"turns":6},{"damage":1,"enemies":"Lagavulin","floor":13,"turns":7},{"damage":0,"enemies":"Exordium Wildlife","floor":14,"turns":5},{"damage":8,"enemies":"The Guardian","floor":16,"turns":15},{"damage":16,"enemies":"2 Thieves","floor":18,"turns":4},{"damage":0,"enemies":"Shell Parasite","floor":21,"turns":5},{"damage":0,"enemies":"Centurion and Healer","floor":24,"turns":7},{"damage":0,"enemies":"3 Cultists","floor":31,"turns":5},{"damage":1,"enemies":"Collector","floor":33,"turns":9},{"damage":1,"enemies":"3 Darklings","floor":35,"turns":4},{"damage":3,"enemies":"3 Shapes","floor":36,"turns":6},{"damage":1,"enemies":"Maw","floor":41,"turns":7},{"damage":0,"enemies":"Sphere and 2 Shapes","floor":46,"turns":5},{"damage":0,"enemies":"4 Shapes","floor":48,"turns":7},{"damage":32,"enemies":"Time Eater","floor":50,"turns":14}],"event_choices":[{"event_name":"The Cleric","player_choice":"Leave","floor":2,"damage_taken":0},{"event_name":"Match and Keep!","player_choice":"2 cards matched","floor":3,"damage_taken":0},{"event_name":"Golden Wing","player_choice":"Card Removal","floor":4,"damage_taken":0},{"event_name":"The Library","player_choice":"Read","floor":19,"damage_taken":0},{"event_name":"Addict","player_choice":"Ignored","floor":22,"damage_taken":0},{"event_name":"Back to Basics","player_choice":"Elegance","floor":27,"damage_taken":0},{"event_name":"Accursed Blacksmith","player_choice":"Forge","floor":38,"damage_taken":0}],"boss_relics":[{"not_picked":["The Specimen","Runic Pyramid"],"picked":"Pandora\u0027s Box"},{"not_picked":["Eternal Feather","Snecko Eye"],"picked":"White Beast Statue"}],"potions_floor_spawned":[6,14,16,18,21,35,36,41,46,48],"seed_played":"3686785232049315072","is_trial":false}