{"path_per_floor":["M","M","M","M","$","R","$","?","T","E","?","E","R","$","R"],"character_chosen":"IRONCLAD","items_purchased":["Bag of Marbles","Twin Strike"],"gold_per_floor":[117,127,139,158,158,158,3,66,93,127,127,157,157,108,108,108],"floor_reached":16,"campfire_rested":0,"playtime":427,"item_purchase_floors":[7,14],"current_hp_per_floor":[80,80,80,80,80,80,80,70,70,62,44,45,45,45,45,0],"items_purged":[],"gold":108,"score":108,"play_id":"6551fca3-8052-4119-84ac-c109a0ee69ce","local_time":"20180621234413","is_prod":false,"is_daily":false,"chose_seed":false,"is_ascension_mode":false,"campfire_upgraded":3,"win_rate":0,"timestamp":1529613853,"campfire_choices":[{"data":"Fire Breathing","floor":6,"key":"SMITH"},{"data":"Armaments","floor":13,"key":"SMITH"},{"data":"Battle Trance","floor":15,"key":"SMITH"}],"path_taken":["M","M","M","M","$","R","$","?","T","E","?","E","R","$","R","BOSS"],"build_version":"2018-06-14v2","seed_source_timestamp":159634108124160,"purchased_purges":0,"victory":false,"master_deck":["Strike_R","Strike_R","Strike_R","Strike_R","Strike_R","Defend_R+1","Defend_R+1","Defend_R","Defend_R","Bash","Fire Breathing+1","Cleave","Battle Trance+1","Fiend Fire","Armaments+1","Immolate","Twin Strike"],"max_hp_per_floor":[80,80,80,80,80,80,80,82,82,82,82,82,82,82,82,82],"relics":["Burning Blood","War Paint","Bag of Marbles","Singing Bowl","Dream Catcher","Bag of Preparation","Ornamental Fan"],"card_choices":[{"not_picked":["Wild Strike","Anger"],"picked":"Fire Breathing","floor":1},{"not_picked":["Sever Soul","Perfected Strike"],"picked":"Cleave","floor":2},{"not_picked":["Pommel Strike","Carnage"],"picked":"Battle Trance","floor":3},{"not_picked":["Perfected Strike","True Grit"],"picked":"Fiend Fire","floor":4},{"not_picked":["Entrench","Uppercut","Havoc"],"picked":"Singing Bowl","floor":8},{"not_picked":["Wild Strike","Fire Breathing"],"picked":"Armaments","floor":10},{"not_picked":["Anger","Perfected Strike"],"picked":"Immolate","floor":12}],"player_experience":155051,"potions_floor_usage":[8,12],"damage_taken":[{"damage":0,"enemies":"Small Slimes","floor":1,"turns":3},{"damage":5,"enemies":"2 Louse","floor":2,"turns":4},{"damage":0,"enemies":"Cultist","floor":3,"turns":3},{"damage":4,"enemies":"2 Fungi Beasts","floor":4,"turns":3},{"damage":18,"enemies":"Lagavulin Event","floor":8,"turns":5},{"damage":14,"enemies":"Gremlin Nob","floor":10,"turns":3},{"damage":5,"enemies":"Lagavulin","floor":12,"turns":3},{"damage":46,"enemies":"The Guardian","floor":16,"turns":12}],"relics_obtained":[{"floor":8,"key":"Singing Bowl"},{"floor":9,"key":"Dream Catcher"},{"floor":10,"key":"Bag of Preparation"}],"event_choices":[{"event_name":"Dead Adventurer","player_choice":"Searched \u00271\u0027 times","floor":8,"damage_taken":0},{"event_name":"Scrap Ooze","player_choice":"success","floor":11,"damage_taken":18}],"boss_relics":[],"items_purged_floors":[],"is_endless":false,"potions_floor_spawned":[3,8,10],"seed_played":"1353539632238994921","killed_by":"The Guardian","ascension_level":0,"potions_obtained":[{"floor":3,"key":"Explosive Potion"},{"floor":8,"key":"Ancient Potion"},{"floor":10,"key":"Fire Potion"}],"is_trial":false}