{"gold_per_floor":[110,120,140,140,158,158,174,194,243,243,243,275,290,310,310,413,413,423,433,24,40,59,59,59,59,359,274,288,299,299,328,328,425,425,442,245,264,12,62,93,106,136,136,154,154,168,168,168,168,168],"floor_reached":51,"playtime":1968,"items_purged":[],"score":783,"play_id":"c97b2f67-9d0a-489d-afc3-8440dc3593ef","local_time":"20180908064440","is_ascension_mode":false,"campfire_choices":[{"data":"Body Slam","floor":6.0,"key":"SMITH"},{"data":"Flame Barrier","floor":15.0,"key":"SMITH"},{"data":"Demon Form","floor":25.0,"key":"SMITH"},{"data":"Panache","floor":30.0,"key":"SMITH"},{"floor":32.0,"key":"REST"},{"data":"Barricade","floor":45,"key":"SMITH"},{"data":"Seeing Red","floor":47,"key":"SMITH"},{"floor":49,"key":"REST"}],"neow_cost":"TEN_PERCENT_HP_LOSS","seed_source_timestamp":10034359873968,"circlet_count":0,"master_deck":["Strike_R","Strike_R","Strike_R","Strike_R+1","Defend_R","Defend_R+1","Defend_R","Defend_R","Bash","Body Slam+1","Flame Barrier+1","Demon Form+1","Armaments+1","Panache+1","Shrug It Off","Barricade+1","Flame Barrier+1","Seeing Red+1","Entrench+1","Clumsy"],"special_seed":0,"relics":["Black Blood","Gambling Chip","Bronze Scales","Letter Opener","Dodecahedron","Lee\u0027s Waffle","Old Coin","Red Skull","Pantograph","Cursed Key","ClockworkSouvenir","Mercury Hourglass","Mango","Bottled Tornado","Mummified Hand","Darkstone Periapt"],"potions_floor_usage":[44,44,50],"damage_taken":[{"damage":9.0,"enemies":"Jaw Worm","floor":1.0,"turns":5.0},{"damage":0.0,"enemies":"Small Slimes","floor":2.0,"turns":3.0},{"damage":6.0,"enemies":"2 Louse","floor":3.0,"turns":3.0},{"damage":6.0,"enemies":"Large Slime","floor":5.0,"turns":10.0},{"damage":7.0,"enemies":"3 Louse","floor":7.0,"turns":4.0},{"damage":8.0,"enemies":"2 Fungi Beasts","floor":8.0,"turns":5.0},{"damage":28.0,"enemies":"Gremlin Nob","floor":12.0,"turns":4.0},{"damage":0.0,"enemies":"Blue Slaver","floor":13.0,"turns":3.0},{"damage":8.0,"enemies":"Exordium Thugs","floor":14.0,"turns":4.0},{"damage":25.0,"enemies":"The Guardian","floor":16.0,"turns":13.0},{"damage":12.0,"enemies":"Shell Parasite","floor":18.0,"turns":5.0},{"damage":20.0,"enemies":"Spheric Guardian","floor":19.0,"turns":4.0},{"damage":9.0,"enemies":"Centurion and Healer","floor":21.0,"turns":4.0},{"damage":8.0,"enemies":"Snake Plant","floor":22.0,"turns":3.0},{"damage":3.0,"enemies":"3 Cultists","floor":28.0,"turns":5.0},{"damage":18.0,"enemies":"Sentry and Sphere","floor":29.0,"turns":5.0},{"damage":62.0,"enemies":"Slavers","floor":31.0,"turns":6.0},{"damage":52.0,"enemies":"Collector","floor":33.0,"turns":9.0},{"damage":7.0,"enemies":"3 Shapes","floor":35.0,"turns":10.0},{"damage":0.0,"enemies":"3 Darklings","floor":37.0,"turns":5.0},{"damage":19.0,"enemies":"Mysterious Sphere","floor":39.0,"turns":7.0},{"damage":39.0,"enemies":"Nemesis","floor":40.0,"turns":7.0},{"damage":3.0,"enemies":"Reptomancer","floor":41.0,"turns":9.0},{"damage":51.0,"enemies":"2 Orb Walkers","floor":42.0,"turns":5.0},{"damage":11,"enemies":"Transient","floor":44,"turns":5},{"damage":0,"enemies":"Maw","floor":46,"turns":8},{"damage":70,"enemies":"Donu and Deca","floor":50,"turns":10}],"seed_played":"6850040525920687950","potions_obtained":[{"floor":3.0,"key":"EntropicBrew"},{"floor":12.0,"key":"BloodPotion"},{"floor":13.0,"key":"SteroidPotion"},{"floor":14.0,"key":"Regen Potion"},{"floor":16.0,"key":"Fire Potion"},{"floor":19.0,"key":"SkillPotion"},{"floor":40.0,"key":"LiquidBronze"},{"floor":42.0,"key":"Regen Potion"}],"is_trial":false,"path_per_floor":["M","M","M","$","M","R","M","M","T","?","?","E","M","M","R","B",null,"M","M","$","M","M","?","?","R","T","?","M","M","R","E","R","B",null,"M","$","M","$","?","E","M","E","T","M","R","M","R","?","R","B"],"character_chosen":"IRONCLAD","items_purchased":["Lee\u0027s Waffle","Panache","ClockworkSouvenir","Mercury Hourglass"],"campfire_rested":2,"item_purchase_floors":[20,20,36,38],"current_hp_per_floor":[69,72,72,72,72,72,71,69,69,55,55,33,39,37,37,33,72,70,60,79,79,79,79,79,79,79,79,79,71,71,19,42,25,79,79,79,79,79,84,55,62,30,30,44,44,54,54,54,81,33],"gold":168,"neow_bonus":"ONE_RARE_RELIC","is_prod":false,"is_daily":false,"chose_seed":false,"campfire_upgraded":6,"win_rate":0,"timestamp":1536378280,"path_taken":["M","M","M","$","M","R","M","M","T","?","?","E","?","M","R","BOSS","M","?","$","M","?","?","?","R","T","?","?","M","R","E","R","BOSS","M","$","M","$","?","E","M","E","T","M","R","M","R","?","R","BOSS"],"build_version":"2018-09-06","purchased_purges":0,"victory":true,"max_hp_per_floor":[72,72,72,72,72,72,72,72,72,72,72,72,72,72,72,72,72,72,72,79,79,79,79,79,79,79,79,79,79,79,79,79,79,79,79,79,79,79,93,93,93,93,93,93,93,93,93,93,93,93],"card_choices":[{"not_picked":["Headbutt","Rupture","Rampage"],"picked":"SKIP","floor":1.0},{"not_picked":["Cleave","Clash"],"picked":"Body Slam","floor":2.0},{"not_picked":["Warcry","Combust","Havoc"],"picked":"SKIP","floor":3.0},{"not_picked":["Rampage","Sever Soul","Sword Boomerang"],"picked":"SKIP","floor":5.0},{"not_picked":["Blood for Blood","Cleave","Power Through"],"picked":"SKIP","floor":7.0},{"not_picked":["Warcry","Body Slam"],"picked":"Flame Barrier","floor":8.0},{"not_picked":["Clash","Intimidate","Hemokinesis"],"picked":"SKIP","floor":12.0},{"not_picked":["Sword Boomerang","Clash","Heavy Blade"],"picked":"SKIP","floor":13.0},{"not_picked":["Cleave","Power Through","Perfected Strike"],"picked":"SKIP","floor":14.0},{"not_picked":["Limit Break","Offering"],"picked":"Demon Form","floor":16.0},{"not_picked":["Iron Wave","Perfected Strike+1","Heavy Blade"],"picked":"SKIP","floor":18.0},{"not_picked":["True Grit","Havoc"],"picked":"Armaments+1","floor":19.0},{"not_picked":["Perfected Strike","Inflame","Wild Strike"],"picked":"SKIP","floor":21.0},{"not_picked":["Clothesline","Power Through","Perfected Strike+1"],"picked":"SKIP","floor":22.0},{"not_picked":["Searing Blow","Headbutt","Bloodletting"],"picked":"SKIP","floor":28.0},{"not_picked":["Clash","Anger","Metallicize"],"picked":"SKIP","floor":29.0},{"not_picked":["Second Wind+1","Anger+1"],"picked":"Shrug It Off","floor":31.0},{"not_picked":["Limit Break","Offering"],"picked":"Barricade","floor":33.0},{"not_picked":["Thunderclap","Clothesline+1"],"picked":"Flame Barrier+1","floor":35.0},{"not_picked":["Thunderclap","Burning Pact","Shockwave+1"],"picked":"SKIP","floor":37.0},{"not_picked":["Corruption+1","Thunderclap+1","Perfected Strike"],"picked":"SKIP","floor":40.0},{"not_picked":["Iron Wave","Sword Boomerang+1"],"picked":"Seeing Red","floor":41.0},{"not_picked":["Berserk","Havoc+1"],"picked":"Entrench+1","floor":42.0},{"not_picked":["Headbutt+1","Sword Boomerang+1","Anger"],"picked":"SKIP","floor":44},{"not_picked":["Perfected Strike+1","Pommel Strike","Evolve+1"],"picked":"SKIP","floor":46}],"player_experience":340105,"relics_obtained":[{"floor":9.0,"key":"Bronze Scales"},{"floor":12.0,"key":"Dodecahedron"},{"floor":26.0,"key":"Old Coin"},{"floor":31.0,"key":"Pantograph"},{"floor":39.0,"key":"Mango"},{"floor":40.0,"key":"Bottled Tornado"},{"floor":42.0,"key":"Mummified Hand"},{"floor":43.0,"key":"Darkstone Periapt"}],"event_choices":[{"event_name":"Shining Light","player_choice":"Entered Light","floor":10.0,"damage_taken":0.0},{"event_name":"Dead Adventurer","player_choice":"Searched \u00272\u0027 times","floor":11.0,"damage_taken":0.0},{"event_name":"Purifier","player_choice":"One Purge","floor":23.0,"damage_taken":0.0},{"event_name":"N\u0027loth","player_choice":"Ignored","floor":24.0,"damage_taken":0.0},{"event_name":"Addict","player_choice":"Obtained Relic","floor":27.0,"damage_taken":0.0},{"event_name":"Mysterious Sphere","player_choice":"Fight","floor":39.0,"damage_taken":0.0},{"event_name":"SensoryStone","player_choice":"Memory 1","floor":48,"damage_taken":0}],"is_beta":false,"boss_relics":[{"not_picked":["Astrolabe","Snecko Eye"],"picked":"Black Blood"},{"not_picked":["Runic Dome","Black Star"],"picked":"Cursed Key"}],"items_purged_floors":[],"is_endless":false,"potions_floor_spawned":[3,12,13,14,16,18,19,22,29,40,42],"ascension_level":0}