{"gold_per_floor":[367,33,33,33,56,87,87,87,110,124,143,183,196,271,271,271],"floor_reached":16,"playtime":459,"items_purged":["Regret"],"score":110,"play_id":"22f99977-4220-4da8-ba57-142a4abd5f2c","local_time":"20181021151916","is_ascension_mode":false,"campfire_choices":[{"floor":8,"key":"REST"},{"floor":15,"key":"REST"}],"neow_cost":"CURSE","seed_source_timestamp":43126712387171,"circlet_count":0,"master_deck":["Strike_R","Strike_R","Strike_R","Strike_R","Strike_R","Defend_R","Defend_R","Defend_R","Defend_R","Bash","Battle Trance","Sword Boomerang+1"],"relics":["Burning Blood","Membership Card","Golden Idol","Happy Flower","Potion Belt","Gambling Chip"],"potions_floor_usage":[6,12,12],"damage_taken":[{"damage":5,"enemies":"2 Louse","floor":1,"turns":2},{"damage":10,"enemies":"Small Slimes","floor":5,"turns":3},{"damage":28,"enemies":"Gremlin Nob","floor":6,"turns":4},{"damage":1,"enemies":"Cultist","floor":10,"turns":3},{"damage":20,"enemies":"Lots of Slimes","floor":11,"turns":3},{"damage":24,"enemies":"3 Sentries","floor":12,"turns":10},{"damage":15,"enemies":"Gremlin Gang","floor":13,"turns":8},{"damage":44,"enemies":"Hexaghost","floor":16,"turns":7}],"seed_played":"-8162016352424506906","potions_obtained":[{"floor":5,"key":"LiquidBronze"},{"floor":6,"key":"PowerPotion"},{"floor":10,"key":"BloodPotion"}],"is_trial":false,"path_per_floor":["M","$","?","?","M","E","$","R","T","M","M","E","M","?","R"],"character_chosen":"IRONCLAD","items_purchased":["Membership Card","Battle Trance","Sword Boomerang"],"campfire_rested":2,"item_purchase_floors":[2,2,2],"current_hp_per_floor":[80,80,60,60,56,34,34,58,58,63,49,39,30,19,43,0],"gold":271,"neow_bonus":"TWO_FIFTY_GOLD","is_prod":false,"is_daily":false,"chose_seed":false,"campfire_upgraded":0,"win_rate":0,"timestamp":1540124356,"path_taken":["M","$","?","?","?","E","$","R","T","M","M","E","M","?","R","BOSS"],"build_version":"2018-10-18","purchased_purges":1,"victory":false,"max_hp_per_floor":[80,80,80,80,80,80,80,80,80,80,80,80,80,80,80,80],"card_choices":[{"not_picked":["Body Slam","Power Through","Flex"],"picked":"SKIP","floor":1},{"not_picked":["Heavy Blade","Clash","Bloodletting"],"picked":"SKIP","floor":5},{"not_picked":["Headbutt","Armaments","Evolve"],"picked":"SKIP","floor":6},{"not_picked":["Infernal Blade","True Grit","Carnage"],"picked":"SKIP","floor":10},{"not_picked":["Perfected Strike","Reckless Charge","Bludgeon"],"picked":"SKIP","floor":11},{"not_picked":["Entrench","Flame Barrier","Cleave"],"picked":"SKIP","floor":12},{"not_picked":["Perfected Strike","Body Slam","Thunderclap"],"picked":"SKIP","floor":13}],"player_experience":420835,"relics_obtained":[{"floor":6,"key":"Happy Flower"},{"floor":9,"key":"Potion Belt"},{"floor":12,"key":"Gambling Chip"}],"event_choices":[{"damage_healed":0,"gold_gain":0,"player_choice":"Take Damage","damage_taken":20,"relics_obtained":["Golden Idol"],"max_hp_gain":0,"max_hp_loss":0,"event_name":"Golden Idol","floor":3,"gold_loss":0},{"damage_healed":0,"gold_gain":0,"player_choice":"Forge","damage_taken":0,"max_hp_gain":0,"max_hp_loss":0,"event_name":"Accursed Blacksmith","floor":4,"gold_loss":0,"cards_upgraded":["Sword Boomerang"]},{"damage_healed":0,"gold_gain":75,"player_choice":"Gather Gold","damage_taken":11,"max_hp_gain":0,"max_hp_loss":0,"event_name":"World of Goop","floor":14,"gold_loss":0}],"is_beta":false,"boss_relics":[],"items_purged_floors":[2],"is_endless":false,"potions_floor_spawned":[5,6,10],"killed_by":"Hexaghost","ascension_level":0}