{"gold_per_floor":[133,169,209,64,64,82,82,141,141,141,141,196,250,320,332,447,509,591,641,720,771,783,795,24,24,24,24,24,54,65,101,101,226,226,271,313,359,404,76,76,102,156,204,223,235,250,285,323,323,323],"floor_reached":51,"playtime":2546,"items_purged":["Strike_R","Berserk"],"score":830,"play_id":"4ac58cce-530d-4d98-b37a-84e756079f34","local_time":"20190131103540","daily_mods":["Vintage","Allstar","Uncertain Future"],"is_ascension_mode":false,"campfire_choices":[{"data":"Secret Weapon","floor":7,"key":"SMITH"},{"data":"HandOfGreed","floor":11,"key":"SMITH"},{"data":"Magnetism","floor":15,"key":"SMITH"},{"data":"Juggernaut","floor":23,"key":"SMITH"},{"data":"Iron Wave","floor":25,"key":"SMITH"},{"data":"Bite","floor":32,"key":"SMITH"},{"data":"Metallicize","floor":40,"key":"SMITH"},{"data":"Bite","floor":49,"key":"SMITH"}],"neow_cost":"","seed_source_timestamp":31770121488373,"circlet_count":0,"master_deck":["Defend_R","Defend_R","Defend_R","Defend_R","Bash","HandOfGreed+1","Secret Weapon+1","Trip","Magnetism+1","Bandage Up","Offering+1","Juggernaut+1","Thunderclap","Iron Wave+1","Bite+1","Bite+1","Bite+1","Bite+1","Bite","Metallicize+1"],"relics":["Burning Blood","Boot","Mercury Hourglass","Self Forming Clay","Vajra","Paper Frog","Pen Nib","Bottled Flame","Singing Bowl","Letter Opener","MawBank","Tiny House","Oddly Smooth Stone","Happy Flower","Pantograph","Shuriken","Bag of Marbles","Ornamental Fan","TheAbacus","Bottled Lightning","PreservedInsect","Blue Candle","Ancient Tea Set","Sozu","Turnip","Anchor","Unceasing Top","Pear","Bag of Preparation","Bronze Scales","Whetstone","Lantern","Du-Vu Doll","Gremlin Horn","Potion Belt","The Courier","Question Card"],"potions_floor_usage":[12,20,21,33,50,50,50],"damage_taken":[{"damage":5,"enemies":"Small Slimes","floor":1,"turns":4},{"damage":20,"enemies":"Jaw Worm","floor":2,"turns":4},{"damage":0,"enemies":"2 Louse","floor":3,"turns":2},{"damage":6,"enemies":"Exordium Wildlife","floor":6,"turns":4},{"damage":11,"enemies":"Gremlin Gang","floor":8,"turns":5},{"damage":13,"enemies":"Gremlin Nob","floor":12,"turns":3},{"damage":9,"enemies":"Exordium Thugs","floor":14,"turns":4},{"damage":33,"enemies":"Hexaghost","floor":16,"turns":8},{"damage":11,"enemies":"3 Byrds","floor":18,"turns":3},{"damage":6,"enemies":"Spheric Guardian","floor":19,"turns":2},{"damage":21,"enemies":"Centurion and Healer","floor":20,"turns":4},{"damage":6,"enemies":"Snecko","floor":21,"turns":3},{"damage":9,"enemies":"Book of Stabbing","floor":29,"turns":3},{"damage":1,"enemies":"Snake Plant","floor":30,"turns":3},{"damage":10,"enemies":"Centurion and Healer","floor":31,"turns":2},{"damage":61,"enemies":"Champ","floor":33,"turns":7},{"damage":10,"enemies":"3 Shapes","floor":35,"turns":2},{"damage":6,"enemies":"Orb Walker","floor":36,"turns":1},{"damage":29,"enemies":"2 Orb Walkers","floor":37,"turns":4},{"damage":10,"enemies":"Spire Growth","floor":38,"turns":4},{"damage":36,"enemies":"Nemesis","floor":41,"turns":3},{"damage":6,"enemies":"Sphere and 2 Shapes","floor":44,"turns":3},{"damage":5,"enemies":"3 Darklings","floor":45,"turns":4},{"damage":6,"enemies":"Jaw Worm Horde","floor":46,"turns":2},{"damage":0,"enemies":"4 Shapes","floor":47,"turns":2},{"damage":6,"enemies":"Sphere and 2 Shapes","floor":48,"turns":3},{"damage":14,"enemies":"Donu and Deca","floor":50,"turns":5}],"seed_played":"-4164958291371068889","potions_obtained":[{"floor":1,"key":"GamblersBrew"},{"floor":6,"key":"BloodPotion"},{"floor":12,"key":"Ancient Potion"},{"floor":17,"key":"BloodPotion"},{"floor":18,"key":"Strength Potion"},{"floor":29,"key":"Dexterity Potion"},{"floor":33,"key":"Strength Potion"}],"is_trial":true,"path_per_floor":["M","M","M","$","?","M","R","M","T","?","R","E","T","M","R","B",null,"M","M","M","M","?","R","$","R","T","?","$","E","M","M","R","B",null,"M","M","?","M","$","R","E","T","T","M","M","M","M","M","R","B",null],"character_chosen":"IRONCLAD","items_purchased":["Vajra","Bag of Marbles","Iron Wave","Ornamental Fan","Energy Potion","TheAbacus","Bag of Preparation","Metallicize"],"campfire_rested":0,"item_purchase_floors":[4,24,24,24,24,24,39,39],"current_hp_per_floor":[80,70,80,80,85,85,85,84,84,77,77,74,74,77,77,56,90,89,90,84,90,90,90,90,90,90,90,90,92,92,92,92,60,92,92,92,79,99,99,99,87,87,87,103,106,106,106,106,106,106],"gold":323,"neow_bonus":"","is_prod":false,"is_daily":false,"chose_seed":false,"campfire_upgraded":8,"win_rate":0,"timestamp":1548927340,"path_taken":["M","M","M","$","?","M","R","M","T","?","R","E","?","M","R","BOSS","M","M","M","M","?","R","$","R","T","?","?","E","M","M","R","BOSS","M","?","?","M","$","R","E","?","T","M","M","M","M","M","R","BOSS"],"build_version":"2019-01-23","purchased_purges":2,"victory":true,"max_hp_per_floor":[80,80,80,80,85,85,85,85,85,85,85,85,85,85,85,85,90,90,90,90,90,90,90,90,90,90,90,90,92,92,92,92,92,92,92,92,94,104,104,104,106,106,106,106,106,106,106,106,106,106],"card_choices":[{"not_picked":["Flex","Warcry"],"picked":"Offering","floor":12},{"not_picked":["Brutality","Dark Embrace"],"picked":"Juggernaut","floor":16},{"not_picked":["Heavy Blade","Sword Boomerang"],"picked":"Thunderclap","floor":17},{"not_picked":["Perfected Strike","Bloodletting","Flex"],"picked":"Singing Bowl","floor":29},{"not_picked":["Dark Embrace","Double Tap"],"picked":"Berserk","floor":33},{"not_picked":["Combust+1","Infernal Blade","Body Slam"],"picked":"Singing Bowl","floor":37},{"not_picked":["Flex+1","Clothesline+1","Reaper"],"picked":"Singing Bowl","floor":41}],"player_experience":247936,"relics_obtained":[{"floor":1,"key":"Boot"},{"floor":2,"key":"Mercury Hourglass"},{"floor":3,"key":"Self Forming Clay"},{"floor":6,"key":"Paper Frog"},{"floor":8,"key":"Pen Nib"},{"floor":9,"key":"Bottled Flame"},{"floor":12,"key":"Letter Opener"},{"floor":13,"key":"Blood Vial"},{"floor":14,"key":"MawBank"},{"floor":18,"key":"Oddly Smooth Stone"},{"floor":19,"key":"Happy Flower"},{"floor":20,"key":"Pantograph"},{"floor":21,"key":"Shuriken"},{"floor":26,"key":"Bottled Lightning"},{"floor":29,"key":"PreservedInsect"},{"floor":30,"key":"Blue Candle"},{"floor":31,"key":"Ancient Tea Set"},{"floor":35,"key":"Turnip"},{"floor":36,"key":"Anchor"},{"floor":37,"key":"Unceasing Top"},{"floor":38,"key":"Pear"},{"floor":41,"key":"Bronze Scales"},{"floor":42,"key":"Whetstone"},{"floor":43,"key":"Lantern"},{"floor":44,"key":"Du-Vu Doll"},{"floor":45,"key":"Gremlin Horn"},{"floor":46,"key":"Potion Belt"},{"floor":47,"key":"The Courier"},{"floor":48,"key":"Question Card"}],"event_choices":[{"damage_healed":0,"gold_gain":0,"player_choice":"Donut","damage_taken":0,"max_hp_gain":5,"max_hp_loss":0,"event_name":"Big Fish","floor":5,"gold_loss":0},{"damage_healed":0,"gold_gain":0,"player_choice":"Success","damage_taken":7,"relics_obtained":["Singing Bowl"],"max_hp_gain":0,"max_hp_loss":0,"event_name":"Scrap Ooze","floor":10,"gold_loss":0},{"damage_healed":0,"gold_gain":0,"player_choice":"Ignored","damage_taken":0,"max_hp_gain":0,"max_hp_loss":0,"event_name":"Ghosts","floor":22,"gold_loss":0},{"damage_healed":0,"gold_gain":0,"player_choice":"Became a vampire (Vial)","damage_taken":0,"max_hp_gain":0,"max_hp_loss":0,"event_name":"Vampires","floor":27,"relics_lost":["Blood Vial"],"gold_loss":0,"cards_obtained":["Bite","Bite","Bite","Bite","Bite"]},{"damage_healed":0,"gold_gain":0,"player_choice":"Fight","damage_taken":0,"max_hp_gain":0,"max_hp_loss":0,"event_name":"Mysterious Sphere","floor":37,"gold_loss":0}],"is_beta":false,"boss_relics":[{"not_picked":["Cursed Key","Ectoplasm"],"picked":"Tiny House"},{"not_picked":["Black Star","Velvet Choker"],"picked":"Sozu"}],"items_purged_floors":[24,39],"is_endless":false,"potions_floor_spawned":[1,6,12,18,19,29,33,35,36,41,44,48],"ascension_level":0}