{"gold_per_floor":[109,109,109,109,109,137,151,151,151,171,190,63,74,84,84,84],"floor_reached":16,"playtime":533,"items_purged":["Regret"],"score":102,"play_id":"9b2bc81e-93b3-41f4-9a1f-97abc3a7a230","local_time":"20190728124138","is_ascension_mode":false,"campfire_choices":[{"floor":8,"key":"REST"},{"data":"Sword Boomerang","floor":15,"key":"SMITH"}],"neow_cost":"CURSE","seed_source_timestamp":51084517513100,"circlet_count":0,"master_deck":["Strike_R","Strike_R","Strike_R","Strike_R","Strike_R","Defend_R","Defend_R","Defend_R","Defend_R","Bash","Armaments+1","Inflame+1","Sword Boomerang+1"],"special_seed":0,"relics":["Burning Blood","Ginger","Sundial","Singing Bowl","Toxic Egg 2","Frozen Egg 2"],"potions_floor_usage":[13,16],"damage_taken":[{"damage":0.0,"enemies":"Small Slimes","floor":1.0,"turns":3.0},{"damage":65,"enemies":"3 Sentries","floor":6,"turns":12},{"damage":8,"enemies":"Jaw Worm","floor":7,"turns":4},{"damage":7,"enemies":"2 Louse","floor":10,"turns":3},{"damage":16,"enemies":"Exordium Wildlife","floor":11,"turns":6},{"damage":21,"enemies":"Exordium Thugs","floor":13,"turns":4},{"damage":2,"enemies":"Blue Slaver","floor":14,"turns":4},{"damage":43,"enemies":"The Guardian","floor":16,"turns":10}],"seed_played":"2715215441459915322","potions_obtained":[{"floor":6,"key":"BloodPotion"},{"floor":10,"key":"Ancient Potion"},{"floor":13,"key":"SkillPotion"}],"is_trial":false,"path_per_floor":["M","?","T","$","?","E","M","R","T","M","M","$","M","M","R","B"],"character_chosen":"IRONCLAD","items_purchased":["Sword Boomerang"],"campfire_rested":1,"item_purchase_floors":[12],"current_hp_per_floor":[80,73,73,73,73,16,14,38,38,39,29,29,37,43,43,0],"gold":84,"neow_bonus":"ONE_RARE_RELIC","is_prod":false,"is_daily":false,"chose_seed":false,"campfire_upgraded":1,"win_rate":0,"timestamp":1564306898,"path_taken":["M","?","?","$","?","E","?","R","T","M","M","$","M","M","R","BOSS"],"build_version":"2019-07-17","purchased_purges":1,"victory":false,"max_hp_per_floor":[80,80,80,80,80,82,82,82,82,84,84,84,86,88,88,88],"card_choices":[{"not_picked":["Perfected Strike","Fire Breathing","Warcry"],"picked":"SKIP","floor":1.0},{"not_picked":["Clothesline","Uppercut","Clash"],"picked":"Singing Bowl","floor":6},{"not_picked":["Blood for Blood","Dual Wield+1"],"picked":"Armaments+1","floor":7},{"not_picked":["Thunderclap","Shockwave+1","Clash"],"picked":"Singing Bowl","floor":10},{"not_picked":["Heavy Blade","Sentinel+1"],"picked":"Inflame+1","floor":11},{"not_picked":["Headbutt","Dropkick","Pommel Strike"],"picked":"Singing Bowl","floor":13},{"not_picked":["Exhume+1","Feel No Pain+1","Body Slam"],"picked":"Singing Bowl","floor":14}],"player_experience":787344,"relics_obtained":[{"floor":3,"key":"Sundial"},{"floor":6,"key":"Toxic Egg 2"},{"floor":9,"key":"Frozen Egg 2"}],"event_choices":[{"cards_removed":["Clumsy"],"damage_healed":0,"gold_gain":0,"player_choice":"Card Removal","damage_taken":7,"max_hp_gain":0,"max_hp_loss":0,"event_name":"Golden Wing","floor":2,"gold_loss":0},{"damage_healed":0,"gold_gain":0,"player_choice":"Box","damage_taken":0,"relics_obtained":["Singing Bowl"],"max_hp_gain":0,"max_hp_loss":0,"event_name":"Big Fish","floor":5,"gold_loss":0,"cards_obtained":["Regret"]}],"is_beta":false,"boss_relics":[],"items_purged_floors":[12],"is_endless":false,"potions_floor_spawned":[6,10,13],"killed_by":"The Guardian","ascension_level":0}