{"path_per_floor":["M","$","?","M","M","R","E","R","T","M","M","M","M","?","R","B",null,"M","$","M","M","M","?","T","M","T","R","M","$","R","$","R","B",null,"M","?","M","$","M","R","$","M","T","M","M","M","R","M","R","B"],"character_chosen":"THE_SILENT","items_purchased":["Caltrops","Bane","Jack Of All Trades","Apotheosis","Poisoned Stab","Bronze Scales"],"gold_per_floor":[111,35,35,55,66,66,99,99,126,145,157,168,182,182,182,313,313,337,11,26,51,66,66,66,86,109,109,130,10,10,10,10,138,138,158,158,179,31,46,46,46,66,93,117,137,151,151,166,166,166],"floor_reached":51,"campfire_rested":4,"playtime":7251,"current_hp_per_floor":[70,70,70,70,65,65,50,50,57,57,54,50,50,50,50,27,71,55,55,55,47,38,38,38,26,26,62,62,62,62,62,62,54,71,44,44,44,44,16,52,52,42,42,33,32,30,66,47,71,28],"items_purged":["Strike_G"],"gold":166,"play_id":"a646cb86-c9a8-413e-91df-40d04a5e303f","is_prod":false,"is_daily":false,"campfire_rituals":0,"campfire_upgraded":5,"is_hardmode":false,"path_taken":["M","$","?","M","M","R","E","R","T","M","M","M","M","?","R","BOSS","M","$","?","M","M","?","?","M","T","R","M","?","R","$","R","BOSS","M","?","?","$","M","R","$","M","T","M","M","M","R","M","R","BOSS"],"build_version":"2018-01-18-PROD4","purchased_purges":4,"victory":true,"master_deck":["Defend_G","Defend_G","Defend_G","Strike_G","Strike_G","Survivor","Neutralize","After Image","Caltrops","Infinite Blades","Blur","Cloak And Dagger","Deadly Poison","Poisoned Stab","Deadly Poison","Venomology","Adrenaline","Acrobatics","Distraction","Envenom","Dagger Spray","Bane","Jack Of All Trades","Apotheosis","Catalyst","Noxious Fumes","Poisoned Stab","After Image","Bouncing Flask","Well Laid Plans","Calculated Gamble"],"max_hp_per_floor":[70,70,70,70,70,70,70,70,77,77,77,77,77,71,71,71,71,71,71,71,71,71,71,71,71,71,71,71,71,71,71,71,71,71,71,71,71,71,71,71,71,71,71,71,71,71,71,71,71,71],"relics":["Ring of the Snake","Snake Skull","Toxic Egg","Strawberry","Golden Idol","Astrolabe","Happy Flower","Regal Pillow","Lizard Tail","Bronze Scales","Dream Catcher"],"campfire_meditates":0,"card_choices":[{"not_picked":["Bane","Terror"],"picked":"After Image"},{"not_picked":["Deflect","Riddle With Holes"],"picked":"Infinite Blades"},{"not_picked":["Reflex","Masterful Stab"],"picked":"Blur"},{"not_picked":["Quick Slash","Heel Hook"],"picked":"Cloak And Dagger"},{"not_picked":["Deflect","Dagger Throw"],"picked":"Deadly Poison"},{"not_picked":["Prepared","Dash"],"picked":"Poisoned Stab"},{"not_picked":["Dodge and Roll","Malaise"],"picked":"Deadly Poison"},{"not_picked":["Dagger Throw","Backflip"],"picked":"Venomology"},{"not_picked":["Bullet Time","Night Terror"],"picked":"Adrenaline"},{"not_picked":["Quick Slash","Underhanded Strike"],"picked":"Dagger Spray"},{"not_picked":["Dodge and Roll","Skewer"],"picked":"Caltrops"},{"not_picked":["PiercingWail","Crippling Poison"],"picked":"Catalyst"},{"not_picked":["Calculated Gamble","Infinite Blades"],"picked":"Noxious Fumes"},{"not_picked":["Doppelganger","Envenom"],"picked":"After Image"},{"not_picked":["Quick Slash","Dagger Throw"],"picked":"Bouncing Flask"},{"not_picked":["Deflect","Outmaneuver"],"picked":"Well Laid Plans"},{"not_picked":["Distraction","Flying Knee"],"picked":"Calculated Gamble"}],"player_experience":109386,"potions_floor_usage":[13,16,18,20,21,21,21,25,25,28,33,33,37,39,39,39,46,48,48,50,50,50,50],"damage_taken":[{"damage":0,"enemies":"2 Louse","floor":1,"turns":4},{"damage":0,"enemies":"Cultist","floor":4,"turns":4},{"damage":5,"enemies":"Small Slimes","floor":5,"turns":4},{"damage":15,"enemies":"3 Sentries","floor":7,"turns":10},{"damage":0,"enemies":"Red Slaver","floor":10,"turns":5},{"damage":3,"enemies":"Gremlin Gang","floor":11,"turns":5},{"damage":4,"enemies":"Exordium Wildlife","floor":12,"turns":5},{"damage":0,"enemies":"Exordium Thugs","floor":13,"turns":3},{"damage":23,"enemies":"The Guardian","floor":16,"turns":8},{"damage":25,"enemies":"2 Thieves","floor":18,"turns":4},{"damage":0,"enemies":"Spheric Guardian","floor":20,"turns":2},{"damage":8,"enemies":"Snecko","floor":21,"turns":5},{"damage":9,"enemies":"Centurion and Healer","floor":22,"turns":7},{"damage":12,"enemies":"Chosen and Byrds","floor":25,"turns":5},{"damage":0,"enemies":"Snecko","floor":28,"turns":3},{"damage":8,"enemies":"Champ","floor":33,"turns":6},{"damage":27,"enemies":"3 Darklings","floor":35,"turns":5},{"damage":0,"enemies":"3 Shapes","floor":37,"turns":6},{"damage":28,"enemies":"Sphere and 2 Shapes","floor":39,"turns":5},{"damage":10,"enemies":"4 Shapes","floor":42,"turns":7},{"damage":9,"enemies":"Maw","floor":44,"turns":6},{"damage":1,"enemies":"3 Darklings","floor":45,"turns":4},{"damage":2,"enemies":"4 Shapes","floor":46,"turns":5},{"damage":19,"enemies":"Sphere and 2 Shapes","floor":48,"turns":5},{"damage":87,"enemies":"Donu and Deca","floor":50,"turns":8}],"event_choices":[{"event_name":"The Cleric","player_choice":"Leave","floor":3,"damage_taken":0},{"event_name":"Golden Idol","player_choice":"Lose Max HP","floor":14,"damage_taken":0},{"event_name":"Back to Basics","player_choice":"Elegance","floor":23,"damage_taken":0}],"boss_relics":[{"not_picked":["Black Star","Sozu"],"picked":"Astrolabe"},{"not_picked":["Eternal Feather","Velvet Choker"],"picked":"Lizard Tail"}],"potions_floor_spawned":[4,5,7,11,16,20,21,25,35,42,44,48],"seed_played":"3243176747296064157","is_trial":false}