{"gold_per_floor":[109,59,76,90,102,136,136,171,251,251,251,251,251,200,200,301,301,316,327,13,33,33,58,58,91,91,91,104,117,129,142,142,142],"floor_reached":33,"playtime":989,"items_purged":["Wild Strike"],"score":322,"play_id":"5069110e-1ad2-49a3-93f8-72aa9c93fcbb","local_time":"20180721071751","is_ascension_mode":false,"campfire_choices":[{"data":"1","floor":11.0,"key":"LIFT"},{"data":"2","floor":13.0,"key":"LIFT"},{"data":"3","floor":15.0,"key":"LIFT"},{"data":"Rampage","floor":24.0,"key":"SMITH"},{"floor":32,"key":"REST"}],"neow_cost":"NONE","seed_source_timestamp":345601997025562,"circlet_count":0,"master_deck":["Bash","Rampage+1","Armaments+1","Shrug It Off","Sword Boomerang","Shrug It Off","Flex","Seeing Red","Intimidate","Heavy Blade","Bloodletting","Metallicize","Warcry","True Grit","Twin Strike+1","Whirlwind","Sword Boomerang","Shockwave+1","Shrug It Off","Sword Boomerang+1","Offering","Shrug It Off"],"special_seed":0,"relics":["Burning Blood","Regal Pillow","Girya","Mango","Bottled Flame","Pandora\u0027s Box","Shuriken","Bronze Scales","Blue Candle","Smiling Mask"],"potions_floor_usage":[33,33,33],"damage_taken":[{"damage":0.0,"enemies":"2 Louse","floor":1.0,"turns":2.0},{"damage":15.0,"enemies":"Jaw Worm","floor":3.0,"turns":4.0},{"damage":0.0,"enemies":"Small Slimes","floor":4.0,"turns":3.0},{"damage":13.0,"enemies":"2 Fungi Beasts","floor":5.0,"turns":4.0},{"damage":27.0,"enemies":"Gremlin Nob","floor":6.0,"turns":4.0},{"damage":7.0,"enemies":"Lagavulin","floor":8.0,"turns":5.0},{"damage":56.0,"enemies":"Hexaghost","floor":16.0,"turns":10.0},{"damage":18.0,"enemies":"2 Thieves","floor":18.0,"turns":4.0},{"damage":7.0,"enemies":"Shell Parasite","floor":19.0,"turns":2.0},{"damage":13.0,"enemies":"Centurion and Healer","floor":21.0,"turns":6.0},{"damage":23.0,"enemies":"Book of Stabbing","floor":23.0,"turns":3.0},{"damage":34.0,"enemies":"Slavers","floor":25.0,"turns":4.0},{"damage":5.0,"enemies":"Cultist and Chosen","floor":28.0,"turns":5.0},{"damage":14,"enemies":"3 Cultists","floor":29,"turns":4},{"damage":16,"enemies":"Slaver and Parasite","floor":30,"turns":2},{"damage":8,"enemies":"Snake Plant","floor":31,"turns":2},{"damage":62,"enemies":"Automaton","floor":33,"turns":6}],"seed_played":"801304822073912790","potions_obtained":[{"floor":1.0,"key":"Strength Potion"},{"floor":3.0,"key":"Poison Potion"},{"floor":4.0,"key":"Poison Potion"},{"floor":8.0,"key":"LiquidBronze"},{"floor":16.0,"key":"FearPotion"},{"floor":21.0,"key":"Poison Potion"},{"floor":25.0,"key":"Energy Potion"},{"floor":29,"key":"LiquidBronze"},{"floor":30,"key":"FearPotion"}],"is_trial":false,"path_per_floor":["M","$","M","M","M","E","?","E","T","$","R","?","R","$","R","B",null,"M","M","$","M","$","E","R","E","T","?","M","M","M","M","R"],"character_chosen":"IRONCLAD","items_purchased":["Armaments","Shrug It Off","Shuriken"],"campfire_rested":1,"item_purchase_floors":[2,14,20],"current_hp_per_floor":[80,80,71,77,70,49,49,62,62,62,62,62,62,62,62,12,94,82,81,81,74,74,57,57,29,29,29,30,22,12,10,53,0],"gold":142,"neow_bonus":"RANDOM_COMMON_RELIC","is_prod":false,"is_daily":false,"chose_seed":false,"campfire_upgraded":1,"win_rate":0,"timestamp":1532146671,"path_taken":["M","$","M","M","M","E","?","E","T","$","R","?","R","$","R","BOSS","M","M","$","M","$","E","R","E","T","?","M","M","M","M","R","BOSS"],"build_version":"2018-07-19v2","purchased_purges":1,"victory":false,"max_hp_per_floor":[80,80,80,80,80,80,80,94,94,94,94,94,94,94,94,94,94,94,94,94,94,94,94,94,94,94,94,94,94,94,94,94,94],"card_choices":[{"not_picked":["Anger","Havoc"],"picked":"Rampage","floor":1.0},{"not_picked":["Carnage","Second Wind","Wild Strike"],"picked":"SKIP","floor":3.0},{"not_picked":["Thunderclap","True Grit","Clothesline"],"picked":"SKIP","floor":4.0},{"not_picked":["Perfected Strike","Flex"],"picked":"Shrug It Off","floor":5.0},{"not_picked":["Cleave","Carnage","Berserk"],"picked":"SKIP","floor":6.0},{"not_picked":["Perfected Strike","Searing Blow"],"picked":"Sword Boomerang","floor":8.0},{"not_picked":["Searing Blow+1","Body Slam"],"picked":"Twin Strike+1","floor":18.0},{"not_picked":["Second Wind","True Grit"],"picked":"Whirlwind","floor":19.0},{"not_picked":["Rage+1","Thunderclap+1"],"picked":"Sword Boomerang","floor":21.0},{"not_picked":["Uppercut+1","Clash"],"picked":"Shockwave+1","floor":23.0},{"not_picked":["Heavy Blade","Flex"],"picked":"Shrug It Off","floor":25.0},{"not_picked":["Clothesline","Pommel Strike+1"],"picked":"Sword Boomerang+1","floor":28.0},{"not_picked":["Perfected Strike+1","Burning Pact"],"picked":"Offering","floor":29},{"not_picked":["Thunderclap+1","Infernal Blade"],"picked":"Shrug It Off","floor":30},{"not_picked":["Clash","Searing Blow","Thunderclap"],"picked":"SKIP","floor":31}],"player_experience":207185,"relics_obtained":[{"floor":6.0,"key":"Girya"},{"floor":8.0,"key":"Mango"},{"floor":9.0,"key":"Bottled Flame"},{"floor":23.0,"key":"Bronze Scales"},{"floor":25.0,"key":"Blue Candle"},{"floor":26.0,"key":"Smiling Mask"}],"event_choices":[{"event_name":"Golden Wing","player_choice":"Ignored","floor":7.0,"damage_taken":0.0},{"event_name":"Living Wall","player_choice":"Grow","floor":12.0,"damage_taken":0.0},{"event_name":"Cursed Tome","player_choice":"Ignored","floor":27.0,"damage_taken":0.0}],"is_beta":false,"boss_relics":[{"not_picked":["Calling Bell","Runic Dome"],"picked":"Pandora\u0027s Box"}],"items_purged_floors":[20],"is_endless":false,"potions_floor_spawned":[1,3,4,8,16,21,25,29,30],"killed_by":"Automaton","ascension_level":0}