{"path_per_floor":["M","?","$","M","M","R","E","R","T","E","?","?","R","M","R","B",null,"M","?","$","M","M","R","M","M","T"],"character_chosen":"IRONCLAD","items_purchased":["Armaments","Flame Barrier","Limit Break"],"gold_per_floor":[118,118,4,14,24,24,59,59,59,91,91,91,91,106,106,204,204,221,221,47,60,70,70,89,101,127],"floor_reached":27,"campfire_rested":1,"playtime":2215,"current_hp_per_floor":[80,80,80,80,80,80,66,66,66,46,46,39,39,45,45,20,80,71,77,77,66,35,60,35,24,24],"items_purged":["Writhe"],"gold":127,"play_id":"f1e6ff11-24cd-43ba-bbb5-71c3e4099b36","is_prod":false,"is_daily":false,"campfire_rituals":0,"campfire_upgraded":4,"is_hardmode":false,"path_taken":["M","?","$","?","M","R","E","R","T","E","?","?","R","?","R","BOSS","M","?","$","M","M","R","M","?","T","E"],"build_version":"2018-01-18-PROD4","purchased_purges":1,"victory":false,"master_deck":["Strike_R","Strike_R","Strike_R","Strike_R","Defend_R","Defend_R","Defend_R","Bash","Searing Blow","Armaments","Flame Barrier","Shrug It Off","Inflame","Demon Form","Juggernaut","Battle Trance","Limit Break"],"max_hp_per_floor":[80,80,80,80,80,80,80,80,80,80,80,80,80,80,80,80,80,80,86,86,86,86,86,86,86,86],"relics":["Burning Blood","NeowsBlessing","The Courier","Unceasing Top","Shovel","Snecko Eye","Darkstone Periapt","Happy Flower"],"campfire_meditates":0,"card_choices":[{"not_picked":["Pummel","Wild Strike"],"picked":"Searing Blow"},{"not_picked":["Burning Pact","Armaments"],"picked":"Shrug It Off"},{"not_picked":["Perfected Strike","Bloodletting"],"picked":"Inflame"},{"not_picked":["Searing Blow","Heavy Blade"],"picked":"Demon Form"},{"not_picked":["Dark Embrace","Reaper"],"picked":"Juggernaut"},{"not_picked":["Dual Wield","Shrug It Off"],"picked":"Battle Trance"}],"player_experience":169727,"potions_floor_usage":[10,18,21,27,27],"damage_taken":[{"damage":0,"enemies":"Small Slimes","floor":1,"turns":1},{"damage":0,"enemies":"2 Louse","floor":4,"turns":1},{"damage":0,"enemies":"Blue Slaver","floor":5,"turns":1},{"damage":20,"enemies":"Gremlin Nob","floor":7,"turns":4},{"damage":26,"enemies":"3 Sentries","floor":10,"turns":8},{"damage":0,"enemies":"Large Slime","floor":14,"turns":7},{"damage":31,"enemies":"The Guardian","floor":16,"turns":10},{"damage":15,"enemies":"Shell Parasite","floor":18,"turns":4},{"damage":17,"enemies":"Spheric Guardian","floor":21,"turns":4},{"damage":37,"enemies":"Snake Plant","floor":22,"turns":3},{"damage":31,"enemies":"Slaver and Parasite","floor":24,"turns":6},{"damage":17,"enemies":"Snecko","floor":25,"turns":4},{"damage":28,"enemies":"Slavers","floor":27,"turns":2}],"event_choices":[{"event_name":"Liars Game","player_choice":"disagreed","floor":2,"damage_taken":0},{"event_name":"Bonfire Elementals","player_choice":"BASIC","floor":11,"damage_taken":0},{"event_name":"Golden Wing","player_choice":"Card Removal","floor":12,"damage_taken":0},{"event_name":"The Mausoleum","player_choice":"Yes","floor":19,"damage_taken":0}],"boss_relics":[{"not_picked":["Question Card","Runic Pyramid"],"picked":"Snecko Eye"}],"potions_floor_spawned":[1,10,14,16,18,21,24],"seed_played":"-1444819057234617602","killed_by":"Slavers","is_trial":false}