{"gold_per_floor":[119,119,40,40,40,40,40,40,40,40,40,65,65,86,86,215,215,235,334,352,49,49,83,5,29,53,0,19,32,32,9,9,9],"floor_reached":33,"playtime":1486,"items_purged":[],"score":253,"play_id":"d8a5081e-f343-49c6-a7bb-2582d3c91a5b","local_time":"20190121044124","is_ascension_mode":false,"campfire_choices":[{"floor":6.0,"key":"REST"},{"data":"Neutralize","floor":8.0,"key":"SMITH"},{"data":"Noxious Fumes","floor":15.0,"key":"SMITH"},{"data":"Well Laid Plans","floor":30,"key":"SMITH"},{"floor":32,"key":"REST"}],"neow_cost":"NONE","seed_source_timestamp":111466481270613,"circlet_count":0,"master_deck":["Defend_G","Defend_G","Defend_G","Defend_G","Defend_G","Strike_G","Strike_G","Strike_G","Strike_G","Strike_G","Survivor","Neutralize+1","Dodge and Roll","Well Laid Plans+1","Deflect","Noxious Fumes+1","Backflip","Deflect+1","Caltrops","Poisoned Stab","Backflip"],"special_seed":0,"relics":["Ring of the Serpent","NeowsBlessing","Golden Idol","Potion Belt","Unceasing Top","Blood Vial","Bag of Preparation","Singing Bowl","Boot","Smiling Mask"],"potions_floor_usage":[23,33,33],"damage_taken":[{"damage":0.0,"enemies":"Small Slimes","floor":1.0,"turns":1.0},{"damage":0.0,"enemies":"Jaw Worm","floor":7.0,"turns":1.0},{"damage":0.0,"enemies":"2 Louse","floor":12.0,"turns":1.0},{"damage":10.0,"enemies":"Exordium Thugs","floor":14.0,"turns":9.0},{"damage":15.0,"enemies":"The Guardian","floor":16.0,"turns":13.0},{"damage":14.0,"enemies":"3 Byrds","floor":18.0,"turns":5.0},{"damage":10.0,"enemies":"Spheric Guardian","floor":20.0,"turns":7.0},{"damage":4,"enemies":"Book of Stabbing","floor":23,"turns":9},{"damage":13,"enemies":"Snecko","floor":25,"turns":8},{"damage":8,"enemies":"Snake Plant","floor":28,"turns":4},{"damage":3,"enemies":"Centurion and Healer","floor":29,"turns":10},{"damage":59,"enemies":"Automaton","floor":33,"turns":18}],"seed_played":"-8975500388672725665","potions_obtained":[{"floor":14.0,"key":"Weak Potion"},{"floor":16.0,"key":"Swift Potion"},{"floor":18.0,"key":"LiquidBronze"},{"floor":28,"key":"Dexterity Potion"}],"is_trial":false,"path_per_floor":["M","?","$","?","$","R","M","R","T","$","?","M","$","M","R","B",null,"M","?","M","$","?","E","$","M","T","?","M","M","R","$","R","B"],"character_chosen":"THE_SILENT","items_purchased":["Well Laid Plans","Blood Vial","Bag of Preparation","Caltrops","Backflip"],"campfire_rested":2,"item_purchase_floors":[3,21,21,24,31],"current_hp_per_floor":[70,53,53,46,46,67,67,67,67,67,67,67,67,57,57,42,70,56,56,46,46,46,46,46,37,37,37,33,32,32,32,54,0],"gold":9,"neow_bonus":"THREE_ENEMY_KILL","is_prod":false,"is_daily":false,"chose_seed":false,"campfire_upgraded":3,"win_rate":0,"timestamp":1548038484,"path_taken":["M","?","$","?","?","R","M","R","T","$","?","M","$","M","R","BOSS","M","?","M","$","?","E","?","?","T","?","M","M","R","$","R","BOSS"],"build_version":"2019-01-17v2","purchased_purges":0,"victory":false,"max_hp_per_floor":[70,70,70,70,70,70,70,70,70,70,70,70,70,70,70,70,70,70,70,70,70,70,72,72,74,74,74,76,76,76,76,76,76],"card_choices":[{"not_picked":["Dagger Throw","Flying Knee"],"picked":"Dodge and Roll","floor":1.0},{"not_picked":["Prepared","Cloak And Dagger","Dagger Throw"],"picked":"SKIP","floor":7.0},{"not_picked":["Deflect","Underhanded Strike","Tactician"],"picked":"SKIP","floor":12.0},{"not_picked":["Underhanded Strike","Tactician"],"picked":"Deflect","floor":12.0},{"not_picked":["Outmaneuver","Sucker Punch"],"picked":"Noxious Fumes","floor":14.0},{"not_picked":["Eviscerate","Tactician"],"picked":"Backflip","floor":18.0},{"not_picked":["Outmaneuver","Acrobatics"],"picked":"Deflect+1","floor":20},{"not_picked":["Choke","Calculated Gamble","Endless Agony"],"picked":"Singing Bowl","floor":23},{"not_picked":["Backstab","All Out Attack","Slice+1"],"picked":"Singing Bowl","floor":25},{"not_picked":["Accuracy","Bane+1","Flechettes+1"],"picked":"Singing Bowl","floor":28},{"not_picked":["Deflect","Bane"],"picked":"Poisoned Stab","floor":29}],"player_experience":555590,"relics_obtained":[{"floor":9.0,"key":"Unceasing Top"},{"floor":22,"key":"Singing Bowl"},{"floor":23,"key":"Boot"},{"floor":26,"key":"Smiling Mask"}],"event_choices":[{"damage_healed":0.0,"max_hp_gain":0.0,"max_hp_loss":0.0,"gold_gain":0.0,"event_name":"Golden Idol","player_choice":"Take Damage","floor":2.0,"gold_loss":0.0,"damage_taken":17.0,"relics_obtained":["Golden Idol"]},{"damage_healed":0.0,"max_hp_gain":0.0,"max_hp_loss":0.0,"gold_gain":0.0,"event_name":"Scrap Ooze","player_choice":"Success","floor":4.0,"gold_loss":0.0,"damage_taken":7.0,"relics_obtained":["Potion Belt"]},{"damage_healed":0.0,"max_hp_gain":0.0,"max_hp_loss":0.0,"gold_gain":0.0,"event_name":"The Cleric","player_choice":"Leave","floor":11.0,"gold_loss":0.0,"damage_taken":0.0},{"damage_healed":0.0,"max_hp_gain":0.0,"max_hp_loss":0.0,"gold_gain":99.0,"event_name":"Nest","player_choice":"Stole From Cult","floor":19.0,"gold_loss":0.0,"damage_taken":0.0},{"damage_healed":0,"gold_gain":0,"player_choice":"Relic","damage_taken":0,"max_hp_gain":0,"max_hp_loss":0,"event_name":"Wheel of Change","floor":22,"gold_loss":0},{"damage_healed":0,"gold_gain":0,"player_choice":"Paid Fearfully","damage_taken":0,"max_hp_gain":0,"max_hp_loss":0,"event_name":"Masked Bandits","floor":27,"gold_loss":53}],"is_beta":false,"boss_relics":[{"not_picked":["Pandora\u0027s Box","White Beast Statue"],"picked":"Ring of the Serpent"}],"items_purged_floors":[],"is_endless":false,"potions_floor_spawned":[14,16,18,28],"killed_by":"Automaton","ascension_level":0}