{"gold_per_floor":[118,218,234,244,176,208,219,219,219,232,258,278,313,90,90,190,190,190,20,20,20,20,20,20,20,20,20,20,20,20,20,20,20,20,20,20,20,20,20,20,20,20,20,0,0,0,0,0,0,0],"floor_reached":51,"playtime":8256,"items_purged":[],"score":965,"play_id":"8e23b919-daeb-41dd-be7c-32839e0be800","local_time":"20190726151717","is_ascension_mode":true,"campfire_choices":[{"data":"Go for the Eyes","floor":8,"key":"SMITH"},{"floor":15,"key":"REST"},{"floor":24,"key":"RECALL"},{"floor":32,"key":"REST"},{"data":"Electrodynamics","floor":41,"key":"SMITH"},{"data":"Loop","floor":49,"key":"SMITH"}],"neow_cost":"NONE","seed_source_timestamp":1118864290703412,"circlet_count":0,"master_deck":["Strike_B+1","Strike_B+1","Defend_B","Defend_B","Zap","Dualcast","Go for the Eyes+1","Conserve Battery","BootSequence","Defragment","Heatsinks","Force Field","White Noise","Coolheaded","Consume","Rip and Tear","Hologram","Hologram","Machine Learning","Scrape+1","Gash","Defragment+1","Cold Snap+1","Gash","Heatsinks","Self Repair","Storm+1","Conserve Battery+1","Reinforced Body","Stack+1","Aggregate","Electrodynamics+1","Gash+1","Capacitor+1","Hologram+1","Go for the Eyes+1","Gash+1","Glacier+1","Gash+1","All For One","Loop+1","Beam Cell+1","Gash","Skim","Beam Cell+1"],"relics":["Cracked Core","Dream Catcher","Whetstone","Mummified Hand","Ancient Tea Set","Strange Spoon","Ectoplasm","Gremlin Horn","Oddly Smooth Stone","Letter Opener","Astrolabe","Potion Belt","Gambling Chip","Red Mask","Boot","Incense Burner","PreservedInsect"],"potions_floor_usage":[6,16,16,16,28,33,33,33,45,50,50,50,50],"damage_taken":[{"damage":4,"enemies":"2 Louse","floor":1,"turns":4},{"damage":0,"enemies":"Cultist","floor":3,"turns":3},{"damage":4,"enemies":"Jaw Worm","floor":4,"turns":3},{"damage":14,"enemies":"Gremlin Nob","floor":6,"turns":5},{"damage":12,"enemies":"Exordium Thugs","floor":7,"turns":4},{"damage":1,"enemies":"Lots of Slimes","floor":10,"turns":4},{"damage":19,"enemies":"3 Sentries","floor":11,"turns":10},{"damage":8,"enemies":"Large Slime","floor":12,"turns":6},{"damage":13,"enemies":"Lagavulin","floor":13,"turns":7},{"damage":9,"enemies":"The Guardian","floor":16,"turns":11},{"damage":4,"enemies":"Spheric Guardian","floor":18,"turns":4},{"damage":0,"enemies":"Chosen","floor":22,"turns":3},{"damage":9,"enemies":"Book of Stabbing","floor":23,"turns":6},{"damage":30,"enemies":"Gremlin Leader","floor":25,"turns":7},{"damage":6,"enemies":"Snake Plant","floor":27,"turns":4},{"damage":3,"enemies":"Centurion and Healer","floor":28,"turns":8},{"damage":16,"enemies":"Chosen and Byrds","floor":29,"turns":5},{"damage":0,"enemies":"Snecko","floor":30,"turns":4},{"damage":0,"enemies":"Book of Stabbing","floor":31,"turns":5},{"damage":0,"enemies":"Automaton","floor":33,"turns":7},{"damage":0,"enemies":"3 Shapes","floor":35,"turns":3},{"damage":0,"enemies":"Orb Walker","floor":36,"turns":3},{"damage":1,"enemies":"Transient","floor":37,"turns":5},{"damage":0,"enemies":"Writhing Mass","floor":39,"turns":4},{"damage":2,"enemies":"Giant Head","floor":40,"turns":8},{"damage":0,"enemies":"Maw","floor":42,"turns":5},{"damage":16,"enemies":"Nemesis","floor":45,"turns":6},{"damage":3,"enemies":"2 Orb Walkers","floor":46,"turns":3},{"damage":0,"enemies":"Giant Head","floor":47,"turns":4},{"damage":0,"enemies":"3 Darklings","floor":48,"turns":4},{"damage":14,"enemies":"Awakened One","floor":50,"turns":8}],"seed_played":"-5844391060417650337","potions_obtained":[{"floor":3,"key":"Weak Potion"},{"floor":4,"key":"Swift Potion"},{"floor":6,"key":"SpeedPotion"},{"floor":7,"key":"Poison Potion"},{"floor":12,"key":"Explosive Potion"},{"floor":18,"key":"Poison Potion"},{"floor":25,"key":"Swift Potion"},{"floor":27,"key":"Regen Potion"},{"floor":31,"key":"Strength Potion"},{"floor":36,"key":"AttackPotion"},{"floor":42,"key":"SpeedPotion"},{"floor":46,"key":"Explosive Potion"},{"floor":47,"key":"Fire Potion"},{"floor":48,"key":"Energy Potion"}],"is_trial":false,"path_per_floor":["M","?","M","M","$","E","M","R","T","M","E","M","E","$","R","B",null,"M","$","?","$","M","E","R","E","T","M","M","M","M","E","R","B",null,"M","M","M","?","M","E","R","M","T","?","E","?","E","M","R","B",null],"character_chosen":"DEFECT","items_purchased":["Defragment","Hologram","Strange Spoon","Gash","Defragment","Explosive Potion"],"campfire_rested":2,"item_purchase_floors":[5,14,14,19,19,19],"current_hp_per_floor":[78,78,78,74,74,60,48,48,48,47,28,20,7,7,31,22,82,78,78,78,78,78,69,69,39,39,33,52,43,43,43,67,74,82,82,82,82,82,82,82,82,82,82,82,66,70,77,82,82,75],"gold":0,"neow_bonus":"TEN_PERCENT_HP_BONUS","is_prod":false,"is_daily":false,"chose_seed":false,"campfire_upgraded":3,"win_rate":0,"timestamp":1564172237,"path_taken":["M","?","M","M","$","E","M","R","T","M","E","M","E","?","R","BOSS","M","$","?","?","?","E","R","E","T","M","M","M","M","E","R","BOSS","M","M","M","?","?","E","R","M","T","?","E","?","E","M","R","BOSS"],"build_version":"2019-07-17","purchased_purges":0,"victory":true,"max_hp_per_floor":[82,82,82,82,82,82,82,82,82,82,82,82,82,82,82,82,82,82,82,82,82,82,82,82,82,82,82,82,82,82,82,82,82,82,82,82,82,82,82,82,82,82,82,82,82,82,82,82,82,82],"card_choices":[{"not_picked":["Leap","Hello World"],"picked":"Go for the Eyes","floor":1},{"not_picked":["Leap","Darkness"],"picked":"Conserve Battery","floor":3},{"not_picked":["Auto Shields","Doom and Gloom"],"picked":"BootSequence","floor":4},{"not_picked":["Doom and Gloom","Hello World"],"picked":"Heatsinks","floor":6},{"not_picked":["Doom and Gloom","Beam Cell"],"picked":"Force Field","floor":7},{"not_picked":["Streamline","Reprogram"],"picked":"White Noise","floor":10},{"not_picked":["Ball Lightning","BootSequence"],"picked":"Coolheaded","floor":11},{"not_picked":["Rebound","Sweeping Beam"],"picked":"Consume","floor":12},{"not_picked":["Skim","Beam Cell"],"picked":"Rip and Tear","floor":13},{"not_picked":["FTL","Conserve Battery"],"picked":"Hologram","floor":15},{"not_picked":["Multi-Cast","Creative AI"],"picked":"Machine Learning","floor":16},{"not_picked":["Sweeping Beam","Rebound"],"picked":"Scrape+1","floor":18},{"not_picked":["Streamline","Double Energy+1"],"picked":"Cold Snap+1","floor":22},{"not_picked":["Seek","Steam+1"],"picked":"Gash","floor":23},{"not_picked":["Coolheaded","Compile Driver"],"picked":"Heatsinks","floor":25},{"not_picked":["Barrage","Streamline+1"],"picked":"Self Repair","floor":27},{"not_picked":["Hologram","Coolheaded+1"],"picked":"Storm+1","floor":28},{"not_picked":["Streamline","Blizzard"],"picked":"Conserve Battery+1","floor":29},{"not_picked":["Barrage","BootSequence"],"picked":"Reinforced Body","floor":30},{"not_picked":["Reboot","Sweeping Beam"],"picked":"Stack+1","floor":31},{"not_picked":["Leap+1","Streamline"],"picked":"Aggregate","floor":32},{"not_picked":["Machine Learning","Fission"],"picked":"Electrodynamics","floor":33},{"not_picked":["Hologram","Rebound"],"picked":"Go for the Eyes+1","floor":35},{"not_picked":["Streamline","Hologram"],"picked":"Gash+1","floor":36},{"not_picked":["Genetic Algorithm","Blizzard+1"],"picked":"Glacier+1","floor":37},{"not_picked":["Stack","Beam Cell+1"],"picked":"Gash+1","floor":39},{"not_picked":["Tempest+1","Sweeping Beam+1"],"picked":"All For One","floor":40},{"not_picked":["Sweeping Beam","Chill"],"picked":"Loop","floor":42},{"not_picked":["Scrape","Cold Snap"],"picked":"Beam Cell+1","floor":45},{"not_picked":["Go for the Eyes","Scrape+1"],"picked":"Gash","floor":46},{"not_picked":["Undo","Rebound"],"picked":"Skim","floor":47},{"not_picked":["Go for the Eyes","Redo+1"],"picked":"Beam Cell+1","floor":48}],"player_experience":40598,"relics_obtained":[{"floor":6,"key":"Dream Catcher"},{"floor":9,"key":"Whetstone"},{"floor":11,"key":"Mummified Hand"},{"floor":13,"key":"Ancient Tea Set"},{"floor":23,"key":"Gremlin Horn"},{"floor":25,"key":"Oddly Smooth Stone"},{"floor":31,"key":"Letter Opener"},{"floor":40,"key":"Potion Belt"},{"floor":43,"key":"Gambling Chip"},{"floor":45,"key":"Boot"},{"floor":46,"key":"Incense Burner"},{"floor":47,"key":"PreservedInsect"}],"event_choices":[{"damage_healed":0,"gold_gain":100,"player_choice":"Pray","damage_taken":0,"max_hp_gain":0,"max_hp_loss":0,"event_name":"Golden Shrine","floor":2,"gold_loss":0},{"damage_healed":0,"gold_gain":0,"player_choice":"Upgraded","damage_taken":0,"max_hp_gain":0,"max_hp_loss":0,"event_name":"Upgrade Shrine","floor":20,"gold_loss":0,"cards_upgraded":["Defragment"]},{"cards_removed":["Strike_B"],"damage_healed":0,"gold_gain":0,"player_choice":"Offered Basic","damage_taken":0,"max_hp_gain":0,"max_hp_loss":0,"event_name":"Bonfire Elementals","floor":38,"gold_loss":0},{"damage_healed":0,"gold_gain":0,"player_choice":"Paid","damage_taken":0,"relics_obtained":["Red Mask"],"max_hp_gain":0,"max_hp_loss":0,"event_name":"Tomb of Lord Red Mask","floor":44,"gold_loss":20},{"damage_healed":0,"gold_gain":0,"player_choice":"Fight","damage_taken":0,"max_hp_gain":0,"max_hp_loss":0,"event_name":"Mysterious Sphere","floor":46,"gold_loss":0}],"is_beta":false,"boss_relics":[{"not_picked":["Nuclear Battery","Runic Pyramid"],"picked":"Ectoplasm"},{"not_picked":["Tiny House","Busted Crown"],"picked":"Astrolabe"}],"items_purged_floors":[],"is_endless":false,"potions_floor_spawned":[3,4,6,7,12,18,25,27,31,36,42,46,47,48],"ascension_level":1}