{"path_per_floor":["M","?","M","$","M","R","E","R","T","M","M","?","M","?","R","B",null,"M","M","$","M","M","R"],"character_chosen":"THE_SILENT","items_purchased":["Infinite Blades","Footwork","Master of Strategy"],"gold_per_floor":[117,117,136,96,109,109,141,141,164,177,188,263,279,279,279,376,376,389,375,42,55,72,72],"floor_reached":24,"campfire_rested":0,"playtime":3176,"current_hp_per_floor":[70,70,68,68,66,66,46,46,46,46,46,35,34,57,57,47,70,60,43,43,29,13,13],"items_purged":["Strike_G"],"gold":72,"play_id":"47d53cc2-fc2d-4900-81af-758b365ed3da","is_prod":false,"is_daily":false,"campfire_rituals":0,"campfire_upgraded":4,"is_hardmode":false,"path_taken":["M","?","M","$","M","R","E","R","T","?","M","?","M","?","R","BOSS","M","M","$","M","M","R","M"],"build_version":"2018-01-18-PROD4","purchased_purges":2,"victory":false,"master_deck":["Defend_G","Defend_G","Defend_G","Defend_G","Defend_G","Strike_G","Strike_G","Strike_G","Strike_G","Survivor","Neutralize","Blade Dance","Flying Knee","Infinite Blades","Bouncing Flask","Backflip","A Thousand Cuts","Outmaneuver","Prepared","Blade Dance","Blur","Dagger Throw","Footwork","Master of Strategy","Prepared","Prepared"],"max_hp_per_floor":[70,70,70,70,70,70,70,70,70,70,70,70,70,70,70,70,70,70,70,70,70,70,70],"relics":["Ring of the Snake","Torii","Oddly Smooth Stone","Orrery"],"campfire_meditates":0,"card_choices":[{"not_picked":["Dash","Crippling Poison"],"picked":"Blade Dance"},{"not_picked":["Crippling Poison","Eviscerate"],"picked":"Flying Knee"},{"not_picked":["PiercingWail","Deadly Poison"],"picked":"Bouncing Flask"},{"not_picked":["Bane","Backstab"],"picked":"Backflip"},{"not_picked":["Riddle With Holes","Outmaneuver"],"picked":"A Thousand Cuts"},{"not_picked":["Backflip","Deadly Poison"],"picked":"Outmaneuver"},{"not_picked":["Venomology","Bane"],"picked":"Prepared"},{"not_picked":["Dagger Throw","Skewer"],"picked":"Blade Dance"},{"not_picked":["Prepared","Distraction"],"picked":"Blur"},{"not_picked":["Slice","Leg Sweep"],"picked":"Dagger Throw"},{"not_picked":["PiercingWail","Sucker Punch"],"picked":"Prepared"},{"not_picked":["Slice","Doppelganger"],"picked":"Prepared"}],"player_experience":44237,"potions_floor_usage":[7,16,16,18,24,24],"damage_taken":[{"damage":0,"enemies":"2 Louse","floor":1,"turns":4},{"damage":2,"enemies":"Small Slimes","floor":3,"turns":4},{"damage":2,"enemies":"Blue Slaver","floor":5,"turns":4},{"damage":20,"enemies":"3 Sentries","floor":7,"turns":9},{"damage":0,"enemies":"2 Fungi Beasts","floor":10,"turns":4},{"damage":0,"enemies":"3 Louse","floor":11,"turns":4},{"damage":1,"enemies":"Red Slaver","floor":13,"turns":4},{"damage":10,"enemies":"The Guardian","floor":16,"turns":8},{"damage":10,"enemies":"3 Byrds","floor":18,"turns":3},{"damage":17,"enemies":"2 Thieves","floor":19,"turns":4},{"damage":14,"enemies":"Centurion and Healer","floor":21,"turns":7},{"damage":16,"enemies":"Snake Plant","floor":22,"turns":7},{"damage":13,"enemies":"3 Cultists","floor":24,"turns":7}],"event_choices":[{"event_name":"The Cleric","player_choice":"Leave","floor":2,"damage_taken":0},{"event_name":"World of Goop","player_choice":"Gather Gold","floor":12,"damage_taken":0},{"event_name":"Big Fish","player_choice":"Banana","floor":14,"damage_taken":0}],"boss_relics":[{"not_picked":["Calling Bell","Runic Dome"],"picked":"Orrery"}],"potions_floor_spawned":[1,5,7,11,18,19,22],"seed_played":"104830165246612071","killed_by":"3 Cultists","is_trial":false}