{"gold_per_floor":[217,237,160,177,197,197,197,232,306,321,331,331,341,185,185,288,288,301,318,195,214,214,214,247,247,273,173,193,204,204,215,215,319,319,330,330,19,19,19,19,38,38,108,108,120,137,164,39,39,39],"floor_reached":50,"playtime":1247,"items_purged":["Strike_R","Strike_R","Strike_R"],"score":618,"play_id":"587f5b70-9cf4-46de-97c8-a6eee88c85f0","local_time":"20181011180125","is_ascension_mode":true,"campfire_choices":[{"data":"Shrug It Off","floor":6.0,"key":"SMITH"},{"data":"Limit Break","floor":15.0,"key":"SMITH"},{"floor":23.0,"key":"REST"},{"floor":25,"key":"REST"},{"floor":30,"key":"REST"},{"floor":32,"key":"REST"},{"floor":40,"key":"REST"},{"floor":42,"key":"REST"},{"floor":44,"key":"REST"},{"floor":49,"key":"REST"}],"neow_cost":"NONE","seed_source_timestamp":107063636774606,"circlet_count":0,"master_deck":["Strike_R","Strike_R","Defend_R","Defend_R","Defend_R","Defend_R","Bash","Whirlwind","Shrug It Off+1","Shrug It Off+1","Sword Boomerang","Spot Weakness","Limit Break+1","Demon Form","Pommel Strike+1","Sword Boomerang","Dropkick","Sword Boomerang+1","Armaments+1","Shrug It Off","Reaper","Evolve+1"],"special_seed":0,"relics":["Burning Blood","Charon\u0027s Ashes","Gremlin Horn","Sozu","Potion Belt","Happy Flower","Fusion Hammer","Vajra","Pear","Red Skull"],"potions_floor_usage":[24],"damage_taken":[{"damage":0.0,"enemies":"2 Louse","floor":1.0,"turns":2.0},{"damage":3.0,"enemies":"Small Slimes","floor":2.0,"turns":3.0},{"damage":14.0,"enemies":"Jaw Worm","floor":4.0,"turns":3.0},{"damage":14.0,"enemies":"Lots of Slimes","floor":5.0,"turns":4.0},{"damage":14.0,"enemies":"3 Sentries","floor":8.0,"turns":6.0},{"damage":5.0,"enemies":"2 Fungi Beasts","floor":10.0,"turns":4.0},{"damage":10.0,"enemies":"Blue Slaver","floor":11.0,"turns":5.0},{"damage":8.0,"enemies":"Lots of Slimes","floor":13.0,"turns":3.0},{"damage":42.0,"enemies":"The Guardian","floor":16.0,"turns":8.0},{"damage":15.0,"enemies":"Shell Parasite","floor":18.0,"turns":4.0},{"damage":35.0,"enemies":"2 Thieves","floor":19.0,"turns":4.0},{"damage":30.0,"enemies":"Shelled Parasite and Fungi","floor":21.0,"turns":4.0},{"damage":16,"enemies":"Gremlin Leader","floor":24,"turns":5},{"damage":31,"enemies":"Snake Plant","floor":28,"turns":5},{"damage":5,"enemies":"Cultist and Chosen","floor":29,"turns":4},{"damage":11,"enemies":"Centurion and Healer","floor":31,"turns":5},{"damage":28,"enemies":"Champ","floor":33,"turns":7},{"damage":14,"enemies":"3 Shapes","floor":35,"turns":4},{"damage":6,"enemies":"Orb Walker","floor":41,"turns":2},{"damage":36,"enemies":"4 Shapes","floor":45,"turns":3},{"damage":19,"enemies":"3 Darklings","floor":46,"turns":2},{"damage":70,"enemies":"2 Orb Walkers","floor":47,"turns":6},{"damage":51,"enemies":"Time Eater","floor":50,"turns":4}],"seed_played":"5259105993879564585","potions_obtained":[{"floor":1.0,"key":"Block Potion"},{"floor":5.0,"key":"Strength Potion"},{"floor":11.0,"key":"Strength Potion"},{"floor":13.0,"key":"FearPotion"},{"floor":16.0,"key":"AttackPotion"}],"is_trial":false,"path_per_floor":["M","M","$","M","M","R","?","E","T","M","M","?","M","$","R","B",null,"M","M","$","M","?","R","E","R","T","$","M","M","R","M","R","B",null,"M","?","$","?","$","R","M","R","T","R","M","M","E","$","R"],"character_chosen":"IRONCLAD","items_purchased":["Whirlwind","Limit Break","Sword Boomerang","Vajra","Shrug It Off","Reaper"],"campfire_rested":8,"item_purchase_floors":[3,14,20,37,37,37],"current_hp_per_floor":[80,80,80,72,64,64,64,56,56,57,53,79,77,77,77,41,70,61,32,32,8,8,32,22,46,46,46,21,22,46,41,65,43,71,63,63,63,63,63,80,80,80,90,90,90,77,21,21,48,0],"gold":39,"neow_bonus":"HUNDRED_GOLD","is_prod":false,"is_daily":false,"chose_seed":false,"campfire_upgraded":2,"win_rate":0,"timestamp":1539270085,"path_taken":["M","M","$","M","M","R","?","E","T","M","M","?","M","$","R","BOSS","M","M","$","M","?","R","E","R","T","$","M","?","R","M","R","BOSS","M","?","$","?","$","R","M","R","T","R","M","M","E","$","R","BOSS"],"build_version":"2018-10-04v2","purchased_purges":3,"victory":false,"max_hp_per_floor":[80,80,80,80,80,80,80,80,80,80,80,80,80,80,80,80,80,80,80,80,80,80,80,80,80,80,80,80,80,80,80,80,80,80,80,80,80,80,80,80,80,80,90,90,90,90,90,90,90,90],"card_choices":[{"not_picked":["Burning Pact","Armaments","Pommel Strike"],"picked":"SKIP","floor":1.0},{"not_picked":["Body Slam","Clash","Brutality"],"picked":"SKIP","floor":2.0},{"not_picked":["Seeing Red","Iron Wave"],"picked":"Shrug It Off","floor":4.0},{"not_picked":["Heavy Blade","Clash"],"picked":"Shrug It Off","floor":5.0},{"not_picked":["Seeing Red","Flex","Cleave"],"picked":"SKIP","floor":8.0},{"not_picked":["Clash","Dual Wield"],"picked":"Sword Boomerang","floor":10.0},{"not_picked":["Seeing Red","Clothesline","Sever Soul"],"picked":"SKIP","floor":11.0},{"not_picked":["Blood for Blood","Carnage"],"picked":"Spot Weakness","floor":13.0},{"not_picked":["Berserk","Dark Embrace"],"picked":"Demon Form","floor":16.0},{"not_picked":["Combust","Cleave+1","Clash"],"picked":"SKIP","floor":18.0},{"not_picked":["Body Slam","Entrench"],"picked":"Pommel Strike+1","floor":19.0},{"not_picked":["Sword Boomerang","Clash+1","Shockwave+1"],"picked":"SKIP","floor":21.0},{"not_picked":["Whirlwind","Headbutt+1","Perfected Strike"],"picked":"SKIP","floor":24},{"not_picked":["Thunderclap+1","Shockwave"],"picked":"Dropkick","floor":28},{"not_picked":["Combust","Dropkick","Perfected Strike"],"picked":"SKIP","floor":29},{"not_picked":["Exhume","Reckless Charge+1"],"picked":"Sword Boomerang+1","floor":31},{"not_picked":["Havoc+1","Sword Boomerang+1"],"picked":"Armaments+1","floor":35},{"not_picked":["Havoc+1","Metallicize+1","Clash+1"],"picked":"SKIP","floor":41},{"not_picked":["Shrug It Off+1","Armaments+1"],"picked":"Evolve+1","floor":45},{"not_picked":["Uppercut","Wild Strike","Pommel Strike"],"picked":"SKIP","floor":46},{"not_picked":["Reckless Charge","Hemokinesis+1","Intimidate"],"picked":"SKIP","floor":47}],"player_experience":391345,"relics_obtained":[{"floor":8.0,"key":"Charon\u0027s Ashes"},{"floor":9.0,"key":"Gremlin Horn"},{"floor":24,"key":"Potion Belt"},{"floor":26,"key":"Happy Flower"},{"floor":43,"key":"Pear"},{"floor":47,"key":"Red Skull"}],"event_choices":[{"event_name":"Living Wall","player_choice":"Grow","floor":7.0,"damage_taken":0.0},{"event_name":"Big Fish","player_choice":"Banana","floor":12.0,"damage_taken":0.0},{"event_name":"Forgotten Altar","player_choice":"Smashed Altar","floor":22.0,"damage_taken":0.0},{"event_name":"Purifier","player_choice":"One Purge","floor":36,"damage_taken":0},{"event_name":"SensoryStone","player_choice":"Memory 1","floor":38,"damage_taken":0}],"is_beta":false,"boss_relics":[{"not_picked":["Runic Pyramid","Lizard Tail"],"picked":"Sozu"},{"not_picked":["Tiny House","Empty Cage"],"picked":"Fusion Hammer"}],"items_purged_floors":[20,27,48],"is_endless":false,"potions_floor_spawned":[1,5,11,13,16,21,29,33,35,45,47],"killed_by":"Time Eater","ascension_level":5}