{"gold_per_floor":[109,284,297,297,308,335,352,352,352,367,143,143,143,169,169,272,272,289,289],"floor_reached":19,"playtime":564,"items_purged":["Doubt"],"score":177,"play_id":"5bffa329-0484-4ae1-b344-7a8d848f3fe3","local_time":"20190123200002","is_ascension_mode":false,"campfire_choices":[{"data":"Demon Form","floor":8.0,"key":"SMITH"},{"data":"Metallicize","floor":13,"key":"SMITH"},{"data":"Sword Boomerang","floor":15,"key":"SMITH"}],"neow_cost":"NONE","seed_source_timestamp":340271074815431,"circlet_count":0,"master_deck":["Strike_R","Strike_R","Strike_R","Strike_R","Strike_R","Defend_R","Defend_R","Defend_R","Defend_R","Bash","Metallicize+1","Demon Form+1","Twin Strike","Sword Boomerang+1","Blind+1","Offering"],"special_seed":0,"relics":["Burning Blood","Sundial","Dodecahedron","Blue Candle","Ancient Tea Set","Runic Cube"],"potions_floor_usage":[14,14],"damage_taken":[{"damage":7.0,"enemies":"Small Slimes","floor":1.0,"turns":4.0},{"damage":8.0,"enemies":"Jaw Worm","floor":3.0,"turns":6.0},{"damage":4.0,"enemies":"2 Louse","floor":5.0,"turns":4.0},{"damage":38.0,"enemies":"Gremlin Nob","floor":6.0,"turns":7.0},{"damage":8.0,"enemies":"Red Slaver","floor":7.0,"turns":6.0},{"damage":18,"enemies":"3 Louse","floor":10,"turns":5},{"damage":23,"enemies":"3 Sentries","floor":14,"turns":7},{"damage":31,"enemies":"Slime Boss","floor":16,"turns":6},{"damage":40,"enemies":"2 Thieves","floor":18,"turns":3},{"damage":2,"enemies":"Masked Bandits","floor":19,"turns":2}],"seed_played":"-6088763601217114273","potions_obtained":[{"floor":1.0,"key":"Regen Potion"},{"floor":5.0,"key":"EssenceOfSteel"},{"floor":10,"key":"Regen Potion"},{"floor":18,"key":"GamblersBrew"}],"is_trial":false,"path_per_floor":["?","?","?","?"],"character_chosen":"IRONCLAD","items_purchased":["Sword Boomerang","Blind"],"campfire_rested":0,"item_purchase_floors":[11,11],"current_hp_per_floor":[87,87,85,78,80,48,46,46,46,34,34,34,34,62,62,37,88,54,52],"gold":289,"neow_bonus":"TEN_PERCENT_HP_BONUS","is_prod":false,"is_daily":false,"chose_seed":false,"campfire_upgraded":3,"win_rate":0,"timestamp":1548266402,"path_taken":["M","?","M","?","M","E","M","R","T","M","$","?","R","E","R","BOSS","M","?"],"build_version":"2019-01-23","purchased_purges":1,"victory":false,"max_hp_per_floor":[88,88,88,88,88,88,88,88,88,88,88,88,88,88,88,88,88,88,88],"card_choices":[{"not_picked":["Carnage","Rage"],"picked":"Metallicize","floor":1.0},{"not_picked":["Reckless Charge","Hemokinesis","Anger"],"picked":"SKIP","floor":3.0},{"not_picked":["Searing Blow","Perfected Strike","Ghostly Armor"],"picked":"SKIP","floor":5.0},{"not_picked":["Seeing Red","Burning Pact","Anger"],"picked":"SKIP","floor":6.0},{"not_picked":["Headbutt","Combust"],"picked":"Demon Form","floor":7.0},{"not_picked":["Dual Wield","Havoc"],"picked":"Twin Strike","floor":10},{"not_picked":["Fire Breathing","Anger","Disarm"],"picked":"SKIP","floor":14},{"not_picked":["Exhume","Brutality"],"picked":"Offering","floor":16},{"not_picked":["Perfected Strike","True Grit","Warcry"],"picked":"SKIP","floor":18}],"player_experience":558318,"relics_obtained":[{"floor":6.0,"key":"Dodecahedron"},{"floor":9.0,"key":"Blue Candle"},{"floor":14,"key":"Ancient Tea Set"}],"event_choices":[{"damage_healed":0.0,"max_hp_gain":0.0,"max_hp_loss":0.0,"gold_gain":175.0,"event_name":"Liars Game","player_choice":"AGREE","floor":2.0,"gold_loss":0.0,"damage_taken":0.0,"cards_obtained":["Doubt"]},{"damage_healed":0.0,"max_hp_gain":0.0,"max_hp_loss":0.0,"gold_gain":0.0,"event_name":"Scrap Ooze","player_choice":"Success","floor":4.0,"gold_loss":0.0,"damage_taken":7.0,"relics_obtained":["Sundial"]},{"damage_healed":0,"gold_gain":0,"player_choice":"Grow","damage_taken":0,"max_hp_gain":0,"max_hp_loss":0,"event_name":"Living Wall","floor":12,"gold_loss":0,"cards_upgraded":["Blind"]},{"damage_healed":0,"gold_gain":0,"player_choice":"Fought Bandits","damage_taken":0,"max_hp_gain":0,"max_hp_loss":0,"event_name":"Masked Bandits","floor":19,"gold_loss":0}],"is_beta":false,"boss_relics":[{"not_picked":["Tiny House","Pandora\u0027s Box"],"picked":"Runic Cube"}],"items_purged_floors":[11],"is_endless":false,"potions_floor_spawned":[1,5,10,18],"killed_by":"Masked Bandits","ascension_level":0}