{"gold_per_floor":[117,20,36,56,56,56,74,23,23,33,53,63,63,76,76,181,181,197,210,129,145,52,81,92,92,92,103,103,51,51],"floor_reached":30,"playtime":971,"items_purged":["Regret"],"score":246,"play_id":"4331eb69-eb98-40c4-b3a2-e3907d76f121","local_time":"20181224180917","is_ascension_mode":false,"campfire_choices":[{"floor":6,"key":"DIG"},{"floor":13,"key":"DIG"},{"floor":15,"key":"DIG"},{"floor":25,"key":"DIG"}],"neow_cost":"CURSE","seed_source_timestamp":335809189279803,"circlet_count":0,"master_deck":["Strike_B","Strike_B","Strike_B","Strike_B","Defend_B","Defend_B","Defend_B","Defend_B","Zap+1","Dualcast","Go for the Eyes","Conserve Battery","Leap","Leap+1","Ball Lightning","Machine Learning","FTL+1","Capacitor","Loop","Blind","Lockon","Steam"],"relics":["Cracked Core","Shovel","Pear","Orichalcum","Potion Belt","War Paint","Oddly Smooth Stone","Nuclear Battery","Darkstone Periapt","Pantograph","Boot","MutagenicStrength"],"potions_floor_usage":[19,23,23],"damage_taken":[{"damage":2,"enemies":"Small Slimes","floor":1,"turns":2},{"damage":0,"enemies":"Cultist","floor":3,"turns":3},{"damage":5,"enemies":"2 Louse","floor":4,"turns":2},{"damage":3,"enemies":"Lots of Slimes","floor":7,"turns":5},{"damage":0,"enemies":"3 Louse","floor":10,"turns":5},{"damage":0,"enemies":"2 Fungi Beasts","floor":11,"turns":2},{"damage":1,"enemies":"Exordium Thugs","floor":12,"turns":4},{"damage":4,"enemies":"Red Slaver","floor":14,"turns":3},{"damage":23,"enemies":"Hexaghost","floor":16,"turns":13},{"damage":4,"enemies":"3 Byrds","floor":18,"turns":6},{"damage":3,"enemies":"2 Thieves","floor":19,"turns":4},{"damage":10,"enemies":"Snake Plant","floor":21,"turns":6},{"damage":47,"enemies":"Slavers","floor":23,"turns":6},{"damage":2,"enemies":"Cultist and Chosen","floor":24,"turns":8},{"damage":9,"enemies":"Snecko","floor":27,"turns":6},{"damage":11,"enemies":"Centurion and Healer","floor":30,"turns":7}],"seed_played":"2641765858644139926","potions_obtained":[{"floor":1,"key":"FearPotion"},{"floor":7,"key":"Swift Potion"},{"floor":12,"key":"PowerPotion"},{"floor":16,"key":"Fire Potion"},{"floor":21,"key":"Explosive Potion"},{"floor":23,"key":"SteroidPotion"}],"is_trial":false,"path_per_floor":["M","$","M","M","$","R","M","?","T","M","M","M","R","M","R","B",null,"M","M","$","M","$","E","M","R","T","M","?","$","M"],"character_chosen":"DEFECT","items_purchased":["Conserve Battery","Capacitor","Blind","Steam"],"campfire_rested":0,"item_purchase_floors":[2,20,22,29],"current_hp_per_floor":[73,73,73,68,68,78,75,75,75,75,75,74,74,70,70,47,85,81,78,78,68,68,21,19,19,19,10,10,10,0],"gold":51,"neow_bonus":"ONE_RARE_RELIC","is_prod":false,"is_daily":false,"chose_seed":false,"campfire_upgraded":0,"win_rate":0,"timestamp":1545667757,"path_taken":["M","$","M","M","$","R","M","?","T","M","M","M","R","M","R","BOSS","M","?","$","?","$","E","M","R","T","?","?","$","M"],"build_version":"2018-12-20","purchased_purges":1,"victory":false,"max_hp_per_floor":[75,75,75,75,75,85,85,85,85,85,85,85,85,85,85,85,85,85,85,85,85,85,85,85,85,85,85,85,85,85],"card_choices":[{"not_picked":["Turbo","Cold Snap"],"picked":"Go for the Eyes","floor":1},{"not_picked":["Gash","Force Field"],"picked":"Leap","floor":3},{"not_picked":["Tempest","Turbo"],"picked":"Leap","floor":4},{"not_picked":["Lockon","Beam Cell","Gash"],"picked":"SKIP","floor":7},{"not_picked":["Meteor Strike","Rebound"],"picked":"Ball Lightning","floor":10},{"not_picked":["Beam Cell","White Noise","Sunder"],"picked":"SKIP","floor":11},{"not_picked":["Streamline","Gash","Lockon"],"picked":"SKIP","floor":12},{"not_picked":["Recycle","Streamline","Go for the Eyes"],"picked":"SKIP","floor":14},{"not_picked":["Echo Form","Buffer"],"picked":"Machine Learning","floor":16},{"not_picked":["Reinforced Body","Streamline","Blizzard+1"],"picked":"SKIP","floor":18},{"not_picked":["Cold Snap","Beam Cell"],"picked":"FTL+1","floor":19},{"not_picked":["Beam Cell","Compile Driver"],"picked":"Loop","floor":21},{"not_picked":["Cold Snap","Barrage"],"picked":"Lockon","floor":23},{"not_picked":["Blizzard","Compile Driver","Scrape"],"picked":"SKIP","floor":24},{"not_picked":["Doom and Gloom","Storm","Thunder Strike"],"picked":"SKIP","floor":27}],"player_experience":523107,"relics_obtained":[{"floor":6,"key":"Pear"},{"floor":9,"key":"Potion Belt"},{"floor":13,"key":"War Paint"},{"floor":15,"key":"Oddly Smooth Stone"},{"floor":23,"key":"Darkstone Periapt"},{"floor":25,"key":"Pantograph"},{"floor":26,"key":"Boot"}],"event_choices":[{"damage_healed":0,"gold_gain":0,"player_choice":"Paid Gold","damage_taken":0,"relics_obtained":["Orichalcum"],"max_hp_gain":0,"max_hp_loss":0,"event_name":"WeMeetAgain","floor":8,"gold_loss":51},{"damage_healed":0,"gold_gain":0,"player_choice":"Inject Mutagens","damage_taken":0,"relics_obtained":["MutagenicStrength"],"max_hp_gain":0,"max_hp_loss":0,"event_name":"Drug Dealer","floor":28,"gold_loss":0}],"is_beta":false,"boss_relics":[{"not_picked":["Calling Bell","Runic Dome"],"picked":"Nuclear Battery"}],"items_purged_floors":[2],"is_endless":false,"potions_floor_spawned":[1,7,12,16,21,23],"killed_by":"Centurion and Healer","ascension_level":0}