{"gold_per_floor":[114,125,142,155,174,174,174,194,218,143,92,427,427,527,527,658,688,703,703,714,197,207,232,232,245,245,245,264,283,296,211,211,313,313,333,347,347,362,362,362,376,411,438,438,458,478,478,80,80,80],"floor_reached":51,"playtime":3173,"items_purged":["Spot Weakness"],"score":1228,"play_id":"73b572dc-e426-4906-86c1-6a527222340f","local_time":"20180627210122","daily_mods":["Draft","Uncertain Future","Vintage"],"is_ascension_mode":false,"campfire_choices":[{"data":"Armaments","floor":7,"key":"SMITH"},{"data":"Metallicize","floor":13,"key":"SMITH"},{"data":"Battle Trance","floor":15,"key":"SMITH"},{"data":"Barricade","floor":24,"key":"SMITH"},{"data":"Shrug It Off","floor":27,"key":"SMITH"},{"data":"Entrench","floor":32,"key":"SMITH"},{"data":"Body Slam","floor":40,"key":"SMITH"},{"data":"Body Slam","floor":44,"key":"SMITH"},{"data":"Flame Barrier","floor":49,"key":"SMITH"}],"neow_cost":"","seed_source_timestamp":0,"circlet_count":0,"master_deck":["Whirlwind","Battle Trance+1","Flex+1","True Grit+1","Body Slam+1","Body Slam+1","Twin Strike","Flame Barrier+1","Rampage+1","Headbutt+1","Thunderclap+1","Clothesline","Armaments+1","Metallicize+1","Shrug It Off+1","Barricade+1","Flex","Iron Wave","Entrench+1","Body Slam+1","Shrug It Off+1"],"relics":["Burning Blood","Art of War","Ancient Tea Set","Blood Vial","Bag of Marbles","Smiling Mask","Letter Opener","Bronze Scales","Old Coin","Tiny Chest","Tiny House","Whetstone","Singing Bowl","War Paint","Self Forming Clay","Meat on the Bone","Bottled Tornado","Paper Frog","Matryoshka","Bottled Lightning","Boot","Ornamental Fan","Regal Pillow","Bag of Preparation","Orrery","Vajra","Pen Nib","Happy Flower","Red Skull","Omamori","Anchor","Juzu Bracelet","Strawberry","Toxic Egg 2","Frozen Egg 2","Thread and Needle"],"potions_floor_usage":[22,29,38,42,50,50,50],"damage_taken":[{"damage":0,"enemies":"2 Louse","floor":1,"turns":2},{"damage":6,"enemies":"Jaw Worm","floor":2,"turns":2},{"damage":0,"enemies":"Cultist","floor":3,"turns":2},{"damage":6,"enemies":"Exordium Thugs","floor":4,"turns":4},{"damage":5,"enemies":"Looter","floor":5,"turns":2},{"damage":0,"enemies":"Gremlin Gang","floor":8,"turns":3},{"damage":8,"enemies":"3 Sentries","floor":12,"turns":3},{"damage":12,"enemies":"The Guardian","floor":16,"turns":7},{"damage":0,"enemies":"Chosen","floor":18,"turns":5},{"damage":20,"enemies":"3 Byrds","floor":20,"turns":3},{"damage":16,"enemies":"Snake Plant","floor":22,"turns":4},{"damage":35,"enemies":"Slavers","floor":23,"turns":4},{"damage":0,"enemies":"Sentry and Sphere","floor":25,"turns":4},{"damage":4,"enemies":"3 Cultists","floor":28,"turns":4},{"damage":12,"enemies":"Centurion and Healer","floor":29,"turns":4},{"damage":1,"enemies":"Chosen and Byrds","floor":30,"turns":5},{"damage":0,"enemies":"Champ","floor":33,"turns":9},{"damage":23,"enemies":"Orb Walker","floor":35,"turns":4},{"damage":16,"enemies":"3 Shapes","floor":36,"turns":2},{"damage":3,"enemies":"Spire Growth","floor":38,"turns":5},{"damage":0,"floor":39,"turns":3},{"damage":0,"enemies":"Sphere and 2 Shapes","floor":41,"turns":4},{"damage":20,"enemies":"2 Orb Walkers","floor":42,"turns":4},{"damage":0,"enemies":"Maw","floor":45,"turns":5},{"damage":0,"enemies":"Transient","floor":46,"turns":5},{"damage":0,"enemies":"Time Eater","floor":50,"turns":8}],"seed_played":"-4391592572760943271","potions_obtained":[{"floor":3,"key":"Dexterity Potion"},{"floor":4,"key":"Fire Potion"},{"floor":12,"key":"Fire Potion"},{"floor":17,"key":"Weak Potion"},{"floor":18,"key":"Regen Potion"},{"floor":23,"key":"GamblersBrew"},{"floor":39,"key":"Ancient Potion"},{"floor":41,"key":"Swift Potion"},{"floor":42,"key":"Fire Potion"},{"floor":45,"key":"Poison Potion"}],"is_trial":true,"path_per_floor":["M","M","M","M","M","?","R","M","T","$","$","E","R","?","R","B",null,"M","?","M","$","M","E","R","M","T","R","M","M","M","?","R","B",null,"M","M","?","M","?","R","M","E","T","R","M","M","?","$","R","B"],"character_chosen":"IRONCLAD","items_purchased":["Metallicize","Shrug It Off","Iron Wave","Entrench","War Paint","Self Forming Clay","Thread and Needle","Shrug It Off+1"],"campfire_rested":0,"item_purchase_floors":[10,11,21,21,21,21,48,48],"current_hp_per_floor":[80,80,80,80,80,80,80,80,80,80,80,78,78,78,78,74,85,85,69,57,57,63,50,50,58,58,58,62,58,65,65,65,75,102,85,77,77,82,92,92,100,90,97,97,105,113,113,113,113,113],"gold":80,"neow_bonus":"","is_prod":false,"is_daily":false,"chose_seed":false,"campfire_upgraded":9,"win_rate":0,"timestamp":1530126082,"path_taken":["M","M","M","M","M","?","R","M","T","?","$","E","R","?","R","BOSS","M","?","M","$","M","E","R","?","T","R","M","M","M","?","R","BOSS","M","M","?","M","?","R","M","E","T","R","M","M","?","$","R","BOSS"],"build_version":"2018-06-26","purchased_purges":1,"victory":true,"max_hp_per_floor":[80,80,80,80,80,80,80,80,80,80,80,80,80,80,80,80,85,85,90,90,90,90,92,92,92,92,92,92,92,92,92,92,94,102,102,102,102,102,104,104,104,106,113,113,113,113,113,113,113,113],"card_choices":[{"not_picked":["Clash","Body Slam"],"picked":"Whirlwind","floor":0},{"not_picked":["Clothesline","Flame Barrier"],"picked":"Battle Trance","floor":0},{"not_picked":["Sword Boomerang","Warcry"],"picked":"Flex","floor":0},{"not_picked":["Warcry","Second Wind"],"picked":"True Grit","floor":0},{"not_picked":["Clothesline","Thunderclap"],"picked":"Body Slam","floor":0},{"not_picked":["Perfected Strike","Infernal Blade"],"picked":"Body Slam","floor":0},{"not_picked":["Clothesline","Flex"],"picked":"Twin Strike","floor":0},{"not_picked":["Rampage","Infernal Blade"],"picked":"Flame Barrier","floor":0},{"not_picked":["Spot Weakness","Flex"],"picked":"Pommel Strike","floor":0},{"not_picked":["Havoc","True Grit"],"picked":"Rampage","floor":0},{"not_picked":["Hemokinesis","Thunderclap"],"picked":"Headbutt","floor":0},{"not_picked":["Combust","Rupture"],"picked":"Thunderclap","floor":0},{"not_picked":["Twin Strike","Thunderclap"],"picked":"Clothesline","floor":0},{"not_picked":["Infernal Blade","Iron Wave"],"picked":"Armaments","floor":0},{"not_picked":["Bloodletting","Headbutt"],"picked":"Spot Weakness","floor":0},{"not_picked":["Twin Strike","Headbutt","Armaments"],"picked":"SKIP","floor":12},{"not_picked":["Limit Break","Immolate"],"picked":"Barricade","floor":16},{"not_picked":["Rampage","Spot Weakness"],"picked":"Flex","floor":17},{"not_picked":["Sword Boomerang","Battle Trance","Clash"],"picked":"Singing Bowl","floor":23},{"not_picked":["Double Tap","Feed","Barricade"],"picked":"Singing Bowl","floor":33},{"not_picked":["Power Through","Hemokinesis","Dual Wield"],"picked":"Singing Bowl","floor":34},{"not_picked":["Sword Boomerang+1","Iron Wave"],"picked":"Body Slam+1","floor":34},{"not_picked":["Twin Strike","Thunderclap+1","Reckless Charge"],"picked":"Singing Bowl","floor":34},{"not_picked":["Headbutt","Perfected Strike","Blood for Blood+1"],"picked":"Singing Bowl","floor":34},{"not_picked":["Wild Strike+1","Burning Pact","Body Slam"],"picked":"Singing Bowl","floor":34},{"not_picked":["Iron Wave+1","Blood for Blood","Pommel Strike+1"],"picked":"Singing Bowl","floor":39},{"not_picked":["Juggernaut","Headbutt","Flex+1"],"picked":"Singing Bowl","floor":42}],"player_experience":532329,"relics_obtained":[{"floor":1,"key":"Art of War"},{"floor":2,"key":"Ancient Tea Set"},{"floor":3,"key":"Blood Vial"},{"floor":4,"key":"Bag of Marbles"},{"floor":5,"key":"Smiling Mask"},{"floor":8,"key":"Letter Opener"},{"floor":9,"key":"Bronze Scales"},{"floor":12,"key":"Old Coin"},{"floor":16,"key":"Tiny Chest"},{"floor":18,"key":"Whetstone"},{"floor":20,"key":"Singing Bowl"},{"floor":22,"key":"Meat on the Bone"},{"floor":23,"key":"Bottled Tornado"},{"floor":25,"key":"Paper Frog"},{"floor":26,"key":"Matryoshka"},{"floor":28,"key":"Bottled Lightning"},{"floor":29,"key":"Boot"},{"floor":30,"key":"Ornamental Fan"},{"floor":33,"key":"Bag of Preparation"},{"floor":35,"key":"Vajra"},{"floor":36,"key":"Pen Nib"},{"floor":38,"key":"Happy Flower"},{"floor":39,"key":"Red Skull"},{"floor":41,"key":"Omamori"},{"floor":42,"key":"Anchor"},{"floor":43,"key":"Juzu Bracelet"},{"floor":43,"key":"Strawberry"},{"floor":45,"key":"Toxic Egg 2"},{"floor":46,"key":"Frozen Egg 2"}],"event_choices":[{"event_name":"The Cleric","player_choice":"Leave","floor":6,"damage_taken":0},{"event_name":"Golden Shrine","player_choice":"Pray","floor":14,"damage_taken":0},{"event_name":"Forgotten Altar","player_choice":"Shed Blood","floor":19,"damage_taken":0},{"event_name":"Addict","player_choice":"Obtained Relic","floor":31,"damage_taken":0},{"event_name":"Tomb of Lord Red Mask","player_choice":"Ignored","floor":37,"damage_taken":0},{"event_name":"MindBloom","player_choice":"Fight","floor":39,"damage_taken":0},{"event_name":"Falling","player_choice":"Removed Attack","floor":47,"damage_taken":0}],"boss_relics":[{"not_picked":["Mark of Pain","Astrolabe"],"picked":"Tiny House"},{"not_picked":["Calling Bell","Runic Cube"],"picked":"Orrery"}],"items_purged_floors":[48],"is_endless":false,"potions_floor_spawned":[3,4,12,18,20,23,39,41,42,45],"ascension_level":0}