{"gold_per_floor":[119,119,119,40,56,82,92,111,111,121,121],"floor_reached":11,"playtime":229,"items_purged":[],"score":75,"play_id":"1b35ef88-25c7-489b-b285-bb533f46f6ac","local_time":"20180909000453","is_ascension_mode":false,"campfire_choices":[],"neow_cost":"NONE","seed_source_timestamp":74386108806164,"circlet_count":0,"master_deck":["Strike_R","Strike_R","Strike_R","Strike_R","Strike_R","Defend_R","Defend_R","Defend_R","Bash","Dropkick","Regret","Inflame","Thunderclap"],"relics":["Burning Blood","Centennial Puzzle","Dodecahedron","Smiling Mask"],"potions_floor_usage":[],"damage_taken":[{"damage":6,"enemies":"Cultist","floor":1,"turns":3},{"damage":14,"enemies":"Jaw Worm","floor":5,"turns":2},{"damage":39,"enemies":"Gremlin Nob","floor":6,"turns":5},{"damage":2,"enemies":"Small Slimes","floor":7,"turns":3},{"damage":18,"enemies":"Exordium Wildlife","floor":8,"turns":5},{"damage":26,"enemies":"Looter","floor":10,"turns":3},{"damage":11,"enemies":"2 Fungi Beasts","floor":11,"turns":2}],"seed_played":"9145265094041818862","potions_obtained":[{"floor":1,"key":"Regen Potion"}],"is_trial":false,"path_per_floor":["M","$","?","$","M","E","M","M","T","M"],"character_chosen":"IRONCLAD","items_purchased":["Inflame"],"campfire_rested":0,"item_purchase_floors":[4],"current_hp_per_floor":[80,80,80,80,72,39,43,31,31,11,0],"gold":121,"neow_bonus":"TRANSFORM_CARD","is_prod":false,"is_daily":false,"chose_seed":false,"campfire_upgraded":0,"win_rate":0,"timestamp":1536440693,"path_taken":["M","$","?","$","M","E","M","M","T","M","M"],"build_version":"2018-09-06","purchased_purges":0,"victory":false,"max_hp_per_floor":[80,80,80,80,80,80,80,80,80,80,80],"card_choices":[{"not_picked":["Carnage","Havoc","Hemokinesis"],"picked":"SKIP","floor":1},{"not_picked":["Heavy Blade","Rupture","Entrench"],"picked":"SKIP","floor":5},{"not_picked":["Feel No Pain","Clothesline","Rupture"],"picked":"SKIP","floor":6},{"not_picked":["Pommel Strike","Uppercut"],"picked":"Thunderclap","floor":7},{"not_picked":["Havoc","Anger","Headbutt"],"picked":"SKIP","floor":8},{"not_picked":["Heavy Blade","Double Tap","Disarm"],"picked":"SKIP","floor":10}],"player_experience":344843,"relics_obtained":[{"floor":6,"key":"Dodecahedron"},{"floor":9,"key":"Smiling Mask"}],"event_choices":[{"event_name":"Big Fish","player_choice":"Box","floor":3,"damage_taken":0}],"is_beta":false,"boss_relics":[],"items_purged_floors":[],"is_endless":false,"potions_floor_spawned":[1],"killed_by":"2 Fungi Beasts","ascension_level":0}