{"path_per_floor":["M","M","M","M","$","R","E","R","T","$","M","R","?","M","R","B",null,"M","M","$","M","M","M","M","?","T","?","M","R","$","M","R","B",null,"M","M","M","$","M","M","R","M","T","$","R","?","M","?","R","B"],"character_chosen":"DEFECT","items_purchased":["Sunder","Leap","Static Discharge","Bottled Lightning","Lantern","Leap","Explosive Potion"],"gold_per_floor":[119,138,155,171,99,99,130,130,130,6,22,22,22,37,37,138,138,149,166,166,178,190,200,214,214,290,290,304,304,61,73,73,176,176,192,208,222,222,234,245,245,259,259,12,12,12,31,31,31,31],"floor_reached":51,"campfire_rested":0,"playtime":2863,"current_hp_per_floor":[74,67,67,57,57,57,48,48,48,48,44,44,44,44,44,26,75,65,59,59,49,47,41,35,35,45,45,29,37,37,31,39,26,85,82,75,69,69,52,22,30,29,29,29,39,39,39,39,49,20],"items_purged":[],"gold":31,"score":632,"play_id":"d9422e69-de1c-4e4b-a239-394dc873dac1","local_time":"20180505235943","is_prod":false,"is_daily":false,"chose_seed":false,"is_ascension_mode":false,"campfire_upgraded":9,"timestamp":1525553983,"path_taken":["M","M","M","M","$","R","E","R","T","$","M","R","?","M","R","BOSS","M","M","$","M","M","M","M","?","T","?","M","R","$","M","R","BOSS","M","M","M","$","M","M","R","M","T","$","R","?","M","?","R","BOSS"],"build_version":"2018-05-03","seed_source_timestamp":7354740394803,"purchased_purges":0,"victory":true,"master_deck":["Strike_B","Strike_B","Defend_B","Defend_B","Defend_B","Defend_B","Zap+1","Dualcast+1","Lockon","Auto Shields","Double Energy+1","Sunder","Darkness+1","Leap","Static Discharge+1","Reinforced Body+1","Static Discharge+1","Seek+1","Turbo+1","Buffer+1","Double Energy+1","Seek+1","Self Repair","Leap","Leap+1","Panacea"],"max_hp_per_floor":[75,75,75,75,75,75,75,75,75,75,75,75,75,75,75,75,75,75,75,75,75,75,75,75,75,85,85,85,85,85,85,85,85,85,85,85,85,85,85,85,85,85,85,85,85,85,85,85,85,85],"relics":["Cracked Core","Juzu Bracelet","Letter Opener","Eternal Feather","Pear","Bottled Lightning","Velvet Choker","Bottled Tornado","Lantern"],"card_choices":[{"not_picked":["Axe Kick","Glacier"],"picked":"Lockon","floor":2.0},{"not_picked":["Turbo","Skim"],"picked":"Auto Shields","floor":3.0},{"not_picked":["Rebound","Heatsinks"],"picked":"Double Energy","floor":4.0},{"not_picked":["Doom and Gloom","Cold Snap"],"picked":"Darkness","floor":7.0},{"not_picked":["Streamline","Beam Cell"],"picked":"Reinforced Body","floor":11.0},{"not_picked":["Barrage","Ball Lightning"],"picked":"Static Discharge","floor":14.0},{"not_picked":["Redo","Thunder Strike"],"picked":"Seek","floor":16.0},{"not_picked":["Barrage","Aggregate"],"picked":"Turbo","floor":18.0},{"not_picked":["Coolheaded","Impulse"],"picked":"Buffer","floor":19.0},{"not_picked":["Go for the Eyes","Chill"],"picked":"Double Energy","floor":31.0},{"not_picked":["Meteor Strike","Machine Learning"],"picked":"Seek","floor":33.0},{"not_picked":["Ball Lightning","Recycle"],"picked":"Self Repair","floor":37.0},{"not_picked":["Conserve Battery","Hologram"],"picked":"Leap","floor":47},{"not_picked":["Bandage Up","Dramatic Entrance"],"picked":"Panacea","floor":48}],"player_experience":130379,"potions_floor_usage":[42,47,50,50],"damage_taken":[{"damage":1.0,"enemies":"Jaw Worm","floor":1.0,"turns":4.0},{"damage":7.0,"enemies":"Small Slimes","floor":2.0,"turns":3.0},{"damage":0.0,"enemies":"2 Louse","floor":3.0,"turns":1.0},{"damage":10.0,"enemies":"Large Slime","floor":4.0,"turns":5.0},{"damage":9.0,"enemies":"3 Sentries","floor":7.0,"turns":5.0},{"damage":4.0,"enemies":"Lots of Slimes","floor":11.0,"turns":4.0},{"damage":0.0,"enemies":"Blue Slaver","floor":14.0,"turns":2.0},{"damage":18.0,"enemies":"Slime Boss","floor":16.0,"turns":6.0},{"damage":10.0,"enemies":"Chosen","floor":18.0,"turns":4.0},{"damage":6.0,"enemies":"Spheric Guardian","floor":19.0,"turns":3.0},{"damage":10.0,"enemies":"Centurion and Healer","floor":21.0,"turns":3.0},{"damage":2.0,"enemies":"Sentry and Sphere","floor":22.0,"turns":5.0},{"damage":6.0,"enemies":"Snecko","floor":23.0,"turns":4.0},{"damage":6.0,"enemies":"Cultist and Chosen","floor":24.0,"turns":5.0},{"damage":16.0,"enemies":"Slaver and Parasite","floor":28.0,"turns":5.0},{"damage":6.0,"enemies":"3 Cultists","floor":31.0,"turns":3.0},{"damage":28.0,"enemies":"Automaton","floor":33.0,"turns":11.0},{"damage":3.0,"enemies":"Orb Walker","floor":35.0,"turns":3.0},{"damage":7.0,"enemies":"Flame Bruiser 1 Orb","floor":36.0,"turns":5.0},{"damage":6.0,"enemies":"3 Darklings","floor":37.0,"turns":4.0},{"damage":24.0,"enemies":"Flame Bruiser 2 Orb","floor":39.0,"turns":4.0},{"damage":37.0,"enemies":"Spire Growth","floor":40.0,"turns":5.0},{"damage":8,"enemies":"4 Shapes","floor":42,"turns":5},{"damage":0,"enemies":"Sphere and 2 Shapes","floor":47,"turns":4},{"damage":44,"enemies":"Time Eater","floor":50,"turns":15}],"event_choices":[{"event_name":"Living Wall","player_choice":"Grow","floor":13.0,"damage_taken":0.0},{"event_name":"Beggar","player_choice":"Ignored","floor":25.0,"damage_taken":0.0},{"event_name":"Bonfire Elementals","player_choice":"BASIC","floor":27.0,"damage_taken":0.0},{"event_name":"Purifier","player_choice":"One Purge","floor":46,"damage_taken":0},{"event_name":"SensoryStone","player_choice":"Memory 1","floor":48,"damage_taken":0}],"boss_relics":[],"potions_floor_spawned":[2,3,7,11,16,18,23,24,28,36,37,42],"seed_played":"-300826519934133706","ascension_level":0,"is_trial":false}