{"gold_per_floor":[117,71,91,109,125,142,171,187,187,217,217,248,248,263,263,263],"floor_reached":16,"playtime":2698,"items_purged":[],"score":114,"play_id":"9d88b6be-d81e-4317-bec4-5aa03360f36a","local_time":"20190725204003","is_ascension_mode":false,"campfire_choices":[{"floor":11,"key":"REST"},{"floor":15,"key":"REST"}],"neow_cost":"NONE","seed_source_timestamp":1057407537329153,"circlet_count":0,"master_deck":["Strike_G","Strike_G","Strike_G","Strike_G","Defend_G","Defend_G","Defend_G","Defend_G","Defend_G","Survivor","Neutralize","Bouncing Flask","Dodge and Roll","Prepared","Flechettes","PiercingWail","Backflip","Backflip","Doppelganger","Dagger Spray","Burst","Poisoned Stab"],"relics":["Ring of the Snake","Omamori","Bottled Lightning","Odd Mushroom","Orichalcum"],"potions_floor_usage":[12,12,16,16],"damage_taken":[{"damage":0,"enemies":"2 Louse","floor":1,"turns":4},{"damage":0,"enemies":"Jaw Worm","floor":3,"turns":5},{"damage":0,"enemies":"Cultist","floor":4,"turns":3},{"damage":10,"enemies":"2 Fungi Beasts","floor":5,"turns":4},{"damage":2,"enemies":"3 Louse","floor":6,"turns":5},{"damage":19,"enemies":"Gremlin Nob","floor":7,"turns":5},{"damage":4,"enemies":"Gremlin Gang","floor":8,"turns":8},{"damage":29,"enemies":"The Mushroom Lair","floor":10,"turns":8},{"damage":23,"enemies":"Lagavulin","floor":12,"turns":8},{"damage":0,"enemies":"Blue Slaver","floor":14,"turns":4},{"damage":38,"enemies":"Slime Boss","floor":16,"turns":10}],"seed_played":"-6311395764811209110","potions_obtained":[{"floor":3,"key":"Strength Potion"},{"floor":7,"key":"SkillPotion"},{"floor":8,"key":"Explosive Potion"},{"floor":12,"key":"FearPotion"}],"is_trial":false,"path_per_floor":["M","$","M","M","M","M","E","M","T","?","R","E","?","M","R","B"],"character_chosen":"THE_SILENT","items_purchased":["Dodge and Roll"],"campfire_rested":2,"item_purchase_floors":[2],"current_hp_per_floor":[77,77,77,77,67,65,46,42,42,13,36,13,13,13,36,0],"gold":263,"neow_bonus":"TEN_PERCENT_HP_BONUS","is_prod":false,"is_daily":false,"chose_seed":false,"campfire_upgraded":0,"win_rate":0.0,"timestamp":1564105203,"path_taken":["M","$","M","M","M","M","E","M","T","?","R","E","?","M","R","BOSS"],"build_version":"2019-07-17","purchased_purges":0,"victory":false,"max_hp_per_floor":[77,77,77,77,77,77,77,77,77,77,77,77,77,77,77,77],"card_choices":[{"not_picked":["Deadly Poison","Sucker Punch"],"picked":"Bouncing Flask","floor":1},{"not_picked":["Riddle With Holes","Dagger Throw"],"picked":"Prepared","floor":3},{"not_picked":["All Out Attack","Dagger Spray"],"picked":"Flechettes","floor":4},{"not_picked":["Poisoned Stab","Endless Agony"],"picked":"PiercingWail","floor":5},{"not_picked":["Poisoned Stab","Flying Knee"],"picked":"Backflip","floor":6},{"not_picked":["Deadly Poison","Slice"],"picked":"Backflip","floor":7},{"not_picked":["Masterful Stab","Blade Dance"],"picked":"Doppelganger","floor":8},{"not_picked":["Deadly Poison","Backflip"],"picked":"Dagger Spray","floor":10},{"not_picked":["Choke","Flying Knee"],"picked":"Burst","floor":12},{"not_picked":["Quick Slash","Terror"],"picked":"Poisoned Stab","floor":14}],"player_experience":16549,"relics_obtained":[{"floor":7,"key":"Omamori"},{"floor":9,"key":"Bottled Lightning"},{"floor":10,"key":"Odd Mushroom"},{"floor":12,"key":"Orichalcum"}],"event_choices":[{"damage_healed":0,"gold_gain":0,"player_choice":"Fought Mushrooms","damage_taken":0,"max_hp_gain":0,"max_hp_loss":0,"event_name":"Mushrooms","floor":10,"gold_loss":0},{"cards_removed":["Strike_G"],"damage_healed":0,"gold_gain":0,"player_choice":"Purged","damage_taken":0,"max_hp_gain":0,"max_hp_loss":0,"event_name":"Purifier","floor":13,"gold_loss":0}],"is_beta":false,"boss_relics":[],"items_purged_floors":[],"is_endless":false,"potions_floor_spawned":[3,7,8,12],"killed_by":"Slime Boss","ascension_level":0}