{"gold_per_floor":[109,128,75,75,25,60,79,91,91,91,16,16,16,46,46,145,145,157,170,182,193,58,58,71,71,119,119,138,157,157,207,207,310,310,324,338,338,438,245,245,245,5,5,23,34,34,34,34,34,34],"floor_reached":51,"playtime":1552,"items_purged":["Parasite","Strike_R"],"score":655,"play_id":"e8de1dcd-78b6-476e-bb07-e4db048112e4","local_time":"20181224190846","is_ascension_mode":false,"campfire_choices":[{"data":"Armaments","floor":12.0,"key":"SMITH"},{"data":"Demon Form","floor":13.0,"key":"SMITH"},{"data":"Body Slam","floor":15.0,"key":"SMITH"},{"data":"Body Slam","floor":23.0,"key":"SMITH"},{"data":"Juggernaut","floor":27.0,"key":"SMITH"},{"floor":30.0,"key":"REST"},{"floor":32.0,"key":"REST"},{"data":"Ghostly Armor","floor":40.0,"key":"SMITH"},{"data":"Blind","floor":47,"key":"SMITH"},{"data":"Shrug It Off","floor":49,"key":"SMITH"}],"neow_cost":"NONE","seed_source_timestamp":338772594848541,"circlet_count":0,"master_deck":["Strike_R","Strike_R","Defend_R","Defend_R","Defend_R+1","Defend_R+1","Bash","Body Slam+1","Armaments+1","Demon Form+1","Juggernaut+1","Body Slam+1","Ghostly Armor+1","Ghostly Armor+1","Shrug It Off+1","Shrug It Off+1","Blind+1"],"special_seed":0,"relics":["Burning Blood","Gremlin Horn","WingedGreaves","Ice Cream","Eternal Feather","Bronze Scales","Cursed Key","Peace Pipe","Bag of Preparation","Mummified Hand"],"potions_floor_usage":[50,50],"damage_taken":[{"damage":3.0,"enemies":"Small Slimes","floor":1.0,"turns":3.0},{"damage":8.0,"enemies":"Jaw Worm","floor":2.0,"turns":3.0},{"damage":54.0,"enemies":"Lagavulin","floor":6.0,"turns":10.0},{"damage":4.0,"enemies":"Cultist","floor":7.0,"turns":4.0},{"damage":0.0,"enemies":"Exordium Wildlife","floor":8.0,"turns":4.0},{"damage":27.0,"enemies":"Gremlin Nob","floor":14.0,"turns":4.0},{"damage":35.0,"enemies":"Slime Boss","floor":16.0,"turns":15.0},{"damage":21.0,"enemies":"3 Byrds","floor":18.0,"turns":7.0},{"damage":10.0,"enemies":"Chosen","floor":19.0,"turns":4.0},{"damage":37.0,"enemies":"Snake Plant","floor":20.0,"turns":5.0},{"damage":24.0,"enemies":"3 Cultists","floor":21.0,"turns":7.0},{"damage":12.0,"enemies":"Chosen and Byrds","floor":24.0,"turns":9.0},{"damage":8.0,"enemies":"Snake Plant","floor":28.0,"turns":4.0},{"damage":21.0,"enemies":"3 Cultists","floor":29.0,"turns":5.0},{"damage":47.0,"enemies":"Champ","floor":33.0,"turns":13.0},{"damage":4.0,"enemies":"3 Darklings","floor":35.0,"turns":5.0},{"damage":13.0,"enemies":"Orb Walker","floor":36.0,"turns":4.0},{"damage":2.0,"enemies":"Mind Bloom Boss Battle","floor":38.0,"turns":6.0},{"damage":0,"enemies":"Spire Growth","floor":44,"turns":4},{"damage":0,"enemies":"Jaw Worm Horde","floor":45,"turns":3},{"damage":27,"enemies":"Awakened One","floor":50,"turns":10}],"seed_played":"-2863306122953798251","potions_obtained":[{"floor":2.0,"key":"BloodPotion"},{"floor":6.0,"key":"Regen Potion"},{"floor":16.0,"key":"PowerPotion"},{"floor":18.0,"key":"PowerPotion"},{"floor":19.0,"key":"Ancient Potion"},{"floor":35.0,"key":"Strength Potion"},{"floor":38.0,"key":"Poison Potion"}],"is_trial":false,"path_per_floor":["M","M","$","?","?","E","M","M","T","?","$","R","R","E","R","B",null,"M","M","M","M","$","R","M","$","T","R","M","M","R","?","R","B",null,"M","M","?","?","$","R","?","$","T","M","M","?","R","$","R","B",null],"character_chosen":"IRONCLAD","items_purchased":["Armaments","Ghostly Armor","Bag of Preparation","Shrug It Off","Mummified Hand"],"campfire_rested":2,"item_purchase_floors":[3,22,39,39,42],"current_hp_per_floor":[88,86,86,68,68,28,30,36,36,58,58,58,58,49,49,20,85,70,66,35,17,17,26,20,20,20,29,27,12,46,46,80,39,85,85,78,78,82,82,85,85,85,85,85,85,85,85,85,85,64],"gold":34,"neow_bonus":"TEN_PERCENT_HP_BONUS","is_prod":false,"is_daily":false,"chose_seed":false,"campfire_upgraded":8,"win_rate":0,"timestamp":1545671326,"path_taken":["M","M","$","?","?","E","M","M","T","?","$","R","R","E","R","BOSS","M","M","M","M","$","R","M","$","T","R","M","M","R","?","R","BOSS","M","M","?","?","$","R","?","$","T","M","M","?","R","?","R","BOSS"],"build_version":"2018-12-20","purchased_purges":2,"victory":true,"max_hp_per_floor":[88,88,88,88,88,88,88,88,88,88,85,85,85,85,85,85,85,85,85,85,85,85,85,85,85,85,85,85,85,85,85,85,85,85,85,85,85,85,85,85,85,85,85,85,85,85,85,85,85,85],"card_choices":[{"not_picked":["True Grit","Heavy Blade","Wild Strike"],"picked":"SKIP","floor":1.0},{"not_picked":["Bloodletting","Corruption"],"picked":"Body Slam","floor":2.0},{"not_picked":["Wild Strike","Heavy Blade"],"picked":"Demon Form","floor":6.0},{"not_picked":["Sword Boomerang","Thunderclap","Battle Trance"],"picked":"SKIP","floor":7.0},{"not_picked":["Clothesline","Iron Wave","Entrench"],"picked":"SKIP","floor":8.0},{"not_picked":["Armaments","Warcry","Headbutt"],"picked":"SKIP","floor":14.0},{"not_picked":["Reaper","Berserk"],"picked":"Juggernaut","floor":16.0},{"not_picked":["Clothesline","Iron Wave+1","Thunderclap"],"picked":"SKIP","floor":18.0},{"not_picked":["Heavy Blade","Power Through"],"picked":"Body Slam","floor":19.0},{"not_picked":["Iron Wave","Battle Trance"],"picked":"Ghostly Armor+1","floor":20.0},{"not_picked":["Intimidate","Headbutt","Hemokinesis"],"picked":"SKIP","floor":21.0},{"not_picked":["Barricade","Anger","Flex"],"picked":"SKIP","floor":24.0},{"not_picked":["Whirlwind+1","Thunderclap","Havoc+1"],"picked":"SKIP","floor":28.0},{"not_picked":["Perfected Strike","Thunderclap+1","Rage"],"picked":"SKIP","floor":29.0},{"not_picked":["Twin Strike+1","True Grit","Perfected Strike+1"],"picked":"SKIP","floor":35.0},{"not_picked":["Heavy Blade+1","Thunderclap"],"picked":"Shrug It Off+1","floor":36.0},{"not_picked":["Feel No Pain","Spot Weakness","Clothesline"],"picked":"SKIP","floor":44},{"not_picked":["Perfected Strike","Sever Soul+1","Inflame"],"picked":"SKIP","floor":45},{"not_picked":["Flash of Steel","Master of Strategy"],"picked":"Blind","floor":46}],"player_experience":525983,"relics_obtained":[{"floor":6.0,"key":"Gremlin Horn"},{"floor":9.0,"key":"WingedGreaves"},{"floor":14.0,"key":"Ice Cream"},{"floor":26.0,"key":"Bronze Scales"},{"floor":38.0,"key":"Peace Pipe"}],"event_choices":[{"damage_healed":0.0,"max_hp_gain":0.0,"max_hp_loss":0.0,"gold_gain":0.0,"event_name":"Shining Light","player_choice":"Entered Light","floor":4.0,"gold_loss":0.0,"damage_taken":18.0,"cards_upgraded":["Defend_R","Defend_R"]},{"cards_removed":["Strike_R"],"damage_healed":0.0,"max_hp_gain":0.0,"max_hp_loss":0.0,"gold_gain":0.0,"event_name":"The Cleric","player_choice":"Card Removal","floor":5.0,"gold_loss":50.0,"damage_taken":0.0},{"damage_healed":22.0,"max_hp_gain":0.0,"max_hp_loss":0.0,"gold_gain":0.0,"event_name":"Mushrooms","player_choice":"Healed and dodged fight","floor":10.0,"gold_loss":0.0,"damage_taken":0.0,"cards_obtained":["Parasite"]},{"damage_healed":0.0,"max_hp_gain":0.0,"max_hp_loss":0.0,"gold_gain":100.0,"event_name":"The Joust","player_choice":"Bet on Murderer","floor":31.0,"gold_loss":50.0,"damage_taken":0.0},{"damage_healed":0.0,"max_hp_gain":0.0,"max_hp_loss":0.0,"gold_gain":0.0,"event_name":"Tomb of Lord Red Mask","player_choice":"Ignored","floor":37.0,"gold_loss":0.0,"damage_taken":0.0},{"damage_healed":0.0,"max_hp_gain":0.0,"max_hp_loss":0.0,"gold_gain":0.0,"event_name":"MindBloom","player_choice":"Fight","floor":38.0,"gold_loss":0.0,"damage_taken":0.0},{"cards_removed":["Strike_R"],"damage_healed":0.0,"max_hp_gain":0.0,"max_hp_loss":0.0,"gold_gain":0.0,"event_name":"Falling","player_choice":"Removed Attack","floor":41.0,"gold_loss":0.0,"damage_taken":0.0},{"damage_healed":0,"gold_gain":0,"player_choice":"Memory 1","damage_taken":0,"max_hp_gain":0,"max_hp_loss":0,"event_name":"SensoryStone","floor":46,"gold_loss":0}],"is_beta":false,"boss_relics":[{"not_picked":["Runic Dome","White Beast Statue"],"picked":"Eternal Feather"},{"not_picked":["Runic Pyramid","Empty Cage"],"picked":"Cursed Key"}],"items_purged_floors":[11,22],"is_endless":false,"potions_floor_spawned":[2,6,16,18,19,20,35,38,44],"ascension_level":0}