{"gold_per_floor":[111,36,46,60,60,90,90,123,153,153,166,181,181,192,192,293,293,312,212,232,251,33,33,68,68,92,92,168,201,201,226,226,330,330,346,196,196,213,229,229,264,264,287,94,106,116,127,144,144,144],"floor_reached":51,"playtime":8569,"items_purged":["Writhe","Pain","Strike_R","Strike_R"],"score":891,"play_id":"e2d5357d-406a-4d87-bfe6-01c75010be2d","local_time":"20190727015722","is_ascension_mode":true,"campfire_choices":[{"floor":7,"key":"REST"},{"floor":10,"key":"REST"},{"data":"1","floor":15,"key":"LIFT"},{"data":"2","floor":23,"key":"LIFT"},{"floor":25,"key":"REST"},{"floor":27,"key":"REST"},{"data":"3","floor":32,"key":"LIFT"},{"floor":40,"key":"REST"},{"floor":42,"key":"REST"},{"floor":49,"key":"REST"}],"neow_cost":"CURSE","seed_source_timestamp":46990286594710,"circlet_count":0,"master_deck":["Strike_R","Strike_R+1","Defend_R","Defend_R","Defend_R","Defend_R","Bash","Twin Strike","Twin Strike","Armaments","Infernal Blade","Body Slam","Iron Wave","Anger","Demon Form","Inflame","Pommel Strike+1","Metallicize","Madness","Metallicize","Sword Boomerang","Ghostly Armor+1","Armaments+1","Ghostly","Ghostly","Ghostly","Ghostly","Ghostly","Anger+1","Sword Boomerang+1","Master of Strategy","Warcry+1","Pommel Strike+1"],"relics":["Burning Blood","Girya","Bag of Marbles","Kunai","Tiny Chest","WarpedTongs","Fusion Hammer","Dream Catcher","Whetstone","Blue Candle","Bottled Flame","Charon\u0027s Ashes","Philosopher\u0027s Stone","Ancient Tea Set","Oddly Smooth Stone"],"potions_floor_usage":[8,18,21,24,45,50,50,50],"damage_taken":[{"damage":5,"enemies":"Small Slimes","floor":1,"turns":5},{"damage":0,"enemies":"2 Louse","floor":3,"turns":2},{"damage":1,"enemies":"Cultist","floor":4,"turns":4},{"damage":60,"enemies":"Lagavulin","floor":6,"turns":8},{"damage":15,"enemies":"3 Sentries","floor":8,"turns":8},{"damage":2,"enemies":"Looter","floor":11,"turns":4},{"damage":13,"enemies":"Red Slaver","floor":12,"turns":3},{"damage":9,"enemies":"Exordium Wildlife","floor":14,"turns":3},{"damage":21,"enemies":"The Guardian","floor":16,"turns":11},{"damage":5,"enemies":"2 Thieves","floor":18,"turns":3},{"damage":3,"enemies":"3 Byrds","floor":20,"turns":4},{"damage":21,"enemies":"Centurion and Healer","floor":21,"turns":4},{"damage":44,"enemies":"Slavers","floor":24,"turns":6},{"damage":36,"enemies":"Book of Stabbing","floor":29,"turns":5},{"damage":0,"enemies":"Gremlin Leader","floor":31,"turns":7},{"damage":9,"enemies":"Automaton","floor":33,"turns":8},{"damage":4,"enemies":"3 Shapes","floor":35,"turns":3},{"damage":0,"enemies":"Orb Walker","floor":38,"turns":3},{"damage":0,"enemies":"Maw","floor":39,"turns":7},{"damage":5,"enemies":"Reptomancer","floor":41,"turns":4},{"damage":12,"enemies":"Jaw Worm Horde","floor":45,"turns":4},{"damage":0,"enemies":"Spire Growth","floor":46,"turns":4},{"damage":3,"enemies":"Writhing Mass","floor":47,"turns":5},{"damage":0,"enemies":"Sphere and 2 Shapes","floor":48,"turns":7},{"damage":20,"enemies":"Donu and Deca","floor":50,"turns":7}],"seed_played":"228429092235807087","potions_obtained":[{"floor":6,"key":"Poison Potion"},{"floor":8,"key":"Block Potion"},{"floor":14,"key":"LiquidBronze"},{"floor":16,"key":"PowerPotion"},{"floor":18,"key":"Block Potion"},{"floor":21,"key":"Strength Potion"},{"floor":33,"key":"Regen Potion"},{"floor":47,"key":"GamblersBrew"},{"floor":48,"key":"Swift Potion"}],"is_trial":false,"path_per_floor":["M","$","M","M","?","E","R","E","T","R","M","M","?","M","R","B",null,"M","$","M","M","$","R","E","R","T","R","T","E","?","E","R","B",null,"M","$","?","M","M","R","E","R","T","$","M","M","M","M","R","B",null],"character_chosen":"IRONCLAD","items_purchased":["Madness","Master of Strategy"],"campfire_rested":7,"item_purchase_floors":[22,44],"current_hp_per_floor":[80,80,80,80,73,19,43,34,34,58,62,55,55,52,52,37,80,80,80,80,65,65,65,27,51,51,75,75,45,40,40,40,37,40,40,40,40,40,40,40,40,40,40,40,34,40,40,40,40,40],"gold":144,"neow_bonus":"ONE_RARE_RELIC","is_prod":false,"is_daily":false,"chose_seed":false,"campfire_upgraded":0,"win_rate":0,"timestamp":1564210642,"path_taken":["M","$","M","M","?","E","R","E","T","R","M","M","?","M","R","BOSS","M","$","M","M","$","R","E","R","T","R","?","E","?","E","R","BOSS","M","$","?","M","M","R","E","R","T","$","M","M","?","M","R","BOSS"],"build_version":"2019-07-17","purchased_purges":4,"victory":true,"max_hp_per_floor":[80,80,80,80,80,80,80,80,80,80,80,80,80,80,80,80,80,80,80,80,80,80,80,80,80,80,80,80,80,40,40,40,40,40,40,40,40,40,40,40,40,40,40,40,40,40,40,40,40,40],"card_choices":[{"not_picked":["Carnage","Flex"],"picked":"Twin Strike","floor":1},{"not_picked":["Hemokinesis","Rampage"],"picked":"Twin Strike","floor":3},{"not_picked":["Carnage","True Grit"],"picked":"Armaments","floor":4},{"not_picked":["Seeing Red","Pommel Strike"],"picked":"Infernal Blade","floor":6},{"not_picked":["Evolve","Bludgeon"],"picked":"Body Slam","floor":8},{"not_picked":["Combust","True Grit","Clothesline"],"picked":"SKIP","floor":11},{"not_picked":["Heavy Blade","Body Slam"],"picked":"Iron Wave","floor":12},{"not_picked":["Warcry","Thunderclap"],"picked":"Anger","floor":14},{"not_picked":["Reaper","Immolate"],"picked":"Demon Form","floor":16},{"not_picked":["Anger+1","Flex"],"picked":"Inflame","floor":18},{"not_picked":["Cleave","Hemokinesis"],"picked":"Pommel Strike","floor":20},{"not_picked":["Thunderclap","Hemokinesis"],"picked":"Metallicize","floor":21},{"not_picked":["Clothesline","Fire Breathing"],"picked":"Metallicize","floor":24},{"not_picked":["Clothesline","Clash"],"picked":"Sword Boomerang","floor":25},{"not_picked":["Havoc","Flex+1"],"picked":"Ghostly Armor+1","floor":27},{"not_picked":["Double Tap","Hemokinesis"],"picked":"Armaments+1","floor":29},{"not_picked":["Warcry","Power Through","Clothesline"],"picked":"SKIP","floor":31},{"not_picked":["Reckless Charge+1","Entrench+1","Thunderclap"],"picked":"SKIP","floor":35},{"not_picked":["Infernal Blade+1","Shrug It Off+1"],"picked":"Anger+1","floor":38},{"not_picked":["Headbutt+1","Dropkick","Ghostly Armor"],"picked":"SKIP","floor":39},{"not_picked":["Pommel Strike","Double Tap"],"picked":"Sword Boomerang+1","floor":41},{"not_picked":["Shrug It Off+1","Heavy Blade"],"picked":"Warcry+1","floor":45},{"not_picked":["Havoc+1","Entrench","Carnage+1"],"picked":"SKIP","floor":46},{"not_picked":["Headbutt+1","Infernal Blade"],"picked":"Pommel Strike+1","floor":47},{"not_picked":["Fire Breathing+1","Flame Barrier","Armaments"],"picked":"SKIP","floor":48}],"player_experience":677744,"relics_obtained":[{"floor":6,"key":"Bag of Marbles"},{"floor":8,"key":"Kunai"},{"floor":9,"key":"Tiny Chest"},{"floor":24,"key":"Dream Catcher"},{"floor":26,"key":"Whetstone"},{"floor":28,"key":"Blue Candle"},{"floor":29,"key":"Bottled Flame"},{"floor":31,"key":"Charon\u0027s Ashes"},{"floor":41,"key":"Ancient Tea Set"},{"floor":43,"key":"Oddly Smooth Stone"}],"event_choices":[{"cards_removed":["Strike_R"],"damage_healed":0,"gold_gain":0,"player_choice":"Card Removal","damage_taken":7,"max_hp_gain":0,"max_hp_loss":0,"event_name":"Golden Wing","floor":5,"gold_loss":0},{"damage_healed":0,"gold_gain":0,"player_choice":"Rummage","damage_taken":0,"relics_obtained":["WarpedTongs"],"max_hp_gain":0,"max_hp_loss":0,"event_name":"Accursed Blacksmith","floor":13,"gold_loss":0,"cards_obtained":["Pain"]},{"damage_healed":0,"gold_gain":0,"player_choice":"Became a Ghost","damage_taken":0,"max_hp_gain":0,"max_hp_loss":40,"event_name":"Ghosts","floor":30,"gold_loss":0,"cards_obtained":["Ghostly","Ghostly","Ghostly","Ghostly","Ghostly"]},{"damage_healed":0,"gold_gain":0,"player_choice":"Bought 0 Potions","damage_taken":0,"max_hp_gain":0,"max_hp_loss":0,"event_name":"The Woman in Blue","floor":37,"gold_loss":0}],"is_beta":false,"boss_relics":[{"not_picked":["Eternal Feather","Runic Pyramid"],"picked":"Fusion Hammer"},{"not_picked":["Black Blood","Pandora\u0027s Box"],"picked":"Philosopher\u0027s Stone"}],"items_purged_floors":[2,19,22,36],"is_endless":false,"potions_floor_spawned":[6,8,14,16,18,21,33,41,47,48],"ascension_level":4}