{"gold_per_floor":[117,134,146,146,146,179,77,92,140,140,154,29,29,46,46,46],"floor_reached":16,"playtime":394,"items_purged":["Strike_B"],"score":102,"play_id":"f3c6485c-101c-4323-86a3-34527e0c4ef5","local_time":"20181022011358","is_ascension_mode":false,"campfire_choices":[{"data":"Beam Cell","floor":10,"key":"SMITH"},{"floor":13,"key":"REST"},{"data":"Conserve Battery","floor":15,"key":"SMITH"}],"neow_cost":"NONE","seed_source_timestamp":78874432186672,"circlet_count":0,"master_deck":["Strike_B","Strike_B","Strike_B","Defend_B","Defend_B","Defend_B","Defend_B","Zap+1","Dualcast","Leap","Conserve Battery+1","Beam Cell+1","Gash","Gash"],"relics":["Cracked Core","The Courier","Art of War","Anchor"],"potions_floor_usage":[6],"damage_taken":[{"damage":0,"enemies":"2 Louse","floor":1,"turns":3},{"damage":0,"enemies":"Cultist","floor":2,"turns":3},{"damage":1,"enemies":"Jaw Worm","floor":3,"turns":3},{"damage":42,"enemies":"Gremlin Nob","floor":6,"turns":6},{"damage":2,"enemies":"Blue Slaver","floor":8,"turns":4},{"damage":0,"enemies":"Exordium Thugs","floor":11,"turns":4},{"damage":1,"enemies":"Gremlin Gang","floor":14,"turns":4},{"damage":57,"enemies":"Slime Boss","floor":16,"turns":5}],"seed_played":"3423745325818387644","potions_obtained":[{"floor":1,"key":"EssenceOfSteel"},{"floor":2,"key":"Dexterity Potion"}],"is_trial":false,"path_per_floor":["M","M","M","?","$","E","$","M","T","R","M","$","R","M","R"],"character_chosen":"DEFECT","items_purchased":["Gash","Anchor"],"campfire_rested":1,"item_purchase_floors":[7,12],"current_hp_per_floor":[75,75,74,74,74,32,32,30,30,30,30,30,52,51,51,0],"gold":46,"neow_bonus":"UPGRADE_CARD","is_prod":false,"is_daily":false,"chose_seed":false,"campfire_upgraded":2,"win_rate":0,"timestamp":1540160038,"path_taken":["M","M","M","?","$","E","$","M","T","R","M","$","R","?","R","BOSS"],"build_version":"2018-10-18","purchased_purges":1,"victory":false,"max_hp_per_floor":[75,75,75,75,75,75,75,75,75,75,75,75,75,75,75,75],"card_choices":[{"not_picked":["Tempest","Coolheaded"],"picked":"Leap","floor":1},{"not_picked":["Barrage","Darkness","Storm"],"picked":"SKIP","floor":2},{"not_picked":["Rebound","Barrage"],"picked":"Conserve Battery","floor":3},{"not_picked":["Recycle","Streamline"],"picked":"Beam Cell","floor":6},{"not_picked":["Sweeping Beam","Redo"],"picked":"Gash","floor":8},{"not_picked":["Genetic Algorithm","Redo","Hello World"],"picked":"SKIP","floor":11},{"not_picked":["Streamline","Biased Cognition","Stack"],"picked":"SKIP","floor":14}],"player_experience":422705,"relics_obtained":[{"floor":6,"key":"The Courier"},{"floor":9,"key":"Art of War"}],"event_choices":[{"damage_healed":0,"gold_gain":0,"player_choice":"Bought 0 Potions","damage_taken":0,"max_hp_gain":0,"max_hp_loss":0,"event_name":"The Woman in Blue","floor":4,"gold_loss":0}],"is_beta":false,"boss_relics":[],"items_purged_floors":[7],"is_endless":false,"potions_floor_spawned":[1,2],"killed_by":"Slime Boss","ascension_level":0}