{"gold_per_floor":[109,123,123,142,60,91,91,121,121,136,150,150,150,164,164,269,269,284,284,304,44,44,44],"floor_reached":23,"playtime":8255,"items_purged":["Strike_G"],"score":251,"play_id":"0d0d31aa-2604-461f-86ca-c41018c416a0","local_time":"20190725134527","is_ascension_mode":true,"campfire_choices":[{"floor":7.0,"key":"REST"},{"data":"Footwork","floor":15,"key":"SMITH"}],"neow_cost":"NONE","seed_source_timestamp":1775516471677,"circlet_count":0,"master_deck":["Strike_G","Strike_G","Strike_G","Defend_G","Defend_G","Defend_G","Defend_G","Survivor","Neutralize","Poisoned Stab","Bouncing Flask","Flying Knee","Footwork+1","Footwork","Venomology","Backflip","Flying Knee","After Image","Bane","Bane","The Bomb"],"special_seed":0,"relics":["Ring of the Snake","Anchor","Bottled Lightning","Juzu Bracelet","Snecko Eye","Paper Crane"],"potions_floor_usage":[14,16,16,18,23,23],"damage_taken":[{"damage":2.0,"enemies":"2 Louse","floor":1.0,"turns":4.0},{"damage":2.0,"enemies":"Small Slimes","floor":2.0,"turns":4.0},{"damage":0.0,"enemies":"Cultist","floor":4.0,"turns":3.0},{"damage":16.0,"enemies":"Lagavulin","floor":6.0,"turns":5.0},{"damage":33,"enemies":"3 Sentries","floor":8,"turns":11},{"damage":4,"enemies":"2 Fungi Beasts","floor":10,"turns":5},{"damage":0,"enemies":"Blue Slaver","floor":11,"turns":6},{"damage":6,"enemies":"Exordium Thugs","floor":14,"turns":5},{"damage":2,"enemies":"Slime Boss","floor":16,"turns":12},{"damage":0,"enemies":"Shell Parasite","floor":18,"turns":6},{"damage":5,"enemies":"Chosen","floor":20,"turns":6},{"damage":50,"enemies":"Gremlin Leader","floor":23,"turns":5}],"seed_played":"-7039727303677653472","potions_obtained":[{"floor":4.0,"key":"Weak Potion"},{"floor":10,"key":"Strength Potion"},{"floor":14,"key":"SpeedPotion"},{"floor":16,"key":"GamblersBrew"}],"is_trial":false,"path_per_floor":["M","M","?","M","$","E","R","E","T","M","M","?","?","M","R","B",null,"M","?","M","$","?","E"],"character_chosen":"THE_SILENT","items_purchased":["Footwork","The Bomb"],"campfire_rested":1,"item_purchase_floors":[5,21],"current_hp_per_floor":[75,73,66,66,66,50,73,40,40,36,36,36,36,30,30,28,65,65,65,60,60,46,0],"gold":44,"neow_bonus":"TEN_PERCENT_HP_BONUS","is_prod":false,"is_daily":false,"chose_seed":false,"campfire_upgraded":1,"win_rate":0,"timestamp":1564080327,"path_taken":["M","M","?","M","$","E","R","E","T","M","M","?","?","M","R","BOSS","M","?","M","$","?","E"],"build_version":"2019-07-17","purchased_purges":1,"victory":false,"max_hp_per_floor":[77,77,77,77,77,77,77,77,77,77,77,77,77,77,77,77,77,77,77,77,77,82,82],"card_choices":[{"not_picked":["Slice","Heel Hook"],"picked":"Poisoned Stab","floor":1.0},{"not_picked":["Prepared","Deflect"],"picked":"Bouncing Flask","floor":2.0},{"not_picked":["Slice","Grand Finale"],"picked":"Flying Knee","floor":4.0},{"not_picked":["Endless Agony","After Image"],"picked":"Footwork","floor":6.0},{"not_picked":["Bane","Choke"],"picked":"Venomology","floor":8},{"not_picked":["Masterful Stab","Concentrate","All Out Attack"],"picked":"SKIP","floor":10},{"not_picked":["Outmaneuver","Backstab"],"picked":"Backflip","floor":11},{"not_picked":["Deadly Poison","Sucker Punch"],"picked":"Flying Knee","floor":14},{"not_picked":["A Thousand Cuts","Glass Knife"],"picked":"After Image","floor":16},{"not_picked":["Tactician","Underhanded Strike"],"picked":"Bane","floor":18},{"not_picked":["Choke","Flying Knee"],"picked":"Bane","floor":20}],"player_experience":616932,"relics_obtained":[{"floor":6.0,"key":"Anchor"},{"floor":8,"key":"Bottled Lightning"},{"floor":9,"key":"Juzu Bracelet"}],"event_choices":[{"cards_removed":["Defend_G"],"damage_healed":0.0,"max_hp_gain":0.0,"max_hp_loss":0.0,"gold_gain":0.0,"event_name":"Golden Wing","player_choice":"Card Removal","floor":3.0,"gold_loss":0.0,"damage_taken":7.0},{"damage_healed":0,"gold_gain":0,"player_choice":"Ignored","damage_taken":0,"max_hp_gain":0,"max_hp_loss":0,"event_name":"Liars Game","floor":12,"gold_loss":0},{"cards_removed":["Strike_G"],"damage_healed":0,"gold_gain":0,"player_choice":"Purged","damage_taken":0,"max_hp_gain":0,"max_hp_loss":0,"event_name":"Purifier","floor":13,"gold_loss":0},{"damage_healed":0,"gold_gain":0,"player_choice":"Opened","damage_taken":0,"relics_obtained":["Paper Crane"],"max_hp_gain":0,"max_hp_loss":0,"event_name":"The Mausoleum","floor":19,"gold_loss":0},{"damage_healed":0,"gold_gain":0,"player_choice":"Shed Blood","damage_taken":19,"max_hp_gain":5,"max_hp_loss":0,"event_name":"Forgotten Altar","floor":22,"gold_loss":0}],"is_beta":false,"boss_relics":[{"not_picked":["Ring of the Serpent","Pandora\u0027s Box"],"picked":"Snecko Eye"}],"items_purged_floors":[21],"is_endless":false,"potions_floor_spawned":[4,10,14,16],"killed_by":"Gremlin Leader","ascension_level":5}