{"gold_per_floor":[217,217,234,246,246,246,275,275,302,302,318,243,260,273,273,377,377,397,410,130,142,162,194,194,213,237,237,271,288,288,300,300,300],"floor_reached":33,"playtime":939,"items_purged":["Regret"],"score":291,"play_id":"67de3a8c-df2a-4814-a667-551d08fc8dcc","local_time":"20180710051808","is_ascension_mode":false,"campfire_choices":[{"data":"Spot Weakness","floor":6.0,"key":"SMITH"},{"data":"Bash","floor":8.0,"key":"SMITH"},{"data":"Perfected Strike","floor":10.0,"key":"SMITH"},{"data":"Perfected Strike","floor":15.0,"key":"SMITH"},{"floor":24.0,"key":"REST"},{"data":"Limit Break","floor":27.0,"key":"SMITH"},{"data":"Inflame","floor":32.0,"key":"SMITH"}],"neow_cost":"NONE","seed_source_timestamp":14942757826628,"circlet_count":0,"master_deck":["Strike_R","Strike_R","Strike_R","Strike_R","Strike_R","Defend_R","Defend_R","Defend_R","Defend_R","Bash+1","Spot Weakness+1","Perfected Strike+1","Ghostly Armor","Perfected Strike+1","Shrug It Off","Limit Break+1","Flame Barrier","Sword Boomerang","Thunderclap+1","Shrug It Off","Offering","Armaments+1","Whirlwind+1","Inflame+1","Battle Trance"],"special_seed":0,"relics":["Burning Blood","Strawberry","Vajra","Juzu Bracelet","Mark of Pain","Paper Frog","Blood Vial","Art of War","Happy Flower","GremlinMask"],"potions_floor_usage":[33,33,33],"damage_taken":[{"damage":0.0,"enemies":"Small Slimes","floor":1.0,"turns":4.0},{"damage":17.0,"enemies":"2 Louse","floor":3.0,"turns":3.0},{"damage":1.0,"enemies":"Jaw Worm","floor":4.0,"turns":4.0},{"damage":35.0,"enemies":"Gremlin Nob","floor":7.0,"turns":5.0},{"damage":2.0,"enemies":"Large Slime","floor":11.0,"turns":5.0},{"damage":3.0,"enemies":"Gremlin Gang","floor":13.0,"turns":4.0},{"damage":4.0,"enemies":"2 Fungi Beasts","floor":14.0,"turns":3.0},{"damage":4.0,"enemies":"Slime Boss","floor":16.0,"turns":7.0},{"damage":0.0,"enemies":"Chosen","floor":18.0,"turns":4.0},{"damage":12.0,"enemies":"2 Thieves","floor":19.0,"turns":3.0},{"damage":30.0,"enemies":"Slaver and Parasite","floor":21.0,"turns":6.0},{"damage":20.0,"enemies":"Centurion and Healer","floor":22.0,"turns":4.0},{"damage":25.0,"enemies":"Slavers","floor":23.0,"turns":4.0},{"damage":1.0,"enemies":"3 Cultists","floor":25.0,"turns":4.0},{"damage":16.0,"enemies":"Book of Stabbing","floor":28.0,"turns":4.0},{"damage":27.0,"enemies":"Snake Plant","floor":29.0,"turns":3.0},{"damage":6.0,"enemies":"Snecko","floor":31.0,"turns":4.0},{"damage":52,"enemies":"Automaton","floor":33,"turns":6}],"seed_played":"-2400214904689329821","potions_obtained":[{"floor":1.0,"key":"Weak Potion"},{"floor":4.0,"key":"Block Potion"},{"floor":7.0,"key":"PowerPotion"},{"floor":18.0,"key":"Ancient Potion"},{"floor":22.0,"key":"Dexterity Potion"},{"floor":23.0,"key":"SkillPotion"},{"floor":28.0,"key":"AttackPotion"}],"is_trial":false,"path_per_floor":["M","$","M","M","?","R","E","R","T","R","M","$","M","M","R","B",null,"M","M","$","M","M","E","R","M","T","R","E","M","?","M","R"],"character_chosen":"IRONCLAD","items_purchased":["Paper Frog","Sword Boomerang"],"campfire_rested":1,"item_purchase_floors":[20,20],"current_hp_per_floor":[80,80,69,74,81,81,52,52,52,52,56,56,59,61,61,63,87,87,81,81,57,43,24,50,57,57,57,49,30,30,32,32,0],"gold":300,"neow_bonus":"HUNDRED_GOLD","is_prod":false,"is_daily":false,"chose_seed":false,"campfire_upgraded":6,"win_rate":0,"timestamp":1531189088,"path_taken":["M","$","M","M","?","R","E","R","T","R","M","$","M","M","R","BOSS","M","M","$","M","M","E","R","M","T","R","E","M","?","M","R","BOSS"],"build_version":"2018-07-05","purchased_purges":1,"victory":false,"max_hp_per_floor":[80,80,80,80,87,87,87,87,87,87,87,87,87,87,87,87,87,87,87,87,87,87,87,87,87,87,87,87,87,87,87,87,87],"card_choices":[{"not_picked":["Clothesline","Second Wind"],"picked":"Spot Weakness","floor":1.0},{"not_picked":["Anger","Twin Strike"],"picked":"Perfected Strike","floor":3.0},{"not_picked":["Rupture","Anger"],"picked":"Ghostly Armor","floor":4.0},{"not_picked":["Wild Strike","Headbutt","Flex"],"picked":"SKIP","floor":7.0},{"not_picked":["Anger","Headbutt","Power Through"],"picked":"SKIP","floor":11.0},{"not_picked":["Pommel Strike","Wild Strike"],"picked":"Perfected Strike","floor":13.0},{"not_picked":["Twin Strike","Warcry"],"picked":"Shrug It Off","floor":14.0},{"not_picked":["Dark Embrace","Immolate"],"picked":"Limit Break","floor":16.0},{"not_picked":["Havoc","Bloodletting+1"],"picked":"Flame Barrier","floor":18.0},{"not_picked":["Seeing Red","Pummel","Havoc"],"picked":"SKIP","floor":19.0},{"not_picked":["Uppercut+1","Warcry+1"],"picked":"Thunderclap+1","floor":21.0},{"not_picked":["Headbutt","Clothesline"],"picked":"Shrug It Off","floor":22.0},{"not_picked":["Perfected Strike","Clothesline"],"picked":"Offering","floor":23.0},{"not_picked":["Pommel Strike","Headbutt"],"picked":"Armaments+1","floor":25.0},{"not_picked":["Armaments+1","Flame Barrier"],"picked":"Whirlwind+1","floor":28.0},{"not_picked":["Shrug It Off","Flex"],"picked":"Inflame","floor":29.0},{"not_picked":["Rage","Infernal Blade"],"picked":"Battle Trance","floor":31.0}],"player_experience":198266,"relics_obtained":[{"floor":7.0,"key":"Vajra"},{"floor":9.0,"key":"Juzu Bracelet"},{"floor":23.0,"key":"Blood Vial"},{"floor":26.0,"key":"Art of War"},{"floor":28.0,"key":"Happy Flower"}],"event_choices":[{"event_name":"Big Fish","player_choice":"Box","floor":5.0,"damage_taken":0.0},{"event_name":"FaceTrader","player_choice":"Trade","floor":30.0,"damage_taken":0.0}],"boss_relics":[{"not_picked":["Empty Cage","Velvet Choker"],"picked":"Mark of Pain"}],"items_purged_floors":[12],"is_endless":false,"potions_floor_spawned":[1,4,7,18,22,23,28],"killed_by":"Automaton","ascension_level":0}