{"gold_per_floor":[364,364,250,268,282,316,316,316,367,383,383,283,299,299,299,402,402,412,480,498,597,516,516,549,549,549,326,336,351,367,387,387,484,484,498,508,288,288,288,288,288,302,302,302,317,330,132,147,147,147],"floor_reached":51,"playtime":1998,"items_purged":["Regret","Strike_B","Strike_B","Strike_B"],"score":694,"play_id":"598459c0-7889-4509-9ca0-fbcdade748fb","local_time":"20190615172704","is_ascension_mode":false,"campfire_choices":[{"data":"Defragment","floor":7.0,"key":"SMITH"},{"data":"Zap","floor":11.0,"key":"SMITH"},{"data":"Hologram","floor":15.0,"key":"SMITH"},{"data":"Capacitor","floor":23.0,"key":"SMITH"},{"data":"Go for the Eyes","floor":25.0,"key":"SMITH"},{"data":"Defragment","floor":32.0,"key":"SMITH"},{"data":"Force Field","floor":40,"key":"SMITH"},{"data":"Hologram","floor":44,"key":"SMITH"},{"data":"Capacitor","floor":49,"key":"SMITH"}],"neow_cost":"CURSE","seed_source_timestamp":151604922415900,"circlet_count":0,"master_deck":["Strike_B+1","Defend_B","Defend_B","Defend_B","Defend_B","Zap+1","Dualcast+1","Auto Shields","Defragment+1","Go for the Eyes+1","Self Repair","Leap","Hologram+1","Electrodynamics","Loop+1","Capacitor+1","Defragment+1","Hologram+1","Conserve Battery","Thunder Strike","Force Field+1","Capacitor+1","Conserve Battery+1"],"special_seed":0,"relics":["Cracked Core","Oddly Smooth Stone","Pen Nib","Lantern","Eternal Feather","Shuriken","Omamori","Peace Pipe","Cursed Key","Bag of Preparation"],"potions_floor_usage":[50,50],"damage_taken":[{"damage":6.0,"enemies":"2 Louse","floor":1.0,"turns":3.0},{"damage":0.0,"enemies":"Small Slimes","floor":4.0,"turns":2.0},{"damage":1.0,"enemies":"Cultist","floor":5.0,"turns":4.0},{"damage":16.0,"enemies":"Lagavulin","floor":6.0,"turns":8.0},{"damage":5.0,"enemies":"3 Louse","floor":10.0,"turns":4.0},{"damage":3.0,"enemies":"Blue Slaver","floor":13.0,"turns":3.0},{"damage":8.0,"enemies":"The Guardian","floor":16.0,"turns":14.0},{"damage":31.0,"enemies":"2 Thieves","floor":18.0,"turns":4.0},{"damage":0.0,"enemies":"Chosen","floor":20.0,"turns":3.0},{"damage":28.0,"enemies":"Gremlin Leader","floor":24.0,"turns":7.0},{"damage":3.0,"enemies":"Centurion and Healer","floor":28.0,"turns":5.0},{"damage":10.0,"enemies":"Cultist and Chosen","floor":29.0,"turns":4.0},{"damage":29.0,"enemies":"Snake Plant","floor":30.0,"turns":5.0},{"damage":5.0,"enemies":"Centurion and Healer","floor":31.0,"turns":5.0},{"damage":38.0,"enemies":"Collector","floor":33.0,"turns":9.0},{"damage":0.0,"enemies":"3 Shapes","floor":35.0,"turns":3.0},{"damage":10.0,"enemies":"3 Darklings","floor":36.0,"turns":4.0},{"damage":13,"enemies":"Spire Growth","floor":42,"turns":5},{"damage":4,"enemies":"Transient","floor":45,"turns":5},{"damage":0,"enemies":"Writhing Mass","floor":46,"turns":6},{"damage":22,"enemies":"Jaw Worm Horde","floor":48,"turns":4},{"damage":69,"enemies":"Time Eater","floor":50,"turns":12}],"seed_played":"7837528937772370505","potions_obtained":[{"floor":1.0,"key":"FearPotion"},{"floor":13.0,"key":"Regen Potion"},{"floor":16.0,"key":"FearPotion"},{"floor":18.0,"key":"FairyPotion"},{"floor":24.0,"key":"Regen Potion"},{"floor":33.0,"key":"SteroidPotion"}],"is_trial":false,"path_per_floor":["M","?","$","M","M","E","R","?","T","M","R","$","M","?","R","B",null,"M","T","M","?","$","R","E","R","T","$","M","M","M","M","R","B",null,"M","M","$","?","?","R","?","M","T","R","M","M","$","M","R","B",null],"character_chosen":"DEFECT","items_purchased":["Defragment","Capacitor","Defragment","Hologram","Bag of Preparation","Capacitor","PowerPotion"],"campfire_rested":0,"item_purchase_floors":[3,22,27,27,37,37,47],"current_hp_per_floor":[69,54,54,54,53,44,44,26,26,28,28,28,25,25,25,24,75,51,51,58,58,58,67,46,55,55,55,52,49,27,29,41,25,75,75,72,72,72,72,75,75,69,69,75,75,75,75,60,72,25],"gold":147,"neow_bonus":"TWO_FIFTY_GOLD","is_prod":false,"is_daily":false,"chose_seed":false,"campfire_upgraded":9,"win_rate":0,"timestamp":1560608824,"path_taken":["M","?","$","M","M","E","R","?","T","M","R","$","M","?","R","BOSS","M","?","M","?","$","R","E","R","T","$","M","M","M","M","R","BOSS","M","M","$","?","?","R","?","?","T","R","M","M","$","M","R","BOSS"],"build_version":"2019-01-23","purchased_purges":4,"victory":true,"max_hp_per_floor":[75,75,75,75,75,75,75,75,75,75,75,75,75,75,75,75,75,75,75,75,75,75,75,75,75,75,75,75,75,75,75,75,75,75,75,75,75,75,75,75,75,75,75,75,75,75,75,75,75,75],"card_choices":[{"not_picked":["FTL","Blizzard"],"picked":"Auto Shields","floor":1.0},{"not_picked":["FTL","Capacitor"],"picked":"Go for the Eyes","floor":4.0},{"not_picked":["Storm","Compile Driver"],"picked":"Self Repair","floor":5.0},{"not_picked":["FTL","Streamline","Gash"],"picked":"SKIP","floor":6.0},{"not_picked":["Glacier","Tempest"],"picked":"Leap","floor":10.0},{"not_picked":["Redo","Coolheaded"],"picked":"Hologram","floor":13.0},{"not_picked":["Rainbow","Biased Cognition"],"picked":"Electrodynamics","floor":16.0},{"not_picked":["Heatsinks+1","Recycle","Redo"],"picked":"SKIP","floor":18.0},{"not_picked":["Sweeping Beam+1","Steam Power"],"picked":"Loop+1","floor":20.0},{"not_picked":["Hello World","Multi-Cast","Compile Driver+1"],"picked":"SKIP","floor":24.0},{"not_picked":["Recycle","Gash+1","Rebound"],"picked":"SKIP","floor":28.0},{"not_picked":["Rip and Tear","Cold Snap","Consume"],"picked":"SKIP","floor":29.0},{"not_picked":["Streamline","Coolheaded","Ball Lightning"],"picked":"SKIP","floor":30.0},{"not_picked":["Multi-Cast","Compile Driver"],"picked":"Conserve Battery","floor":31.0},{"not_picked":["Amplify","Rainbow"],"picked":"Thunder Strike","floor":33.0},{"not_picked":["Ball Lightning+1","Gash+1","Rebound"],"picked":"SKIP","floor":35.0},{"not_picked":["Skim","Leap"],"picked":"Force Field","floor":36.0},{"not_picked":["Sweeping Beam","Go for the Eyes+1","Reinforced Body"],"picked":"SKIP","floor":42},{"not_picked":["Sweeping Beam","Go for the Eyes+1","Reinforced Body"],"picked":"SKIP","floor":42},{"not_picked":["Gash","Conserve Battery","Ball Lightning"],"picked":"SKIP","floor":45},{"not_picked":["Chill+1","Melter","Steam"],"picked":"SKIP","floor":46},{"not_picked":["Streamline","Rip and Tear+1"],"picked":"Conserve Battery+1","floor":48}],"player_experience":610697,"relics_obtained":[{"floor":6.0,"key":"Oddly Smooth Stone"},{"floor":9.0,"key":"Lantern"},{"floor":19.0,"key":"Shuriken"},{"floor":24.0,"key":"Omamori"},{"floor":26.0,"key":"Peace Pipe"}],"event_choices":[{"damage_healed":0.0,"max_hp_gain":0.0,"max_hp_loss":0.0,"gold_gain":0.0,"event_name":"Shining Light","player_choice":"Entered Light","floor":2.0,"gold_loss":0.0,"damage_taken":15.0,"cards_upgraded":["Strike_B","Dualcast"]},{"damage_healed":0.0,"max_hp_gain":0.0,"max_hp_loss":0.0,"gold_gain":0.0,"event_name":"Scrap Ooze","player_choice":"Success","floor":8.0,"gold_loss":0.0,"damage_taken":18.0,"relics_obtained":["Pen Nib"]},{"damage_healed":0.0,"max_hp_gain":0.0,"max_hp_loss":0.0,"gold_gain":0.0,"event_name":"NoteForYourself","player_choice":"Ignored","floor":14.0,"gold_loss":0.0,"damage_taken":0.0},{"damage_healed":0.0,"max_hp_gain":0.0,"max_hp_loss":0.0,"gold_gain":99.0,"event_name":"Nest","player_choice":"Stole From Cult","floor":21.0,"gold_loss":0.0,"damage_taken":0.0},{"damage_healed":0.0,"max_hp_gain":0.0,"max_hp_loss":0.0,"gold_gain":0.0,"event_name":"SensoryStone","player_choice":"Memory 1","floor":38.0,"gold_loss":0.0,"damage_taken":0.0},{"damage_healed":0,"gold_gain":0,"player_choice":"Ignored","damage_taken":0,"max_hp_gain":0,"max_hp_loss":0,"event_name":"Mysterious Sphere","floor":39,"gold_loss":0},{"damage_healed":0,"gold_gain":0,"player_choice":"Ignored","damage_taken":0,"max_hp_gain":0,"max_hp_loss":0,"event_name":"SecretPortal","floor":41,"gold_loss":0}],"is_beta":false,"boss_relics":[{"not_picked":["Calling Bell","Black Star"],"picked":"Eternal Feather"},{"not_picked":["Velvet Choker","Runic Dome"],"picked":"Cursed Key"}],"items_purged_floors":[3,12,27,47],"is_endless":false,"potions_floor_spawned":[1,13,16,18,24,33,45,46],"ascension_level":0}