{"gold_per_floor":[110,35,50,70,90,118,136,161,161,161,187,187,201,13,13,110,110,122,142,153,28,28,61,61,78,78,94,111,130,157,7,7,111,111,124,138,154,154,199,199,209,235,258,304,336,383,617,640,652,664],"floor_reached":51,"playtime":2703,"items_purged":["True Grit","Cleave","True Grit+1","Shrug It Off"],"score":1258,"play_id":"e0c3627f-e5aa-42bb-be1b-61d3fa3e5ba7","local_time":"20190710063940","daily_mods":["Draft","Colorless Cards"],"is_ascension_mode":false,"campfire_choices":[{"data":"Trip","floor":10,"key":"SMITH"},{"floor":15,"key":"DIG"},{"floor":24,"key":"DIG"},{"data":"Body Slam","floor":32,"key":"SMITH"},{"floor":40,"key":"DIG"},{"floor":49,"key":"DIG"}],"neow_cost":"","seed_source_timestamp":32264519076878,"circlet_count":0,"master_deck":["Body Slam+1","Purity","Bandage Up+1","Dark Shackles","Flex","Deep Breath","Seeing Red","Flex","Clash","Good Instincts","Flex","Panacea","Finesse","Trip+1","Swift Strike","Chrysalis","Anger+1","Panache"],"relics":["Unceasing Top","Meat on the Bone","Singing Bowl","Paper Frog","Shovel","Gremlin Horn","White Beast Statue","Question Card","Art of War","Mango","Red Mask","Empty Cage","Thread and Needle","Bag of Marbles","Darkstone Periapt","MawBank","Red Skull","Pen Nib","Pocketwatch"],"potions_floor_usage":[6,25],"damage_taken":[{"damage":0,"enemies":"Jaw Worm","floor":1,"turns":1},{"damage":0,"enemies":"Small Slimes","floor":3,"turns":1},{"damage":0,"enemies":"2 Louse","floor":4,"turns":1},{"damage":0,"enemies":"2 Fungi Beasts","floor":5,"turns":1},{"damage":0,"enemies":"3 Sentries","floor":6,"turns":2},{"damage":0,"enemies":"Exordium Thugs","floor":7,"turns":3},{"damage":0,"enemies":"Lagavulin","floor":8,"turns":2},{"damage":0,"enemies":"3 Sentries","floor":11,"turns":1},{"damage":0,"enemies":"Looter","floor":13,"turns":1},{"damage":0,"enemies":"The Guardian","floor":16,"turns":2},{"damage":6,"enemies":"Chosen","floor":18,"turns":2},{"damage":0,"enemies":"Spheric Guardian","floor":19,"turns":2},{"damage":0,"enemies":"Cultist and Chosen","floor":20,"turns":1},{"damage":6,"enemies":"Gremlin Leader","floor":23,"turns":1},{"damage":0,"enemies":"Centurion and Healer","floor":25,"turns":3},{"damage":0,"enemies":"Shelled Parasite and Fungi","floor":27,"turns":1},{"damage":0,"enemies":"Cultist and Chosen","floor":28,"turns":2},{"damage":0,"enemies":"Snecko","floor":29,"turns":2},{"damage":0,"enemies":"Masked Bandits","floor":30,"turns":1},{"damage":0,"enemies":"Automaton","floor":33,"turns":1},{"damage":0,"enemies":"Orb Walker","floor":35,"turns":1},{"damage":0,"enemies":"3 Darklings","floor":36,"turns":1},{"damage":0,"enemies":"Sphere and 2 Shapes","floor":37,"turns":1},{"damage":0,"enemies":"2 Orb Walkers","floor":39,"turns":1},{"damage":0,"enemies":"Jaw Worm Horde","floor":41,"turns":1},{"damage":0,"enemies":"Nemesis","floor":42,"turns":1},{"damage":0,"enemies":"Giant Head","floor":44,"turns":1},{"damage":0,"enemies":"3 Darklings","floor":45,"turns":1},{"damage":0,"enemies":"Reptomancer","floor":46,"turns":1},{"damage":0,"enemies":"Sphere and 2 Shapes","floor":48,"turns":2},{"damage":0,"enemies":"Awakened One","floor":50,"turns":2}],"seed_played":"-620382810613068137","potions_obtained":[{"floor":1,"key":"FearPotion"},{"floor":3,"key":"SkillPotion"},{"floor":5,"key":"GamblersBrew"},{"floor":8,"key":"Fire Potion"},{"floor":18,"key":"PowerPotion"},{"floor":19,"key":"Block Potion"},{"floor":23,"key":"Block Potion"},{"floor":25,"key":"Regen Potion"},{"floor":28,"key":"Swift Potion"}],"is_trial":true,"path_per_floor":["M","$","M","M","M","E","M","E","T","R","E","?","M","$","R","B",null,"M","M","M","$","?","E","R","M","T","M","M","M","?","$","R","B",null,"M","M","M","$","?","R","M","E","T","E","M","E","?","M","R","B",null],"character_chosen":"IRONCLAD","items_purchased":["Swift Strike"],"campfire_rested":0,"item_purchase_floors":[14],"current_hp_per_floor":[80,80,80,80,80,80,80,80,80,80,82,66,74,74,74,80,84,83,88,90,90,90,86,86,94,108,110,112,114,114,114,114,114,114,116,118,120,120,122,122,124,126,126,128,130,132,132,134,134,134],"gold":676,"neow_bonus":"","is_prod":false,"is_daily":false,"chose_seed":false,"campfire_upgraded":2,"win_rate":0,"timestamp":1562733580,"path_taken":["M","$","M","M","M","E","M","E","T","R","E","?","M","$","R","BOSS","M","M","M","$","?","E","R","M","T","M","M","M","?","$","R","BOSS","M","M","M","$","?","R","M","E","T","E","M","E","?","M","R","BOSS"],"build_version":"2019-07-05","purchased_purges":4,"victory":true,"max_hp_per_floor":[80,80,80,80,80,80,80,80,80,80,82,82,84,84,84,84,84,86,88,90,90,90,92,92,94,108,110,112,114,114,114,114,114,114,116,118,120,120,122,122,124,126,126,128,130,132,132,134,134,134],"card_choices":[{"not_picked":["Pummel","Sword Boomerang"],"picked":"Body Slam","floor":0},{"not_picked":["Iron Wave","Cleave"],"picked":"Purity","floor":0},{"not_picked":["Wild Strike","Shrug It Off"],"picked":"Anger","floor":0},{"not_picked":["True Grit","Clothesline"],"picked":"Cleave","floor":0},{"not_picked":["True Grit","Dual Wield"],"picked":"Bandage Up","floor":0},{"not_picked":["Sword Boomerang","Iron Wave"],"picked":"Shrug It Off","floor":0},{"not_picked":["Heavy Blade","Searing Blow"],"picked":"Dark Shackles","floor":0},{"not_picked":["Havoc","Infernal Blade"],"picked":"Flex","floor":0},{"not_picked":["Heavy Blade","Clothesline"],"picked":"True Grit","floor":0},{"not_picked":["Whirlwind","Anger"],"picked":"Deep Breath","floor":0},{"not_picked":["Forethought","Dark Shackles"],"picked":"Seeing Red","floor":0},{"not_picked":["Sword Boomerang","Pummel"],"picked":"Flex","floor":0},{"not_picked":["Havoc","Body Slam"],"picked":"Clash","floor":0},{"not_picked":["Flex","Warcry"],"picked":"Good Instincts","floor":0},{"not_picked":["Havoc","Wild Strike"],"picked":"True Grit","floor":0},{"not_picked":["Sword Boomerang","Thunderclap","Cleave"],"picked":"SKIP","floor":1},{"not_picked":["Fire Breathing","Reckless Charge"],"picked":"Flex","floor":3},{"not_picked":["Shockwave","True Grit"],"picked":"Flex","floor":4},{"not_picked":["Transmutation","Pommel Strike"],"picked":"Panacea","floor":5},{"not_picked":["Mayhem","Heavy Blade","Headbutt"],"picked":"SKIP","floor":6},{"not_picked":["Dark Shackles","Battle Trance"],"picked":"Finesse","floor":7},{"not_picked":["Jack Of All Trades","Evolve"],"picked":"Trip","floor":8},{"not_picked":["Havoc","Intimidate","Whirlwind"],"picked":"Singing Bowl","floor":11},{"not_picked":["Trip","Brutality","Discovery"],"picked":"Singing Bowl","floor":13},{"not_picked":["Exhume","Berserk"],"picked":"Chrysalis","floor":16},{"not_picked":["Burning Pact","Armaments","Iron Wave"],"picked":"Singing Bowl","floor":18},{"not_picked":["Jack Of All Trades","Havoc","Clash"],"picked":"Singing Bowl","floor":19},{"not_picked":["Headbutt","Thunderclap","Iron Wave"],"picked":"Singing Bowl","floor":20},{"not_picked":["Barricade","Pummel","Sentinel+1"],"picked":"Singing Bowl","floor":23},{"not_picked":["Twin Strike+1","Sentinel","Whirlwind","Headbutt"],"picked":"Singing Bowl","floor":25},{"not_picked":["True Grit","Pummel","Havoc","Warcry+1"],"picked":"Singing Bowl","floor":27},{"not_picked":["Headbutt","Bloodletting+1","Perfected Strike","Shrug It Off"],"picked":"Singing Bowl","floor":28},{"not_picked":["Deep Breath+1","Madness","Metallicize","Thunderclap"],"picked":"Singing Bowl","floor":29},{"not_picked":["Sever Soul","Combust+1","Pommel Strike+1"],"picked":"Anger+1","floor":30},{"not_picked":["Demon Form","Berserk","Reaper"],"picked":"Panache","floor":33},{"not_picked":["Enlightenment","Cleave","Havoc+1","Heavy Blade+1"],"picked":"Singing Bowl","floor":35},{"not_picked":["Clothesline","Power Through+1","Body Slam+1","Iron Wave"],"picked":"Singing Bowl","floor":36},{"not_picked":["Finesse+1","Perfected Strike+1","Bandage Up+1","Anger"],"picked":"Singing Bowl","floor":37},{"not_picked":["Trip","Cleave+1","Power Through","Body Slam+1"],"picked":"Singing Bowl","floor":39},{"not_picked":["Armaments","PanicButton","Sever Soul","Twin Strike+1"],"picked":"Singing Bowl","floor":41},{"not_picked":["Inflame","Dark Embrace","Flame Barrier+1","Seeing Red+1"],"picked":"Singing Bowl","floor":42},{"not_picked":["Anger","Blood for Blood","Warcry","Wild Strike"],"picked":"Singing Bowl","floor":44},{"not_picked":["True Grit","Exhume","Flex+1","Perfected Strike"],"picked":"Singing Bowl","floor":45},{"not_picked":["Flex","Burning Pact","Uppercut+1","Anger"],"picked":"Singing Bowl","floor":46},{"not_picked":["Havoc+1","Thunderclap","Second Wind","Body Slam+1"],"picked":"Singing Bowl","floor":48}],"player_experience":327042,"relics_obtained":[{"floor":6,"key":"Meat on the Bone"},{"floor":8,"key":"Singing Bowl"},{"floor":9,"key":"Paper Frog"},{"floor":11,"key":"Shovel"},{"floor":15,"key":"Gremlin Horn"},{"floor":23,"key":"Question Card"},{"floor":24,"key":"Art of War"},{"floor":26,"key":"Mango"},{"floor":30,"key":"Red Mask"},{"floor":39,"key":"Thread and Needle"},{"floor":40,"key":"Bag of Marbles"},{"floor":42,"key":"Darkstone Periapt"},{"floor":43,"key":"MawBank"},{"floor":44,"key":"Red Skull"},{"floor":46,"key":"Pen Nib"},{"floor":49,"key":"Pocketwatch"}],"event_choices":[{"damage_healed":0,"gold_gain":0,"player_choice":"Entered Light","damage_taken":16,"max_hp_gain":0,"max_hp_loss":0,"event_name":"Shining Light","floor":12,"gold_loss":0,"cards_upgraded":["Bandage Up","True Grit"]},{"damage_healed":0,"gold_gain":0,"player_choice":"Ignored","damage_taken":0,"max_hp_gain":0,"max_hp_loss":0,"event_name":"Vampires","floor":22,"gold_loss":0},{"damage_healed":0,"gold_gain":0,"player_choice":"Fought Bandits","damage_taken":0,"max_hp_gain":0,"max_hp_loss":0,"event_name":"Masked Bandits","floor":30,"gold_loss":0},{"damage_healed":0,"gold_gain":0,"player_choice":"Fight","damage_taken":0,"max_hp_gain":0,"max_hp_loss":0,"event_name":"Mysterious Sphere","floor":39,"gold_loss":0},{"damage_healed":0,"gold_gain":222,"player_choice":"Wore Mask","damage_taken":0,"max_hp_gain":0,"max_hp_loss":0,"event_name":"Tomb of Lord Red Mask","floor":47,"gold_loss":0}],"is_beta":false,"boss_relics":[{"not_picked":["Snecko Eye","Cursed Key"],"picked":"White Beast Statue"},{"not_picked":["Busted Crown","Orrery"],"picked":"Empty Cage"}],"items_purged_floors":[2,14,21,31],"is_endless":false,"potions_floor_spawned":[1,3,5,8,18,19,20,23,25,27,28,29,30,33,35,36,37,39,41,42,44,45,46,48],"ascension_level":0}