{"gold_per_floor":[12,12,27,27,27,27,67,87,87,107,30,30,48,63,63,187,187,211,211,226,244,169,213,226,226,226,81,100,300,300,300],"floor_reached":31,"playtime":639,"items_purged":["Strike_R"],"score":282,"play_id":"8d2268dc-8bcd-4ca7-8ecf-25be9c0a1738","local_time":"20190712020455","is_ascension_mode":false,"campfire_choices":[{"data":"Bash","floor":6,"key":"SMITH"},{"data":"Spot Weakness","floor":15,"key":"SMITH"},{"data":"Double Tap","floor":25,"key":"SMITH"},{"floor":30,"key":"RECALL"}],"neow_cost":"NO_GOLD","seed_source_timestamp":94036970622100,"circlet_count":0,"master_deck":["Strike_R","Strike_R","Strike_R","Strike_R","Defend_R","Defend_R","Defend_R","Defend_R","Bash+1","Shrug It Off","Sword Boomerang+1","Cleave","Spot Weakness+1","Feed","Double Tap+1","Shrug It Off","Dropkick+1"],"relics":["Burning Blood","Mango","Golden Idol","Bronze Scales","Bottled Lightning","Coffee Dripper","HollowMod:LifeEnderRelic","Blood Vial","Vajra"],"potions_floor_usage":[7,23,28],"damage_taken":[{"damage":0,"enemies":"Small Slimes","floor":1,"turns":3},{"damage":6,"enemies":"2 Louse","floor":3,"turns":2},{"damage":28,"enemies":"Lagavulin","floor":7,"turns":5},{"damage":0,"enemies":"Cultist","floor":8,"turns":3},{"damage":7,"enemies":"Looter","floor":10,"turns":3},{"damage":4,"enemies":"Large Slime","floor":13,"turns":4},{"damage":5,"enemies":"Red Slaver","floor":14,"turns":2},{"damage":46,"enemies":"HollowMod:FalseKnight","floor":16,"turns":6},{"damage":22,"enemies":"2 Thieves","floor":18,"turns":4},{"damage":18,"enemies":"Shell Parasite","floor":20,"turns":4},{"damage":20,"enemies":"3 Cultists","floor":21,"turns":4},{"damage":31,"enemies":"Book of Stabbing","floor":23,"turns":5},{"damage":33,"enemies":"Snake Plant","floor":24,"turns":4},{"damage":11,"enemies":"Sentry and Sphere","floor":28,"turns":5},{"damage":25,"enemies":"Centurion and Healer","floor":31,"turns":4}],"seed_played":"3258550119329371724","potions_obtained":[{"floor":3,"key":"Energy Potion"},{"floor":7,"key":"FearPotion"},{"floor":14,"key":"SpeedPotion"},{"floor":21,"key":"AttackPotion"},{"floor":23,"key":"Dexterity Potion"}],"is_trial":false,"path_per_floor":["M","$","M","?","?","R","E","M","T","M","$","?","M","M","R","B",null,"M","?","M","M","$","E","M","R","T","$","M","?","R","M"],"character_chosen":"IRONCLAD","items_purchased":["Spot Weakness","Vajra"],"campfire_rested":0,"item_purchase_floors":[11,27],"current_hp_per_floor":[94,94,94,71,71,71,49,55,55,54,54,54,56,60,60,20,97,84,100,88,77,77,52,25,25,25,25,22,22,22,0],"gold":300,"neow_bonus":"ONE_RARE_RELIC","is_prod":false,"is_daily":false,"chose_seed":false,"campfire_upgraded":3,"win_rate":0,"timestamp":1562886295,"path_taken":["M","$","M","?","?","R","E","M","T","M","$","?","M","?","R","BOSS","M","?","M","M","$","E","M","R","T","$","M","?","R","?"],"build_version":"2019-07-05","purchased_purges":1,"victory":false,"max_hp_per_floor":[94,94,94,94,94,94,94,94,94,94,94,94,94,97,97,97,97,100,100,100,103,103,103,103,103,103,103,103,103,103,103],"card_choices":[{"not_picked":["Body Slam","Iron Wave"],"picked":"Shrug It Off","floor":1},{"not_picked":["Infernal Blade","Reckless Charge"],"picked":"Sword Boomerang","floor":3},{"not_picked":["Offering","Metallicize"],"picked":"Cleave","floor":7},{"not_picked":["Shrug It Off","True Grit","Disarm"],"picked":"SKIP","floor":8},{"not_picked":["Shrug It Off","Headbutt","Body Slam"],"picked":"SKIP","floor":10},{"not_picked":["Armaments","Bloodletting"],"picked":"Feed","floor":13},{"not_picked":["Havoc","Wild Strike","Disarm"],"picked":"SKIP","floor":14},{"not_picked":["Immolate","Demon Form"],"picked":"Double Tap","floor":16},{"not_picked":["Uppercut","Anger","Seeing Red"],"picked":"SKIP","floor":18},{"not_picked":["Twin Strike","True Grit+1","Perfected Strike"],"picked":"SKIP","floor":20},{"not_picked":["True Grit","Cleave"],"picked":"Shrug It Off","floor":21},{"not_picked":["Combust","Anger","Fire Breathing"],"picked":"SKIP","floor":23},{"not_picked":["Armaments","Warcry+1"],"picked":"Dropkick+1","floor":24},{"not_picked":["Hemokinesis","Flex","True Grit"],"picked":"SKIP","floor":28}],"player_experience":705451,"relics_obtained":[{"floor":7,"key":"Bronze Scales"},{"floor":9,"key":"Bottled Lightning"},{"floor":23,"key":"HollowMod:LifeEnderRelic"},{"floor":26,"key":"Blood Vial"}],"event_choices":[{"damage_healed":0,"gold_gain":0,"player_choice":"Take Damage","damage_taken":23,"relics_obtained":["Golden Idol"],"max_hp_gain":0,"max_hp_loss":0,"event_name":"Golden Idol","floor":4,"gold_loss":0},{"damage_healed":0,"gold_gain":0,"player_choice":"Grow","damage_taken":0,"max_hp_gain":0,"max_hp_loss":0,"event_name":"Living Wall","floor":5,"gold_loss":0,"cards_upgraded":["Sword Boomerang"]},{"damage_healed":33,"gold_gain":0,"player_choice":"Heal","damage_taken":0,"max_hp_gain":0,"max_hp_loss":0,"event_name":"The Library","floor":19,"gold_loss":0},{"damage_healed":0,"gold_gain":250,"player_choice":"Bet on Owner","damage_taken":0,"max_hp_gain":0,"max_hp_loss":0,"event_name":"The Joust","floor":29,"gold_loss":50}],"is_beta":false,"boss_relics":[{"not_picked":["Pandora\u0027s Box","Velvet Choker"],"picked":"Coffee Dripper"}],"items_purged_floors":[22],"is_endless":false,"potions_floor_spawned":[3,7,14,21,23],"killed_by":"Centurion and Healer","ascension_level":0}