{"path_per_floor":["M","?","?","M","M","R","$","M","T","R","M","M","M","M","R","B",null,"M","?","M","M","?","R","?","R","T","?","R","M","M","M","R","B",null,"M","$","M","?","M","R","M","M","T"],"character_chosen":"THE_SILENT","items_purchased":["Backflip","Master of Strategy"],"gold_per_floor":[12,12,12,23,33,33,7,21,21,21,39,58,73,84,84,181,181,149,74,88,103,103,103,103,103,103,103,103,119,130,149,149,253,253,270,16,30,130,148,148,163,180,180],"floor_reached":44,"campfire_rested":2,"playtime":5598,"current_hp_per_floor":[70,70,70,68,66,66,66,65,65,65,65,65,53,55,55,19,70,49,49,35,20,20,47,47,53,53,44,72,51,45,39,47,19,75,73,73,64,64,28,38,37,22,22],"items_purged":["Wraith Form"],"gold":180,"play_id":"2721f17c-02fc-49fa-98c9-d47e2a4e0be2","is_prod":false,"is_daily":false,"campfire_rituals":0,"campfire_upgraded":6,"is_hardmode":false,"path_taken":["M","?","?","M","M","R","$","M","T","R","M","M","M","M","R","BOSS","M","?","M","?","?","R","?","R","T","?","R","?","M","M","R","BOSS","M","$","M","?","?","R","M","M","T","M"],"build_version":"2018-01-18-PROD4","purchased_purges":1,"victory":false,"master_deck":["Defend_G","Defend_G","Defend_G","Defend_G","Defend_G","Strike_G","Strike_G","Survivor","Neutralize","Caltrops","Backflip","Distraction","Dagger Throw","Flying Knee","A Thousand Cuts","Prepared","Blade Dance","Outmaneuver","Burst","PiercingWail","Acrobatics","Caltrops","Noxious Fumes","Caltrops","Dagger Spray","Master of Strategy","Cloak And Dagger","Prepared","Escape Plan"],"max_hp_per_floor":[70,70,70,70,70,70,70,70,70,70,70,70,70,70,70,70,70,70,70,70,70,70,70,70,70,70,75,75,75,75,75,75,75,75,75,75,75,75,75,75,75,75,75],"relics":["Ring of the Snake","Dodecahedron","Blood Vial","Eternal Feather","Torii","Orrery","Smiling Mask"],"campfire_meditates":0,"card_choices":[{"not_picked":["Dodge and Roll","All Out Attack"],"picked":"Caltrops"},{"not_picked":["Underhanded Strike","Skewer"],"picked":"Distraction"},{"not_picked":["Acrobatics","Catalyst"],"picked":"Dagger Throw"},{"not_picked":["Slice","Outmaneuver"],"picked":"Flying Knee"},{"not_picked":["Phantasmal Killer","Glass Knife"],"picked":"A Thousand Cuts"},{"not_picked":["Terror","Dodge and Roll"],"picked":"Prepared"},{"not_picked":["Dagger Throw","Slice"],"picked":"Blade Dance"},{"not_picked":["Underhanded Strike","Acrobatics"],"picked":"Outmaneuver"},{"not_picked":["Leg Sweep","Slice"],"picked":"Burst"},{"not_picked":["Outmaneuver","Choke"],"picked":"PiercingWail"},{"not_picked":["Accuracy","Bane"],"picked":"Acrobatics"},{"not_picked":["Burst","Night Terror"],"picked":"Wraith Form"},{"not_picked":["Finisher","Flying Knee"],"picked":"Caltrops"},{"not_picked":["Malaise","Underhanded Strike"],"picked":"Noxious Fumes"},{"not_picked":["Dagger Throw","Well Laid Plans"],"picked":"Caltrops"},{"not_picked":["Masterful Stab","Backflip"],"picked":"Dagger Spray"},{"not_picked":["PiercingWail","Dash"],"picked":"Cloak And Dagger"},{"not_picked":["Poisoned Stab","Slice"],"picked":"Prepared"},{"not_picked":["Underhanded Strike","Prepared"],"picked":"Escape Plan"}],"player_experience":84196,"potions_floor_usage":[4,12,16,16,18,21,29,33,35,37,41,42],"damage_taken":[{"damage":0,"enemies":"Jaw Worm","floor":1,"turns":5},{"damage":2,"enemies":"2 Louse","floor":4,"turns":2},{"damage":2,"enemies":"Small Slimes","floor":5,"turns":5},{"damage":1,"enemies":"3 Louse","floor":8,"turns":7},{"damage":2,"enemies":"2 Fungi Beasts","floor":11,"turns":5},{"damage":2,"enemies":"Large Slime","floor":12,"turns":10},{"damage":14,"enemies":"Looter","floor":13,"turns":3},{"damage":0,"enemies":"3 Louse","floor":14,"turns":5},{"damage":38,"enemies":"Slime Boss","floor":16,"turns":11},{"damage":21,"enemies":"2 Thieves","floor":18,"turns":5},{"damage":16,"enemies":"Shell Parasite","floor":20,"turns":7},{"damage":17,"enemies":"Snake Plant","floor":21,"turns":4},{"damage":23,"enemies":"Chosen and Byrds","floor":29,"turns":5},{"damage":8,"enemies":"Centurion and Healer","floor":30,"turns":7},{"damage":8,"enemies":"Snecko","floor":31,"turns":5},{"damage":30,"enemies":"Automaton","floor":33,"turns":10},{"damage":2,"enemies":"Orb Walker","floor":35,"turns":5},{"damage":11,"enemies":"3 Shapes","floor":37,"turns":5},{"damage":38,"enemies":"Sphere and 2 Shapes","floor":39,"turns":10},{"damage":15,"enemies":"3 Darklings","floor":41,"turns":5},{"damage":17,"enemies":"4 Shapes","floor":42,"turns":4},{"damage":31,"enemies":"Sphere and 2 Shapes","floor":44,"turns":4}],"event_choices":[{"event_name":"Big Fish","player_choice":"Box","floor":2,"damage_taken":0},{"event_name":"Scrap Ooze","player_choice":"unsuccessful","floor":3,"damage_taken":0},{"event_name":"Beggar","player_choice":"Gave Gold","floor":19,"damage_taken":0},{"event_name":"Back to Basics","player_choice":"Simplicity","floor":22,"damage_taken":0},{"event_name":"Bonfire Elementals","player_choice":"BASIC","floor":24,"damage_taken":0},{"event_name":"Forgotten Altar","player_choice":"Shed Blood","floor":27,"damage_taken":0},{"event_name":"Golden Shrine","player_choice":"Pray","floor":38,"damage_taken":0}],"boss_relics":[{"not_picked":["Black Star","Runic Dome"],"picked":"Eternal Feather"},{"not_picked":["Lizard Tail","Snecko Eye"],"picked":"Orrery"}],"potions_floor_spawned":[1,11,13,14,18,21,30,33,35,39,41],"seed_played":"7083079045128631796","killed_by":"Sphere and 2 Shapes","is_trial":false}