{"gold_per_floor":[216,216,216,291,301,336,356,356,438,438,450,450,478,489,489,588,588,599,599,615,633,354,354,372,372,372,372,422,433,433,449,449,552,552,567,567,622,173,188,188,214,214,214,176,189,209,229,248,248,248],"floor_reached":51,"playtime":1824,"items_purged":["Strike_R","Strike_R","Writhe"],"score":789,"play_id":"c2dad3f2-6f4f-45ff-9a9b-f538e77f56ea","local_time":"20181005222320","is_ascension_mode":false,"campfire_choices":[{"data":"Juggernaut","floor":8.0,"key":"SMITH"},{"data":"Defend_R","floor":10.0,"key":"SMITH"},{"data":"Defend_R","floor":12.0,"key":"SMITH"},{"floor":15.0,"key":"REST"},{"data":"Barricade","floor":23.0,"key":"SMITH"},{"data":"Body Slam","floor":25.0,"key":"SMITH"},{"data":"Battle Trance","floor":30.0,"key":"SMITH"},{"data":"Ghostly Armor","floor":32.0,"key":"SMITH"},{"data":"Offering","floor":40,"key":"SMITH"},{"data":"Defend_R","floor":42,"key":"SMITH"},{"data":"Bash","floor":49,"key":"SMITH"}],"neow_cost":"NONE","seed_source_timestamp":13475672370812,"circlet_count":0,"master_deck":["Strike_R+1","Defend_R+1","Defend_R+1","Defend_R+1","Defend_R+1","Bash+1","Juggernaut+1","Barricade+1","Ghostly Armor+1","Body Slam+1","Ghostly Armor+1","Battle Trance+1","Flame Barrier+1","Offering+1","Body Slam+1","Entrench+1"],"special_seed":0,"relics":["Black Blood","Smiling Mask","Gremlin Horn","Happy Flower","Oddly Smooth Stone","Kunai","Cursed Key","Ginger","Self Forming Clay","Boot","MawBank"],"potions_floor_usage":[48,50,50],"damage_taken":[{"damage":9.0,"enemies":"Small Slimes","floor":1.0,"turns":4.0},{"damage":2.0,"enemies":"Jaw Worm","floor":5.0,"turns":4.0},{"damage":18.0,"enemies":"3 Sentries","floor":6.0,"turns":8.0},{"damage":4.0,"enemies":"Cultist","floor":7.0,"turns":4.0},{"damage":7.0,"enemies":"2 Fungi Beasts","floor":11.0,"turns":3.0},{"damage":21.0,"enemies":"Lagavulin","floor":13.0,"turns":7.0},{"damage":15.0,"enemies":"Exordium Thugs","floor":14.0,"turns":6.0},{"damage":34.0,"enemies":"Slime Boss","floor":16.0,"turns":15.0},{"damage":2.0,"enemies":"3 Byrds","floor":18.0,"turns":5.0},{"damage":19.0,"enemies":"Chosen","floor":20.0,"turns":7.0},{"damage":15.0,"enemies":"Centurion and Healer","floor":21.0,"turns":26.0},{"damage":35.0,"enemies":"Cultist and Chosen","floor":24.0,"turns":10.0},{"damage":0.0,"enemies":"Snake Plant","floor":29.0,"turns":3.0},{"damage":0.0,"enemies":"3 Cultists","floor":31.0,"turns":4.0},{"damage":0.0,"enemies":"Automaton","floor":33.0,"turns":10.0},{"damage":0.0,"enemies":"Orb Walker","floor":35.0,"turns":4.0},{"damage":23,"enemies":"Mysterious Sphere","floor":37,"turns":8},{"damage":0,"enemies":"3 Shapes","floor":39,"turns":5},{"damage":6,"enemies":"Nemesis","floor":41,"turns":7},{"damage":17,"enemies":"Sphere and 2 Shapes","floor":45,"turns":3},{"damage":6,"enemies":"Spire Growth","floor":46,"turns":2},{"damage":10,"enemies":"4 Shapes","floor":47,"turns":3},{"damage":6,"enemies":"Reptomancer","floor":48,"turns":4},{"damage":38,"enemies":"Awakened One","floor":50,"turns":6}],"seed_played":"-3365930526007062346","potions_obtained":[{"floor":5.0,"key":"AttackPotion"},{"floor":14.0,"key":"BloodPotion"},{"floor":16.0,"key":"Energy Potion"},{"floor":21.0,"key":"BloodPotion"},{"floor":24.0,"key":"Weak Potion"},{"floor":29.0,"key":"FearPotion"},{"floor":31.0,"key":"Weak Potion"},{"floor":33.0,"key":"EssenceOfSteel"},{"floor":35,"key":"Block Potion"}],"is_trial":false,"path_per_floor":["M","$","?","?","M","E","M","R","T","R","M","R","E","M","R","B",null,"M","?","M","M","$","R","M","R","T","?","?","M","R","M","R","B",null,"M","?","?","$","M","R","E","R","T","$","M","M","M","M","R","B"],"character_chosen":"IRONCLAD","items_purchased":["Oddly Smooth Stone","Ghostly Armor","Offering","Self Forming Clay"],"campfire_rested":1,"item_purchase_floors":[22,22,38,38],"current_hp_per_floor":[77,77,61,50,54,42,44,44,44,44,43,43,28,19,43,23,80,80,80,71,66,66,66,49,49,49,34,34,44,44,54,54,64,85,85,85,72,72,82,82,85,85,85,85,78,82,82,85,85,57],"gold":248,"neow_bonus":"HUNDRED_GOLD","is_prod":false,"is_daily":false,"chose_seed":false,"campfire_upgraded":10,"win_rate":0,"timestamp":1538767400,"path_taken":["M","$","?","?","M","E","M","R","T","R","M","R","E","M","R","BOSS","M","?","M","M","$","R","M","R","T","?","?","M","R","M","R","BOSS","M","?","?","$","M","R","E","R","T","$","M","M","M","M","R","BOSS"],"build_version":"2018-10-04","purchased_purges":3,"victory":true,"max_hp_per_floor":[80,80,80,80,80,80,80,80,80,80,80,80,80,80,80,80,80,80,80,80,80,80,80,80,80,80,85,85,85,85,85,85,85,85,85,85,85,85,85,85,85,85,85,85,85,85,85,85,85,85],"card_choices":[{"not_picked":["Iron Wave","Seeing Red","Clash"],"picked":"SKIP","floor":1.0},{"not_picked":["Heavy Blade","Iron Wave"],"picked":"Juggernaut","floor":5.0},{"not_picked":["Twin Strike","Havoc","Headbutt"],"picked":"SKIP","floor":6.0},{"not_picked":["Clash","Rampage","Thunderclap"],"picked":"SKIP","floor":7.0},{"not_picked":["Rupture","Sword Boomerang","Twin Strike"],"picked":"SKIP","floor":11.0},{"not_picked":["Berserk","True Grit","Pommel Strike"],"picked":"SKIP","floor":13.0},{"not_picked":["Second Wind","Flex","Headbutt"],"picked":"SKIP","floor":14.0},{"not_picked":["Offering","Feed"],"picked":"Barricade","floor":16.0},{"not_picked":["Body Slam+1","Sword Boomerang+1"],"picked":"Ghostly Armor+1","floor":18.0},{"not_picked":["Combust","Pommel Strike+1","Rage+1"],"picked":"SKIP","floor":20.0},{"not_picked":["Heavy Blade+1","Clash"],"picked":"Body Slam","floor":21.0},{"not_picked":["Reckless Charge+1","Second Wind"],"picked":"Battle Trance","floor":24.0},{"not_picked":["Disarm","Anger"],"picked":"Flame Barrier+1","floor":29.0},{"not_picked":["Clash","Clothesline+1","Power Through+1"],"picked":"SKIP","floor":31.0},{"not_picked":["Perfected Strike","Spot Weakness","Anger+1"],"picked":"SKIP","floor":35},{"not_picked":["Warcry+1","Havoc","Brutality"],"picked":"SKIP","floor":39},{"not_picked":["Whirlwind+1","Thunderclap","Infernal Blade+1"],"picked":"SKIP","floor":41},{"not_picked":["Headbutt+1","Uppercut+1"],"picked":"Body Slam+1","floor":45},{"not_picked":["Rupture+1","Sword Boomerang+1"],"picked":"Entrench+1","floor":46},{"not_picked":["Dual Wield+1","Fire Breathing+1","True Grit"],"picked":"SKIP","floor":47},{"not_picked":["Fire Breathing","Rampage","Sword Boomerang"],"picked":"SKIP","floor":48}],"player_experience":369693,"relics_obtained":[{"floor":6.0,"key":"Smiling Mask"},{"floor":9.0,"key":"Gremlin Horn"},{"floor":13.0,"key":"Happy Flower"},{"floor":26.0,"key":"Kunai"},{"floor":37,"key":"Ginger"},{"floor":41,"key":"Boot"},{"floor":43,"key":"MawBank"}],"event_choices":[{"event_name":"Shining Light","player_choice":"Entered Light","floor":3.0,"damage_taken":0.0},{"event_name":"World of Goop","player_choice":"Gather Gold","floor":4.0,"damage_taken":0.0},{"event_name":"Purifier","player_choice":"One Purge","floor":19.0,"damage_taken":0.0},{"event_name":"Forgotten Altar","player_choice":"Shed Blood","floor":27.0,"damage_taken":0.0},{"event_name":"The Joust","player_choice":"Bet on Murderer","floor":28.0,"damage_taken":0.0},{"event_name":"Falling","player_choice":"Removed Attack","floor":36,"damage_taken":0},{"event_name":"Mysterious Sphere","player_choice":"Fight","floor":37,"damage_taken":0}],"is_beta":false,"boss_relics":[{"not_picked":["Philosopher\u0027s Stone","Pandora\u0027s Box"],"picked":"Black Blood"},{"not_picked":["Velvet Choker","Runic Cube"],"picked":"Cursed Key"}],"items_purged_floors":[22,38,44],"is_endless":false,"potions_floor_spawned":[5,14,16,21,24,29,31,33,35,39,41,47],"ascension_level":0}