{"gold_per_floor":[209,229,229,229,229,229,248,268,268,30,30,40,71,105,105,105],"floor_reached":16,"playtime":412,"items_purged":[],"score":110,"play_id":"833a0e43-1548-4175-a11c-adb103214135","local_time":"20190717093434","is_ascension_mode":false,"campfire_choices":[{"data":"Defend_R","floor":6,"key":"SMITH"},{"data":"Ghostly Armor","floor":11,"key":"SMITH"},{"data":"Whirlwind","floor":15,"key":"SMITH"}],"neow_cost":"NONE","seed_source_timestamp":250287946140000,"circlet_count":0,"master_deck":["Strike_R","Strike_R","Strike_R","Strike_R","Defend_R","Defend_R","Defend_R","Defend_R+1","Bash","Ghostly Armor+1","Whirlwind+1","Dropkick"],"relics":["Burning Blood","WingedGreaves","Dodecahedron","Thread and Needle","Ice Cream"],"potions_floor_usage":[13,16],"damage_taken":[{"damage":4,"enemies":"Small Slimes","floor":1,"turns":4},{"damage":1,"enemies":"2 Louse","floor":2,"turns":3},{"damage":4,"enemies":"Cultist","floor":7,"turns":5},{"damage":2,"enemies":"3 Louse","floor":8,"turns":4},{"damage":0,"enemies":"Red Slaver","floor":12,"turns":5},{"damage":13,"enemies":"3 Sentries","floor":13,"turns":7},{"damage":45,"enemies":"Gremlin Nob","floor":14,"turns":6},{"damage":35,"enemies":"Hexaghost","floor":16,"turns":11}],"seed_played":"920544294441524398","potions_obtained":[{"floor":8,"key":"Swift Potion"},{"floor":12,"key":"SpeedPotion"},{"floor":13,"key":"Dexterity Potion"},{"floor":14,"key":"Swift Potion"}],"is_trial":false,"path_per_floor":["M","M","?","?","$","R","M","M","T","$","R","M","E","E","R","B"],"character_chosen":"IRONCLAD","items_purchased":["Dodecahedron"],"campfire_rested":0,"item_purchase_floors":[10],"current_hp_per_floor":[80,80,73,73,73,73,75,79,79,79,79,80,73,34,34,0],"gold":105,"neow_bonus":"HUNDRED_GOLD","is_prod":false,"is_daily":false,"chose_seed":false,"campfire_upgraded":3,"win_rate":0,"timestamp":1563345274,"path_taken":["M","M","?","?","$","R","M","?","T","$","R","M","E","E","R","BOSS"],"build_version":"2019-07-10","purchased_purges":0,"victory":false,"max_hp_per_floor":[80,80,80,80,80,80,80,80,80,80,80,80,80,80,80,80],"card_choices":[{"not_picked":["Havoc","Clash","Perfected Strike"],"picked":"SKIP","floor":1},{"not_picked":["Headbutt","Flex","Sentinel"],"picked":"SKIP","floor":2},{"not_picked":["Headbutt","Shockwave","Intimidate"],"picked":"SKIP","floor":7},{"not_picked":["Twin Strike","Heavy Blade"],"picked":"Ghostly Armor","floor":8},{"not_picked":["Wild Strike","Rupture"],"picked":"Whirlwind","floor":12},{"not_picked":["Clothesline","Second Wind","Feel No Pain"],"picked":"SKIP","floor":13},{"not_picked":["Flex","Headbutt"],"picked":"Dropkick","floor":14}],"player_experience":170360,"relics_obtained":[{"floor":9,"key":"WingedGreaves"},{"floor":13,"key":"Thread and Needle"},{"floor":14,"key":"Ice Cream"}],"event_choices":[{"cards_removed":["Strike_R"],"damage_healed":0,"gold_gain":0,"player_choice":"Card Removal","damage_taken":7,"max_hp_gain":0,"max_hp_loss":0,"event_name":"Golden Wing","floor":3,"gold_loss":0},{"damage_healed":0,"gold_gain":0,"player_choice":"Ignored","damage_taken":0,"max_hp_gain":0,"max_hp_loss":0,"event_name":"WeMeetAgain","floor":4,"gold_loss":0}],"is_beta":true,"boss_relics":[],"items_purged_floors":[],"is_endless":false,"potions_floor_spawned":[8,12,13,14],"killed_by":"Hexaghost","ascension_level":0}