{"gold_per_floor":[114,114,126,126,142,142,156,156,182,182,182,201,221,251,251,349,349,366,386,77,87,104,131,143,182,241,253,276,288,42,62,62,164,164,175,189,205,205,45,45,45,64,64,109,109,59,59,78,78,78],"floor_reached":50,"playtime":1232,"items_purged":["Writhe"],"score":489,"play_id":"730e255f-c15a-4b05-8dbf-9cd220c0b512","local_time":"20181112005311","is_ascension_mode":false,"campfire_choices":[{"data":"1","floor":6.0,"key":"LIFT"},{"data":"Armaments","floor":8.0,"key":"SMITH"},{"data":"2","floor":11.0,"key":"LIFT"},{"data":"3","floor":15.0,"key":"LIFT"},{"data":"Offering","floor":24.0,"key":"SMITH"},{"data":"Sword Boomerang","floor":27.0,"key":"SMITH"},{"data":"Sword Boomerang","floor":32.0,"key":"SMITH"},{"data":"Limit Break","floor":40.0,"key":"SMITH"},{"data":"Twin Strike","floor":45.0,"key":"SMITH"},{"floor":49,"key":"REST"}],"neow_cost":"TEN_PERCENT_HP_LOSS","seed_source_timestamp":311897596690089,"circlet_count":0,"master_deck":["Strike_R","Strike_R+1","Strike_R","Strike_R","Strike_R+1","Defend_R","Defend_R","Defend_R+1","Defend_R+1","Bash+1","Armaments+1","Twin Strike+1","Offering+1","Sword Boomerang+1","Sword Boomerang+1","Thunderclap+1","Regret","Feed","Shrug It Off+1","Twin Strike+1","Limit Break+1","Rage+1"],"special_seed":0,"relics":["Burning Blood","Girya","Whetstone","Ancient Tea Set","Cursed Key","Gremlin Horn","MawBank","Red Mask","Smiling Mask","Paper Frog","Runic Pyramid","Singing Bowl"],"potions_floor_usage":[],"damage_taken":[{"damage":6.0,"enemies":"Cultist","floor":1.0,"turns":3.0},{"damage":11.0,"enemies":"Jaw Worm","floor":3.0,"turns":4.0},{"damage":1.0,"enemies":"2 Louse","floor":5.0,"turns":2.0},{"damage":3.0,"enemies":"2 Fungi Beasts","floor":7.0,"turns":5.0},{"damage":0.0,"enemies":"Large Slime","floor":12.0,"turns":4.0},{"damage":0.0,"enemies":"3 Louse","floor":13.0,"turns":3.0},{"damage":3.0,"enemies":"3 Sentries","floor":14.0,"turns":6.0},{"damage":56.0,"enemies":"Hexaghost","floor":16.0,"turns":10.0},{"damage":8.0,"enemies":"Chosen","floor":18.0,"turns":3.0},{"damage":8.0,"enemies":"Shell Parasite","floor":19.0,"turns":4.0},{"damage":18.0,"enemies":"Centurion and Healer","floor":21.0,"turns":5.0},{"damage":6.0,"enemies":"3 Cultists","floor":22.0,"turns":4.0},{"damage":6.0,"enemies":"Gremlin Leader","floor":23.0,"turns":3.0},{"damage":0.0,"enemies":"Masked Bandits","floor":25.0,"turns":2.0},{"damage":6.0,"enemies":"Snecko","floor":28.0,"turns":1.0},{"damage":2.0,"enemies":"Chosen and Byrds","floor":31.0,"turns":3.0},{"damage":51.0,"enemies":"Champ","floor":33.0,"turns":6.0},{"damage":0.0,"enemies":"3 Shapes","floor":35.0,"turns":1.0},{"damage":9.0,"enemies":"Orb Walker","floor":36.0,"turns":2.0},{"damage":2.0,"enemies":"Transient","floor":37.0,"turns":5.0},{"damage":15.0,"enemies":"Maw","floor":42.0,"turns":5.0},{"damage":28.0,"enemies":"2 Orb Walkers","floor":44.0,"turns":3.0},{"damage":36.0,"enemies":"4 Shapes","floor":48.0,"turns":7.0},{"damage":55,"enemies":"Donu and Deca","floor":50,"turns":5}],"seed_played":"2415051967875284655","potions_obtained":[{"floor":1.0,"key":"AttackPotion"},{"floor":5.0,"key":"Dexterity Potion"},{"floor":16.0,"key":"GamblersBrew"},{"floor":18.0,"key":"SmokeBomb"}],"is_trial":false,"path_per_floor":["M","?","M","?","M","R","M","R","T","?","R","M","M","E","R","B",null,"M","M","$","M","M","E","R","?","T","R","M","?","$","M","R","B",null,"M","M","M","?","$","R","$","M","T","?","R","$","T","M","M","R","B"],"character_chosen":"IRONCLAD","items_purchased":["Gremlin Horn","Sword Boomerang","Paper Frog","Limit Break"],"campfire_rested":1,"item_purchase_floors":[20,20,30,39],"current_hp_per_floor":[72,72,67,53,58,58,61,61,61,61,61,67,72,72,72,22,72,70,68,68,56,56,56,56,62,62,62,62,62,62,66,66,21,72,72,69,72,72,72,72,72,66,66,49,49,49,49,19,43,0],"gold":78,"neow_bonus":"ONE_RARE_RELIC","is_prod":false,"is_daily":false,"chose_seed":false,"campfire_upgraded":6,"win_rate":0,"timestamp":1541976791,"path_taken":["M","?","M","?","M","R","M","R","T","?","R","M","M","E","R","BOSS","M","M","$","M","M","E","R","?","T","R","M","?","$","M","R","BOSS","M","M","M","?","$","R","$","M","T","?","R","?","?","M","R","BOSS"],"build_version":"2018-11-08","purchased_purges":1,"victory":false,"max_hp_per_floor":[72,72,72,72,72,72,72,72,72,72,72,72,72,72,72,72,72,72,72,72,72,72,72,72,72,72,72,72,72,72,72,72,72,72,72,72,72,72,72,72,72,75,75,80,80,80,80,80,80,80],"card_choices":[{"not_picked":["Shockwave","Disarm","Sentinel"],"picked":"SKIP","floor":1.0},{"not_picked":["Perfected Strike","Clash"],"picked":"Armaments","floor":3.0},{"not_picked":["Corruption","Seeing Red","Iron Wave"],"picked":"SKIP","floor":5.0},{"not_picked":["Searing Blow","Pummel","Anger"],"picked":"SKIP","floor":7.0},{"not_picked":["Wild Strike","Shrug It Off"],"picked":"Twin Strike","floor":12.0},{"not_picked":["Dual Wield","Rampage","Evolve"],"picked":"SKIP","floor":13.0},{"not_picked":["Sever Soul","Searing Blow","Dark Embrace"],"picked":"SKIP","floor":14.0},{"not_picked":["Fiend Fire","Bludgeon"],"picked":"Offering","floor":16.0},{"not_picked":["Flex","Anger","Wild Strike"],"picked":"SKIP","floor":18.0},{"not_picked":["Intimidate","Havoc"],"picked":"Sword Boomerang","floor":19.0},{"not_picked":["Perfected Strike+1","Burning Pact","Cleave+1"],"picked":"SKIP","floor":21.0},{"not_picked":["Sword Boomerang","True Grit","Metallicize"],"picked":"SKIP","floor":22.0},{"not_picked":["Seeing Red","Anger","Immolate"],"picked":"SKIP","floor":23.0},{"not_picked":["Iron Wave","Intimidate"],"picked":"Thunderclap+1","floor":25.0},{"not_picked":["Iron Wave","Clothesline+1","Pommel Strike+1"],"picked":"SKIP","floor":28.0},{"not_picked":["Second Wind","Flex+1","Warcry"],"picked":"SKIP","floor":31.0},{"not_picked":["Berserk","Impervious"],"picked":"Feed","floor":33.0},{"not_picked":["Intimidate+1","Perfected Strike"],"picked":"Shrug It Off+1","floor":35.0},{"not_picked":["Heavy Blade","Sever Soul+1","Havoc+1"],"picked":"SKIP","floor":36.0},{"not_picked":["Shrug It Off","Clothesline+1"],"picked":"Twin Strike+1","floor":37.0},{"not_picked":["Corruption+1","Perfected Strike+1","Power Through"],"picked":"SKIP","floor":42.0},{"not_picked":["Pommel Strike+1","Body Slam","Clash+1"],"picked":"Singing Bowl","floor":44.0},{"not_picked":["Wild Strike+1","Shrug It Off"],"picked":"Rage+1","floor":48}],"player_experience":458443,"relics_obtained":[{"floor":9.0,"key":"Whetstone"},{"floor":14.0,"key":"Ancient Tea Set"},{"floor":23.0,"key":"MawBank"},{"floor":25.0,"key":"Red Mask"},{"floor":26.0,"key":"Smiling Mask"},{"floor":43.0,"key":"Singing Bowl"}],"event_choices":[{"damage_healed":0.0,"max_hp_gain":0.0,"max_hp_loss":0.0,"gold_gain":0.0,"event_name":"The Cleric","player_choice":"Leave","floor":2.0,"gold_loss":0.0,"damage_taken":0.0},{"damage_healed":0.0,"max_hp_gain":0.0,"max_hp_loss":0.0,"gold_gain":0.0,"event_name":"Shining Light","player_choice":"Entered Light","floor":4.0,"gold_loss":0.0,"damage_taken":14.0,"cards_upgraded":["Defend_R","Strike_R"]},{"damage_healed":0.0,"max_hp_gain":0.0,"max_hp_loss":0.0,"gold_gain":0.0,"event_name":"Living Wall","player_choice":"Grow","floor":10.0,"gold_loss":0.0,"damage_taken":0.0,"cards_upgraded":["Defend_R"]},{"damage_healed":0.0,"max_hp_gain":0.0,"max_hp_loss":0.0,"gold_gain":0.0,"event_name":"Masked Bandits","player_choice":"Fought Bandits","floor":25.0,"gold_loss":0.0,"damage_taken":0.0},{"damage_healed":0.0,"max_hp_gain":0.0,"max_hp_loss":0.0,"gold_gain":0.0,"event_name":"Tomb of Lord Red Mask","player_choice":"Ignored","floor":38.0,"gold_loss":0.0,"damage_taken":0.0},{"damage_healed":0.0,"max_hp_gain":0.0,"max_hp_loss":0.0,"gold_gain":0.0,"event_name":"Mysterious Sphere","player_choice":"Fight","floor":44.0,"gold_loss":0.0,"damage_taken":0.0}],"is_beta":false,"boss_relics":[{"not_picked":["Busted Crown","Philosopher\u0027s Stone"],"picked":"Cursed Key"},{"not_picked":["Mark of Pain","White Beast Statue"],"picked":"Runic Pyramid"}],"items_purged_floors":[46],"is_endless":false,"potions_floor_spawned":[1,5,16,18,25,28,31],"killed_by":"Donu and Deca","ascension_level":0}