{"gold_per_floor":[114,114,127,141,164,207,207,248,248,272,295,331,331,331,331,460,460,443,443,443,15,15,43,43,58,85,118,118,43,43,56,56,152,152,162,112,112,130,142,176,176,195,220,220,220,232,232,251,251,251,251,251,43,72,72],"floor_reached":55,"playtime":21016,"items_purged":["Parasite","Writhe","Parasite"],"score":807,"play_id":"e29f8550-cdec-4d3f-9dee-65a7818ea4b5","local_time":"20190701140520","is_ascension_mode":false,"campfire_choices":[{"floor":7.0,"key":"REST"},{"floor":15.0,"key":"REST"},{"floor":28.0,"key":"REST"},{"floor":32.0,"key":"RECALL"},{"data":"1","floor":41,"key":"LIFT"},{"data":"2","floor":47,"key":"LIFT"},{"data":"3","floor":49,"key":"LIFT"},{"data":"Thunder Strike","floor":52,"key":"SMITH"}],"neow_cost":"NONE","seed_source_timestamp":0,"circlet_count":0,"master_deck":["Strike_B","Strike_B","Strike_B","Defend_B","Defend_B","Defend_B","Defend_B","Zap","Dualcast","Conserve Battery","Static Discharge","Go for the Eyes","Self Repair","Turbo","Leap","Genetic Algorithm","Ball Lightning","Creative AI","Seek","Leap+1","Necronomicurse","Mind Blast","Defragment","Go for the Eyes","BootSequence","Reboot","Storm","Redo+1","Streamline+1","Thunder Strike+1","Conserve Battery","Streamline+1","Turbo+1","BootSequence","Streamline+1","Streamline","Doom and Gloom","Defragment"],"special_seed":0,"relics":["Cursed Key","Bloody Idol","Darkstone Periapt","FossilizedHelix","Letter Opener","Gremlin Horn","White Beast Statue","Necronomicon","Bag of Marbles","Juzu Bracelet","Smiling Mask","Girya","Meat on the Bone","Busted Crown","Centennial Puzzle","Omamori","Shuriken"],"potions_floor_usage":[40,48,50,50,54,55,55,55],"damage_taken":[{"damage":1.0,"enemies":"Cultist","floor":1.0,"turns":3.0},{"damage":3.0,"enemies":"Small Slimes","floor":3.0,"turns":4.0},{"damage":1.0,"enemies":"2 Louse","floor":4.0,"turns":3.0},{"damage":0.0,"enemies":"Blue Slaver","floor":5.0,"turns":4.0},{"damage":31.0,"enemies":"3 Sentries","floor":6.0,"turns":9.0},{"damage":25.0,"enemies":"Gremlin Nob","floor":8.0,"turns":5.0},{"damage":6.0,"enemies":"2 Fungi Beasts","floor":10.0,"turns":3.0},{"damage":12.0,"enemies":"Exordium Wildlife","floor":11.0,"turns":6.0},{"damage":33.0,"enemies":"3 Sentries","floor":12.0,"turns":8.0},{"damage":0.0,"enemies":"Exordium Thugs","floor":14.0,"turns":1.0},{"damage":3.0,"enemies":"Hexaghost","floor":16.0,"turns":9.0},{"damage":11.0,"enemies":"2 Thieves","floor":18.0,"turns":4.0},{"damage":13.0,"enemies":"Book of Stabbing","floor":23.0,"turns":5.0},{"damage":0.0,"enemies":"Shell Parasite","floor":25.0,"turns":4.0},{"damage":50.0,"enemies":"Gremlin Leader","floor":27.0,"turns":7.0},{"damage":13.0,"enemies":"Chosen and Byrds","floor":31.0,"turns":6.0},{"damage":70.0,"enemies":"Automaton","floor":33.0,"turns":8.0},{"damage":41.0,"enemies":"3 Darklings","floor":35.0,"turns":4.0},{"damage":0.0,"enemies":"Orb Walker","floor":38.0,"turns":1.0},{"damage":10.0,"enemies":"Sphere and 2 Shapes","floor":39.0,"turns":4.0},{"damage":34,"enemies":"Nemesis","floor":40,"turns":5},{"damage":0,"enemies":"Transient","floor":42,"turns":5},{"damage":57,"enemies":"4 Shapes","floor":46,"turns":4},{"damage":3,"enemies":"Maw","floor":48,"turns":6},{"damage":32,"enemies":"Donu and Deca","floor":50,"turns":6},{"damage":0,"enemies":"Shield and Spear","floor":54,"turns":5},{"damage":98,"enemies":"The Heart","floor":55,"turns":5}],"seed_played":"-174397624325109029","potions_obtained":[{"floor":4.0,"key":"FearPotion"},{"floor":11.0,"key":"Ancient Potion"},{"floor":12.0,"key":"SmokeBomb"},{"floor":18.0,"key":"AttackPotion"},{"floor":23.0,"key":"Weak Potion"},{"floor":25.0,"key":"Regen Potion"},{"floor":27.0,"key":"SmokeBomb"},{"floor":31.0,"key":"Energy Potion"},{"floor":33.0,"key":"Strength Potion"},{"floor":35.0,"key":"FocusPotion"},{"floor":38.0,"key":"Dexterity Potion"},{"floor":39,"key":"SkillPotion"},{"floor":40,"key":"SteroidPotion"},{"floor":42,"key":"EssenceOfSteel"},{"floor":46,"key":"Strength Potion"},{"floor":48,"key":"AttackPotion"},{"floor":54,"key":"PowerPotion"}],"is_trial":false,"path_per_floor":["M","?","M","M","M","E","R","E","T","M","M","E","?","M","R","B",null,"M","?","?","$","?","E","$","M","T","E","R","?","T","M","R","B",null,"M","$","?","M","M","E","R","M","T","?","?","M","R","M","R","B",null,"R","$","E","B"],"character_chosen":"DEFECT","items_purchased":["Bag of Marbles","Mind Blast","Defragment","Go for the Eyes","FocusPotion","PowerPotion","Doom and Gloom"],"campfire_rested":3,"item_purchase_floors":[21,21,21,21,53,53,53],"current_hp_per_floor":[74,56,53,52,52,28,50,32,38,39,34,8,8,8,32,29,81,77,67,67,67,67,59,59,71,82,58,85,85,91,83,83,37,93,57,57,57,62,64,54,54,66,77,77,99,66,66,75,75,55,99,99,96,96,0],"gold":72,"neow_bonus":"BOSS_RELIC","is_prod":false,"is_daily":false,"chose_seed":false,"campfire_upgraded":1,"win_rate":0,"timestamp":1562007920,"path_taken":["M","?","M","M","M","E","R","E","T","M","M","E","?","?","R","BOSS","M","?","?","$","?","E","$","M","T","E","R","?","?","M","R","BOSS","M","$","?","M","M","E","R","M","T","?","?","M","R","M","R","BOSS","R","$","E","BOSS"],"build_version":"2019-01-23","purchased_purges":3,"victory":false,"max_hp_per_floor":[75,75,75,75,75,75,75,75,81,81,81,81,81,81,81,81,81,81,87,87,84,84,84,84,84,90,90,90,87,93,93,93,93,93,93,93,93,93,93,93,93,93,99,99,99,99,99,99,99,99,99,99,96,96,96],"card_choices":[{"not_picked":["Compile Driver","Capacitor"],"picked":"Conserve Battery","floor":1.0},{"not_picked":["Blizzard","Doom and Gloom"],"picked":"Static Discharge","floor":3.0},{"not_picked":["Tempest","Sweeping Beam"],"picked":"Go for the Eyes","floor":4.0},{"not_picked":["Cold Snap","Streamline"],"picked":"Self Repair","floor":5.0},{"not_picked":["Storm","Beam Cell"],"picked":"Turbo","floor":6.0},{"not_picked":["Biased Cognition","Compile Driver"],"picked":"Leap","floor":8.0},{"not_picked":["Leap","Hologram"],"picked":"Genetic Algorithm","floor":10.0},{"not_picked":["Rebound","Streamline"],"picked":"Ball Lightning","floor":11.0},{"not_picked":["Skim","Rip and Tear"],"picked":"Creative AI","floor":12.0},{"not_picked":["Reboot","Meteor Strike"],"picked":"Seek","floor":16.0},{"not_picked":["Undo","Sweeping Beam"],"picked":"Leap+1","floor":18.0},{"not_picked":["Steam","Stack"],"picked":"Reboot","floor":23.0},{"not_picked":["Compile Driver","Turbo+1"],"picked":"Storm","floor":25.0},{"not_picked":["Machine Learning","Aggregate"],"picked":"Redo+1","floor":27.0},{"not_picked":["Redo","Beam Cell"],"picked":"Streamline+1","floor":31.0},{"not_picked":["Amplify","Electrodynamics"],"picked":"Thunder Strike","floor":33.0},{"not_picked":[],"picked":"Conserve Battery","floor":35.0},{"not_picked":["Barrage+1"],"picked":"SKIP","floor":38.0},{"not_picked":["Fusion"],"picked":"SKIP","floor":39},{"not_picked":[],"picked":"Turbo+1","floor":40},{"not_picked":[],"picked":"BootSequence","floor":42},{"not_picked":[],"picked":"Streamline+1","floor":46},{"not_picked":[],"picked":"Streamline","floor":48},{"not_picked":[],"picked":"Defragment","floor":54}],"player_experience":107248,"relics_obtained":[{"floor":6.0,"key":"Darkstone Periapt"},{"floor":8.0,"key":"FossilizedHelix"},{"floor":12.0,"key":"Letter Opener"},{"floor":19.0,"key":"Necronomicon"},{"floor":23.0,"key":"Juzu Bracelet"},{"floor":26.0,"key":"Smiling Mask"},{"floor":27.0,"key":"Girya"},{"floor":30.0,"key":"Meat on the Bone"},{"floor":40,"key":"Centennial Puzzle"},{"floor":43,"key":"Omamori"},{"floor":54,"key":"Shuriken"}],"event_choices":[{"damage_healed":0.0,"max_hp_gain":0.0,"max_hp_loss":0.0,"gold_gain":0.0,"event_name":"Golden Idol","player_choice":"Take Damage","floor":2.0,"gold_loss":0.0,"damage_taken":18.0,"relics_obtained":["Golden Idol"]},{"damage_healed":0.0,"max_hp_gain":0.0,"max_hp_loss":0.0,"gold_gain":0.0,"event_name":"WeMeetAgain","player_choice":"Gave Potion","floor":13.0,"gold_loss":0.0,"damage_taken":0.0,"relics_obtained":["Gremlin Horn"]},{"damage_healed":0.0,"max_hp_gain":0.0,"max_hp_loss":0.0,"gold_gain":0.0,"event_name":"Cursed Tome","player_choice":"Obtained Book","floor":19.0,"gold_loss":0.0,"damage_taken":16.0},{"damage_healed":0.0,"max_hp_gain":0.0,"max_hp_loss":0.0,"gold_gain":0.0,"event_name":"Forgotten Altar","player_choice":"Gave Idol","floor":20.0,"relics_lost":["Golden Idol"],"gold_loss":0.0,"damage_taken":0.0,"relics_obtained":["Bloody Idol"]},{"damage_healed":0.0,"max_hp_gain":0.0,"max_hp_loss":0.0,"gold_gain":0.0,"event_name":"The Library","player_choice":"Read","floor":22.0,"gold_loss":0.0,"damage_taken":0.0,"cards_obtained":["BootSequence"]},{"cards_removed":["Parasite"],"damage_healed":0.0,"max_hp_gain":0.0,"max_hp_loss":0.0,"gold_gain":0.0,"event_name":"Beggar","player_choice":"Gave Gold","floor":29.0,"gold_loss":75.0,"damage_taken":0.0},{"damage_healed":0.0,"max_hp_gain":0.0,"max_hp_loss":0.0,"gold_gain":0.0,"event_name":"Duplicator","player_choice":"Copied","floor":37.0,"gold_loss":0.0,"damage_taken":0.0,"cards_obtained":["Streamline"]},{"cards_removed":["Strike_B"],"damage_healed":0,"gold_gain":0,"player_choice":"Removed Attack","damage_taken":0,"max_hp_gain":0,"max_hp_loss":0,"event_name":"Falling","floor":44,"gold_loss":0},{"damage_healed":25,"gold_gain":0,"player_choice":"Writhe","damage_taken":0,"max_hp_gain":0,"max_hp_loss":0,"event_name":"Winding Halls","floor":45,"gold_loss":0,"cards_obtained":["Writhe"]}],"is_beta":false,"boss_relics":[{"not_picked":["Inserter","Runic Pyramid"],"picked":"White Beast Statue"},{"not_picked":["Snecko Eye","Calling Bell"],"picked":"Busted Crown"}],"items_purged_floors":[21,36,53],"is_endless":false,"potions_floor_spawned":[4,11,12,14,18,23,25,27,31,33,35,38,39,40,42,46,48,54],"killed_by":"The Heart","ascension_level":0}