{"path_per_floor":["M","$","M","$","M","R","?","M","T","$","?","$","M","M","R","B",null,"M","M","$","?","M","E","R","M","T","?","M","?","M","$","R","B",null,"M","M","M","?","$","R","M","M","T","$","R","?","R","M","R","B"],"character_chosen":"IRONCLAD","items_purchased":["Bottled Tornado","Paper Frog","Flash of Steel"],"gold_per_floor":[113,113,131,131,149,149,149,159,184,109,109,109,125,138,138,237,237,255,267,26,26,45,76,76,92,92,92,103,103,119,119,119,219,219,236,253,273,273,273,273,290,300,352,5,5,105,105,121,121,121],"floor_reached":51,"campfire_rested":1,"playtime":1871,"current_hp_per_floor":[80,80,78,78,71,71,71,69,69,69,69,69,64,63,63,35,80,72,73,73,73,63,57,57,56,56,56,72,72,80,80,80,66,80,76,73,58,58,58,58,67,51,51,51,51,51,51,60,80,39],"items_purged":["Regret"],"gold":121,"score":661,"play_id":"a72c8034-d553-48e2-9c36-75d782b9d234","local_time":"20180507004032","is_prod":false,"is_daily":false,"chose_seed":false,"is_ascension_mode":false,"campfire_upgraded":7,"timestamp":1525642832,"path_taken":["M","?","M","$","M","R","?","M","T","$","?","$","M","M","R","BOSS","M","M","$","?","M","E","R","M","T","?","M","?","M","$","R","BOSS","M","M","M","?","$","R","M","M","T","$","R","?","R","M","R","BOSS"],"build_version":"2018-05-03","seed_source_timestamp":97336941036339,"purchased_purges":1,"victory":true,"master_deck":["Strike_R+1","Strike_R+1","Strike_R+1","Strike_R+1","Strike_R+1","Defend_R+1","Defend_R+1","Defend_R+1","Bash+1","Cleave+1","Clothesline+1","Reaper","Limit Break+1","Inflame+1","Rage+1","Twin Strike+1","Cleave+1","Decay","Heavy Blade+1","Limit Break+1","Perfected Strike+1","Perfected Strike+1","Perfected Strike+1","Flash of Steel","Whirlwind+1"],"max_hp_per_floor":[80,80,80,80,80,80,80,80,80,80,80,80,80,80,80,80,80,80,80,80,80,80,80,80,80,80,80,80,80,80,80,80,80,80,80,80,80,80,80,80,80,80,80,80,80,80,80,80,80,80],"relics":["Burning Blood","Orichalcum","Bronze Scales","Sozu","Bottled Tornado","Juzu Bracelet","Question Card","Lizard Tail","Bag of Preparation","Paper Frog"],"card_choices":[{"not_picked":["Intimidate","Body Slam"],"picked":"Cleave","floor":3.0},{"not_picked":["Sword Boomerang","Headbutt"],"picked":"Clothesline","floor":13.0},{"not_picked":["Cleave","Body Slam"],"picked":"Reaper","floor":14.0},{"not_picked":["Brutality","Juggernaut"],"picked":"Limit Break","floor":16.0},{"not_picked":["Armaments","Warcry"],"picked":"Inflame","floor":19.0},{"not_picked":["Immolate","Searing Blow"],"picked":"Rage","floor":22.0},{"not_picked":["Uppercut","Burning Pact"],"picked":"Twin Strike","floor":23.0},{"not_picked":["Perfected Strike","Wild Strike"],"picked":"Cleave","floor":25.0},{"not_picked":["Intimidate","Flex","Corruption"],"picked":"Heavy Blade","floor":28.0},{"not_picked":["Brutality","Offering","Demon Form"],"picked":"Limit Break","floor":33},{"not_picked":["Ghostly Armor","Armaments","Shrug It Off"],"picked":"Perfected Strike","floor":35},{"not_picked":["Shrug It Off","Combust","Ghostly Armor"],"picked":"Perfected Strike","floor":36},{"not_picked":["Shrug It Off","Iron Wave","Heavy Blade"],"picked":"Perfected Strike","floor":37},{"not_picked":["Combust","Iron Wave","Spot Weakness"],"picked":"Whirlwind","floor":48}],"player_experience":134963,"potions_floor_usage":[50,50],"damage_taken":[{"damage":6.0,"enemies":"Cultist","floor":1.0,"turns":3.0},{"damage":8.0,"enemies":"Small Slimes","floor":3.0,"turns":4.0},{"damage":13.0,"enemies":"Jaw Worm","floor":5.0,"turns":3.0},{"damage":8.0,"enemies":"Looter","floor":8.0,"turns":3.0},{"damage":11.0,"enemies":"Large Slime","floor":13.0,"turns":5.0},{"damage":7.0,"enemies":"Lots of Slimes","floor":14.0,"turns":2.0},{"damage":38.0,"enemies":"Hexaghost","floor":16.0,"turns":10.0},{"damage":18.0,"enemies":"Chosen","floor":18.0,"turns":4.0},{"damage":5.0,"enemies":"Shell Parasite","floor":19.0,"turns":4.0},{"damage":16.0,"enemies":"Centurion and Healer","floor":22.0,"turns":4.0},{"damage":22.0,"enemies":"Book of Stabbing","floor":23.0,"turns":5.0},{"damage":17.0,"enemies":"Sentry and Sphere","floor":25.0,"turns":4.0},{"damage":11.0,"enemies":"3 Cultists","floor":28.0,"turns":4.0},{"damage":8.0,"enemies":"Snecko","floor":30.0,"turns":4.0},{"damage":20,"enemies":"Collector","floor":33,"turns":7},{"damage":10,"enemies":"Flame Bruiser 1 Orb","floor":35,"turns":5},{"damage":9,"enemies":"Orb Walker","floor":36,"turns":3},{"damage":21,"enemies":"Flame Bruiser 2 Orb","floor":37,"turns":4},{"damage":29,"enemies":"3 Darklings","floor":41,"turns":4},{"damage":22,"enemies":"Spire Growth","floor":42,"turns":4},{"damage":25,"enemies":"4 Shapes","floor":48,"turns":2},{"damage":59,"enemies":"Time Eater","floor":50,"turns":7}],"event_choices":[{"event_name":"Big Fish","player_choice":"Box","floor":7.0,"damage_taken":0.0},{"event_name":"The Cleric","player_choice":"Leave","floor":11.0,"damage_taken":0.0},{"event_name":"Upgrade Shrine","player_choice":"Upgraded","floor":21.0,"damage_taken":0.0},{"event_name":"Wheel of Change","player_choice":"Curse","floor":27.0,"damage_taken":0.0},{"event_name":"Back to Basics","player_choice":"Simplicity","floor":29.0,"damage_taken":0.0},{"event_name":"Golden Shrine","player_choice":"Pray","floor":46,"damage_taken":0}],"boss_relics":[{"not_picked":["Runic Pyramid","Black Star"],"picked":"Lizard Tail"}],"potions_floor_spawned":[3,13,14,18,25,30,36,42],"seed_played":"-1916592688088473818","ascension_level":0,"is_trial":false}