{"gold_per_floor":[210,81,31,50,50,84,84,109,134,47,122,205,217,60,60,156,156,111,32,32,32,32,32,32,32,32,32,32,32,32,32,32,32,32,32,32,0,0,0,0,0,0,0,0,0,0,0,0,0,0,0,0,0,0,0],"floor_reached":56,"playtime":1432,"items_purged":["Strike_R"],"score":1525,"play_id":"21db9629-013f-4666-b647-3e2d8512452d","local_time":"20190723202415","is_ascension_mode":false,"campfire_choices":[{"data":"Heavy Blade","floor":7.0,"key":"SMITH"},{"data":"Blind","floor":15.0,"key":"SMITH"},{"data":"Limit Break","floor":25.0,"key":"SMITH"},{"data":"Double Tap","floor":32.0,"key":"SMITH"},{"floor":40.0,"key":"RECALL"},{"data":"Demon Form","floor":42.0,"key":"SMITH"},{"data":"Battle Trance","floor":44,"key":"SMITH"},{"data":"Shrug It Off","floor":47,"key":"SMITH"},{"data":"Shrug It Off","floor":49,"key":"SMITH"},{"data":"Defend_R","floor":52,"key":"SMITH"}],"neow_cost":"NONE","seed_source_timestamp":9467772672200,"circlet_count":0,"master_deck":["Strike_R","Strike_R","Strike_R","Defend_R","Defend_R","Defend_R","Defend_R+1","Bash","Inflame","Inflame","Heavy Blade+1","Shrug It Off+1","Heavy Blade+1","Blind+1","Shrug It Off+1","Pummel","Double Tap+1","Battle Trance+1","Limit Break+1","Demon Form+1","Feed","Battle Trance+1","Sword Boomerang+1"],"special_seed":0,"relics":["Burning Blood","Orichalcum","Gambling Chip","Happy Flower","Tiny Chest","Ectoplasm","Bottled Tornado","Shuriken","Bag of Preparation","Anchor","Coffee Dripper","Red Mask","Mango","Question Card","Pen Nib"],"potions_floor_usage":[55,55,55],"damage_taken":[{"damage":5.0,"enemies":"Small Slimes","floor":1.0,"turns":3.0},{"damage":7.0,"enemies":"2 Louse","floor":4.0,"turns":3.0},{"damage":20.0,"enemies":"Lagavulin","floor":6.0,"turns":7.0},{"damage":16.0,"enemies":"Gremlin Nob","floor":8.0,"turns":4.0},{"damage":0.0,"enemies":"Jaw Worm","floor":13.0,"turns":3.0},{"damage":22.0,"enemies":"Hexaghost","floor":16.0,"turns":10.0},{"damage":9.0,"enemies":"2 Thieves","floor":18.0,"turns":3.0},{"damage":0.0,"enemies":"Spheric Guardian","floor":21.0,"turns":2.0},{"damage":1.0,"enemies":"Snecko","floor":22.0,"turns":4.0},{"damage":12.0,"enemies":"Book of Stabbing","floor":23.0,"turns":4.0},{"damage":0.0,"enemies":"Centurion and Healer","floor":24.0,"turns":4.0},{"damage":13.0,"enemies":"Snake Plant","floor":27.0,"turns":2.0},{"damage":1.0,"enemies":"Sentry and Sphere","floor":28.0,"turns":3.0},{"damage":3.0,"enemies":"Centurion and Healer","floor":30.0,"turns":4.0},{"damage":10.0,"enemies":"Gremlin Leader","floor":31.0,"turns":4.0},{"damage":2.0,"enemies":"Champ","floor":33.0,"turns":5.0},{"damage":4.0,"enemies":"Orb Walker","floor":35.0,"turns":3.0},{"damage":0.0,"enemies":"3 Darklings","floor":36.0,"turns":4.0},{"damage":0.0,"enemies":"Mind Bloom Boss Battle","floor":38.0,"turns":3.0},{"damage":0.0,"enemies":"Nemesis","floor":41.0,"turns":3.0},{"damage":3,"enemies":"Writhing Mass","floor":45,"turns":4},{"damage":2,"enemies":"Spire Growth","floor":46,"turns":2},{"damage":0,"enemies":"Maw","floor":48,"turns":3},{"damage":46,"enemies":"Time Eater","floor":50,"turns":5},{"damage":32,"enemies":"Shield and Spear","floor":54,"turns":4},{"damage":59,"enemies":"The Heart","floor":55,"turns":5}],"seed_played":"-8651489504925660102","potions_obtained":[{"floor":4.0,"key":"PowerPotion"},{"floor":6.0,"key":"AttackPotion"},{"floor":16.0,"key":"FearPotion"},{"floor":31.0,"key":"LiquidBronze"},{"floor":35.0,"key":"Poison Potion"},{"floor":38.0,"key":"Energy Potion"}],"is_trial":false,"path_per_floor":["M","$","?","M","?","E","R","E","T","$","?","T","M","$","R","B",null,"M","$","T","M","M","E","M","R","T","M","M","?","M","E","R","B",null,"M","M","?","?","?","R","E","R","T","R","M","M","R","M","R","B",null,"R","$","E","B",null],"character_chosen":"IRONCLAD","items_purchased":["Inflame","Heavy Blade","Blind","Pummel","Battle Trance"],"campfire_rested":0,"item_purchase_floors":[2,2,10,14,19],"current_hp_per_floor":[80,80,80,79,79,65,65,55,55,55,44,44,50,50,50,34,80,77,77,77,80,80,74,80,80,80,73,78,63,66,62,62,66,85,88,88,88,102,102,102,102,102,102,102,102,102,102,102,102,62,102,102,102,76,23],"gold":0,"neow_bonus":"HUNDRED_GOLD","is_prod":false,"is_daily":false,"chose_seed":false,"campfire_upgraded":9,"win_rate":0,"timestamp":1563902655,"path_taken":["M","$","?","M","?","E","R","E","T","$","?","?","M","?","R","BOSS","M","$","?","M","M","E","M","R","T","M","M","?","M","E","R","BOSS","M","M","?","?","?","R","E","R","T","R","M","M","R","M","R","BOSS","R","$","E","BOSS"],"build_version":"2019-07-17","purchased_purges":1,"victory":true,"max_hp_per_floor":[80,80,80,80,80,80,80,80,80,80,80,80,80,80,80,80,80,80,80,80,80,80,80,80,80,80,80,80,85,85,85,85,85,85,88,88,88,102,102,102,102,102,102,102,102,102,102,102,102,102,102,102,102,102,102],"card_choices":[{"not_picked":["Sword Boomerang","Body Slam"],"picked":"Inflame","floor":1.0},{"not_picked":["Anger","Sever Soul"],"picked":"Shrug It Off","floor":4.0},{"not_picked":["Warcry","Body Slam"],"picked":"Heavy Blade","floor":6.0},{"not_picked":["Warcry","Twin Strike","Iron Wave"],"picked":"SKIP","floor":8.0},{"not_picked":["Combust","Exhume"],"picked":"Shrug It Off","floor":13.0},{"not_picked":["Reaper","Fiend Fire"],"picked":"Double Tap","floor":16.0},{"not_picked":["Thunderclap","Spot Weakness","Flex"],"picked":"SKIP","floor":18.0},{"not_picked":["Perfected Strike","True Grit"],"picked":"Limit Break","floor":21.0},{"not_picked":["Heavy Blade+1","Rampage","Clothesline+1"],"picked":"SKIP","floor":22.0},{"not_picked":["Dropkick","Cleave","Rampage"],"picked":"SKIP","floor":23.0},{"not_picked":["Dual Wield","Entrench","Heavy Blade+1"],"picked":"SKIP","floor":24.0},{"not_picked":["Heavy Blade","Spot Weakness","Cleave+1"],"picked":"SKIP","floor":27.0},{"not_picked":["Perfected Strike","True Grit","Headbutt"],"picked":"SKIP","floor":28.0},{"not_picked":["Anger","Corruption","Blood for Blood"],"picked":"SKIP","floor":30.0},{"not_picked":["Body Slam+1","Armaments"],"picked":"Demon Form","floor":31.0},{"not_picked":["Brutality","Berserk"],"picked":"Feed","floor":33.0},{"not_picked":["Cleave+1","Rampage","Warcry"],"picked":"SKIP","floor":35.0},{"not_picked":["Cleave+1","Metallicize","Flex"],"picked":"SKIP","floor":36.0},{"not_picked":["Juggernaut","Intimidate+1"],"picked":"Battle Trance+1","floor":41.0},{"not_picked":["Pommel Strike","Searing Blow","Heavy Blade+1","Infernal Blade+1"],"picked":"SKIP","floor":45},{"not_picked":["Perfected Strike","Clash","Juggernaut","Iron Wave"],"picked":"SKIP","floor":46},{"not_picked":["Flex","Wild Strike+1","Heavy Blade"],"picked":"Sword Boomerang+1","floor":48},{"not_picked":["Feed","Metallicize","Power Through+1","Clash+1"],"picked":"SKIP","floor":54}],"player_experience":750826,"relics_obtained":[{"floor":6.0,"key":"Orichalcum"},{"floor":8.0,"key":"Gambling Chip"},{"floor":9.0,"key":"Happy Flower"},{"floor":12.0,"key":"Tiny Chest"},{"floor":20.0,"key":"Bottled Tornado"},{"floor":23.0,"key":"Shuriken"},{"floor":26.0,"key":"Bag of Preparation"},{"floor":31.0,"key":"Anchor"},{"floor":38.0,"key":"Mango"},{"floor":41.0,"key":"Question Card"},{"floor":54,"key":"Pen Nib"}],"event_choices":[{"cards_removed":["Strike_R"],"damage_healed":0.0,"max_hp_gain":0.0,"max_hp_loss":0.0,"gold_gain":0.0,"event_name":"The Cleric","player_choice":"Card Removal","floor":3.0,"gold_loss":50.0,"damage_taken":0.0},{"damage_healed":0.0,"max_hp_gain":0.0,"max_hp_loss":0.0,"gold_gain":0.0,"event_name":"Living Wall","player_choice":"Grow","floor":5.0,"gold_loss":0.0,"damage_taken":0.0,"cards_upgraded":["Heavy Blade"]},{"damage_healed":0.0,"max_hp_gain":0.0,"max_hp_loss":0.0,"gold_gain":75.0,"event_name":"World of Goop","player_choice":"Gather Gold","floor":11.0,"gold_loss":0.0,"damage_taken":11.0},{"damage_healed":0.0,"max_hp_gain":5.0,"max_hp_loss":0.0,"gold_gain":0.0,"event_name":"Forgotten Altar","player_choice":"Shed Blood","floor":29.0,"gold_loss":0.0,"damage_taken":20.0},{"damage_healed":0.0,"max_hp_gain":0.0,"max_hp_loss":0.0,"gold_gain":0.0,"event_name":"Tomb of Lord Red Mask","player_choice":"Paid","floor":37.0,"gold_loss":32.0,"damage_taken":0.0,"relics_obtained":["Red Mask"]},{"damage_healed":0.0,"max_hp_gain":0.0,"max_hp_loss":0.0,"gold_gain":0.0,"event_name":"MindBloom","player_choice":"Fight","floor":38.0,"gold_loss":0.0,"damage_taken":0.0},{"damage_healed":0.0,"max_hp_gain":0.0,"max_hp_loss":0.0,"gold_gain":0.0,"event_name":"Transmorgrifier","player_choice":"Ignored","floor":39.0,"gold_loss":0.0,"damage_taken":0.0}],"is_beta":false,"boss_relics":[{"not_picked":["Snecko Eye","Pandora\u0027s Box"],"picked":"Ectoplasm"},{"not_picked":["Tiny House","Orrery"],"picked":"Coffee Dripper"}],"items_purged_floors":[14],"is_endless":false,"potions_floor_spawned":[4,6,16,18,21,31,35,38,46,54],"ascension_level":0}