{"gold_per_floor":[111,111,39,39,39,39,39,39,63,73,73,73,73,23,23,120,120,133,81,91,18,34,62,62,75,75,75,75,75,87,101,101,204,204,216,231,192,208,224,224,241,270,325,341,54,68,18,35,35,35],"floor_reached":51,"playtime":2011,"items_purged":["Decay","Strike_B"],"score":687,"play_id":"46d3e8f0-f2f2-4540-9fdb-c825d736b3cc","local_time":"20181215040804","is_ascension_mode":false,"campfire_choices":[{"data":"Defragment","floor":6.0,"key":"SMITH"},{"data":"Zap","floor":8.0,"key":"SMITH"},{"data":"Dualcast","floor":11.0,"key":"SMITH"},{"data":"Defend_B","floor":13.0,"key":"SMITH"},{"data":"Defend_B","floor":15.0,"key":"SMITH"},{"data":"Capacitor","floor":24.0,"key":"SMITH"},{"data":"Self Repair","floor":27.0,"key":"SMITH"},{"data":"Zap","floor":29.0,"key":"SMITH"},{"data":"Go for the Eyes","floor":32.0,"key":"SMITH"},{"data":"Capacitor","floor":40.0,"key":"SMITH"},{"data":"Hologram","floor":49,"key":"SMITH"}],"neow_cost":"NONE","seed_source_timestamp":0,"circlet_count":0,"master_deck":["Strike_B","Strike_B+1","Strike_B+1","Defend_B","Defend_B+1","Defend_B","Defend_B+1","Zap+1","Dualcast+1","Defragment+1","Electrodynamics","Self Repair+1","Conserve Battery","Capacitor+1","Self Repair+1","Go for the Eyes+1","Reinforced Body","Conserve Battery+1","Zap+1","Force Field+1","Redo+1","Reboot","Storm+1","Capacitor+1","Hologram+1","Force Field"],"special_seed":0,"relics":["Cracked Core","Smiling Mask","Lantern","Whetstone","Lizard Tail","Bronze Scales","Meat on the Bone","Nuclear Battery","Juzu Bracelet","Ancient Tea Set","Ice Cream"],"potions_floor_usage":[50,50],"damage_taken":[{"damage":0.0,"enemies":"2 Louse","floor":1.0,"turns":1.0},{"damage":0.0,"enemies":"Cultist","floor":10.0,"turns":2.0},{"damage":39.0,"enemies":"Slime Boss","floor":16.0,"turns":10.0},{"damage":2.0,"enemies":"Spheric Guardian","floor":18.0,"turns":3.0},{"damage":3.0,"enemies":"Chosen","floor":20.0,"turns":4.0},{"damage":6.0,"enemies":"3 Cultists","floor":22.0,"turns":3.0},{"damage":24.0,"enemies":"Gremlin Leader","floor":23.0,"turns":7.0},{"damage":41.0,"enemies":"Cultist and Chosen","floor":25.0,"turns":6.0},{"damage":31.0,"enemies":"Sentry and Sphere","floor":30.0,"turns":6.0},{"damage":29.0,"enemies":"Chosen and Byrds","floor":31.0,"turns":7.0},{"damage":54.0,"enemies":"Collector","floor":33.0,"turns":10.0},{"damage":6.0,"enemies":"3 Darklings","floor":35.0,"turns":5.0},{"damage":15.0,"enemies":"Orb Walker","floor":36.0,"turns":4.0},{"damage":8.0,"enemies":"Writhing Mass","floor":38.0,"turns":6.0},{"damage":7.0,"enemies":"4 Shapes","floor":39.0,"turns":4.0},{"damage":9.0,"enemies":"Jaw Worm Horde","floor":41.0,"turns":4.0},{"damage":63.0,"enemies":"Giant Head","floor":42.0,"turns":10.0},{"damage":22.0,"enemies":"Sphere and 2 Shapes","floor":44.0,"turns":5.0},{"damage":0.0,"enemies":"Transient","floor":46.0,"turns":5.0},{"damage":0.0,"enemies":"Maw","floor":48.0,"turns":6.0},{"damage":31,"enemies":"Time Eater","floor":50,"turns":11}],"seed_played":"361344695937306133","potions_obtained":[{"floor":1.0,"key":"Energy Potion"},{"floor":2.0,"key":"Block Potion"},{"floor":2.0,"key":"Fruit Juice"},{"floor":2.0,"key":"LiquidBronze"},{"floor":23.0,"key":"Dexterity Potion"},{"floor":35.0,"key":"Swift Potion"},{"floor":38.0,"key":"Swift Potion"},{"floor":46.0,"key":"Poison Potion"},{"floor":48,"key":"Swift Potion"}],"is_trial":false,"path_per_floor":["M","?","$","T","$","R","?","R","T","M","R","?","R","$","R","B",null,"M","$","M","$","M","E","R","M","T","R","?","R","M","M","R","B",null,"M","M","$","M","M","R","M","E","T","M","$","M","$","M","M","R","B",null],"character_chosen":"DEFECT","items_purchased":["Defragment","Conserve Battery","Self Repair","Capacitor","Ice Cream"],"campfire_rested":0,"item_purchase_floors":[3,19,21,37,45],"current_hp_per_floor":[75,80,80,80,80,80,80,80,80,80,80,85,85,85,85,46,85,83,83,85,85,85,78,78,54,54,54,54,54,55,58,58,36,85,85,85,85,85,85,85,85,54,54,64,64,84,84,85,85,74],"gold":35,"neow_bonus":"RANDOM_COMMON_RELIC","is_prod":false,"is_daily":false,"chose_seed":false,"campfire_upgraded":11,"win_rate":0,"timestamp":1544839684,"path_taken":["M","?","$","?","$","R","?","R","T","?","R","?","R","?","R","BOSS","M","$","M","$","M","E","R","M","T","R","?","R","?","M","R","BOSS","M","M","$","M","M","R","?","E","T","M","$","M","$","M","R","BOSS"],"build_version":"2018-12-13","purchased_purges":2,"victory":true,"max_hp_per_floor":[75,80,80,80,80,80,80,80,80,80,80,85,85,85,85,85,85,85,85,85,85,85,85,85,85,85,85,85,85,85,85,85,85,85,85,85,85,85,85,85,85,85,85,85,85,85,85,85,85,85],"card_choices":[{"not_picked":["FTL","Ball Lightning","Glacier"],"picked":"SKIP","floor":1.0},{"not_picked":["Rebound","Sweeping Beam","Darkness"],"picked":"SKIP","floor":10.0},{"not_picked":["Echo Form","Machine Learning"],"picked":"Electrodynamics","floor":16.0},{"not_picked":["Go for the Eyes","Melter+1"],"picked":"Self Repair+1","floor":18.0},{"not_picked":["Lockon+1","Tempest"],"picked":"Capacitor","floor":20.0},{"not_picked":["Glacier+1","Tempest"],"picked":"Go for the Eyes","floor":22.0},{"not_picked":["Hello World","Rip and Tear"],"picked":"Reinforced Body","floor":23.0},{"not_picked":["Capacitor+1","FTL+1"],"picked":"Conserve Battery+1","floor":25.0},{"not_picked":["Compile Driver","Steam"],"picked":"Force Field+1","floor":30.0},{"not_picked":["Cold Snap+1","Coolheaded"],"picked":"Redo+1","floor":31.0},{"not_picked":["Core Surge","All For One"],"picked":"Reboot","floor":33.0},{"not_picked":["Scrape","Streamline","Go for the Eyes+1"],"picked":"SKIP","floor":35.0},{"not_picked":["Beam Cell+1","Compile Driver+1"],"picked":"Storm+1","floor":36.0},{"not_picked":["Scrape+1","Cold Snap","Recycle"],"picked":"SKIP","floor":38.0},{"not_picked":["Coolheaded","Turbo","Streamline+1"],"picked":"SKIP","floor":39.0},{"not_picked":["Redo+1","Static Discharge+1","Capacitor"],"picked":"SKIP","floor":41.0},{"not_picked":["Redo+1","Fusion+1"],"picked":"Hologram","floor":42.0},{"not_picked":["Undo","Cold Snap+1","Steam+1"],"picked":"SKIP","floor":44.0},{"not_picked":["Redo","Coolheaded"],"picked":"Force Field","floor":46.0},{"not_picked":["Storm","Ball Lightning+1","Redo+1"],"picked":"SKIP","floor":48}],"player_experience":510754,"relics_obtained":[{"floor":4.0,"key":"Lantern"},{"floor":9.0,"key":"Whetstone"},{"floor":23.0,"key":"Bronze Scales"},{"floor":26.0,"key":"Meat on the Bone"},{"floor":42.0,"key":"Juzu Bracelet"},{"floor":43.0,"key":"Ancient Tea Set"}],"event_choices":[{"damage_healed":0.0,"max_hp_gain":0.0,"max_hp_loss":0.0,"gold_gain":0.0,"event_name":"Lab","player_choice":"Got Potions","floor":2.0,"gold_loss":0.0,"damage_taken":0.0},{"damage_healed":0.0,"max_hp_gain":0.0,"max_hp_loss":0.0,"gold_gain":0.0,"event_name":"Wheel of Change","player_choice":"Cursed","floor":7.0,"gold_loss":0.0,"damage_taken":0.0,"cards_obtained":["Decay"]},{"damage_healed":0.0,"max_hp_gain":5.0,"max_hp_loss":0.0,"gold_gain":0.0,"event_name":"Big Fish","player_choice":"Donut","floor":12.0,"gold_loss":0.0,"damage_taken":0.0},{"damage_healed":0.0,"max_hp_gain":0.0,"max_hp_loss":0.0,"gold_gain":0.0,"event_name":"Match and Keep!","player_choice":"1 cards matched","floor":28.0,"gold_loss":0.0,"damage_taken":0.0,"cards_obtained":["Zap"]}],"is_beta":false,"boss_relics":[{"not_picked":["Tiny House","Snecko Eye"],"picked":"Lizard Tail"},{"not_picked":["White Beast Statue","Pandora\u0027s Box"],"picked":"Nuclear Battery"}],"items_purged_floors":[14,47],"is_endless":false,"potions_floor_spawned":[1,23,30,31,35,38,46,48],"ascension_level":0}