{"path_per_floor":["M","M","$","?","M","E","R","E","T","?","M","$","?","?","R"],"character_chosen":"IRONCLAD","items_purchased":["Metallicize","Armaments","Flex"],"gold_per_floor":[115,131,9,9,19,50,50,75,75,150,160,35,35,35,35,35],"floor_reached":16,"campfire_rested":0,"playtime":942,"item_purchase_floors":[3,3,12],"current_hp_per_floor":[80,80,80,80,80,45,45,45,45,34,40,40,40,40,40,0],"items_purged":["Strike_R"],"gold":35,"score":130,"play_id":"ba8d0080-7312-420f-b2dd-4290de9d6179","local_time":"20180625105324","is_prod":false,"is_daily":false,"chose_seed":false,"is_ascension_mode":true,"campfire_upgraded":2,"win_rate":0,"timestamp":1529916804,"campfire_choices":[{"data":"Searing Blow","floor":7,"key":"SMITH"},{"data":"Searing Blow+1","floor":15,"key":"SMITH"}],"path_taken":["M","?","$","?","M","E","R","E","T","?","M","$","?","?","R","BOSS"],"build_version":"2018-06-21","seed_source_timestamp":13188319206567,"purchased_purges":1,"circlet_count":0,"victory":false,"master_deck":["Strike_R","Strike_R","Strike_R","Strike_R","Defend_R","Defend_R","Bash","Shrug It Off","Shrug It Off","Metallicize","Armaments","Searing Blow+2","Body Slam","Iron Wave","Flex"],"max_hp_per_floor":[80,80,80,80,80,80,80,80,80,80,80,80,80,80,80,80],"relics":["Burning Blood","NeowsBlessing","Oddly Smooth Stone","Centennial Puzzle","Kunai"],"card_choices":[{"not_picked":["Dropkick","Heavy Blade"],"picked":"Shrug It Off","floor":1},{"not_picked":["Warcry","Headbutt"],"picked":"Shrug It Off","floor":2},{"not_picked":["Carnage","Entrench"],"picked":"Searing Blow","floor":5},{"not_picked":["Armaments","Heavy Blade"],"picked":"Body Slam","floor":6},{"not_picked":["Heavy Blade","Seeing Red"],"picked":"Iron Wave","floor":8},{"not_picked":["Armaments","Evolve","Clothesline"],"picked":"SKIP","floor":11}],"player_experience":474960,"potions_floor_usage":[6,8,8],"damage_taken":[{"damage":0,"enemies":"Cultist","floor":1,"turns":1},{"damage":0,"enemies":"Small Slimes","floor":2,"turns":1},{"damage":2,"enemies":"2 Louse","floor":5,"turns":2},{"damage":41,"enemies":"Lagavulin","floor":6,"turns":10},{"damage":6,"enemies":"3 Sentries","floor":8,"turns":11},{"damage":0,"enemies":"Looter","floor":11,"turns":4},{"damage":45,"enemies":"Hexaghost","floor":16,"turns":14}],"relics_obtained":[{"floor":6,"key":"Oddly Smooth Stone"},{"floor":8,"key":"Centennial Puzzle"},{"floor":9,"key":"Kunai"}],"event_choices":[{"event_name":"Bonfire Elementals","player_choice":"BASIC","floor":4,"damage_taken":0},{"event_name":"World of Goop","player_choice":"Gather Gold","floor":10,"damage_taken":0},{"event_name":"Purifier","player_choice":"One Purge","floor":13,"damage_taken":0},{"event_name":"Dead Adventurer","player_choice":"Searched \u00271\u0027 times","floor":14,"damage_taken":0}],"boss_relics":[],"items_purged_floors":[12],"is_endless":false,"potions_floor_spawned":[1,5,6],"seed_played":"-5331211303761480843","killed_by":"Hexaghost","ascension_level":4,"potions_obtained":[{"floor":1,"key":"SkillPotion"},{"floor":5,"key":"AttackPotion"},{"floor":6,"key":"Block Potion"}],"is_trial":false}