{"gold_per_floor":[119,136,136,147,165,192,222,234,326,353,365,377,409,385,385,385],"floor_reached":16,"playtime":588,"items_purged":[],"score":104,"play_id":"486ff509-2d72-4109-bd3a-44ebc7e0c2a1","local_time":"20181004040516","is_ascension_mode":false,"campfire_choices":[{"data":"Bullet Time","floor":8,"key":"SMITH"},{"data":"Deadly Poison","floor":11,"key":"SMITH"},{"floor":15,"key":"REST"}],"neow_cost":"NONE","seed_source_timestamp":8039313504800,"circlet_count":0,"master_deck":["Defend_G","Defend_G","Defend_G","Defend_G","Defend_G","Strike_G","Strike_G","Strike_G","Strike_G","Strike_G","Survivor","Neutralize","Bullet Time+1","Backflip","Dodge and Roll","Deadly Poison+1","Corpse Explosion","Catalyst"],"special_seed":0,"relics":["Ring of the Snake","MawBank","Sundial","Golden Idol"],"potions_floor_usage":[6,16,16],"damage_taken":[{"damage":2.0,"enemies":"Jaw Worm","floor":1.0,"turns":5.0},{"damage":0.0,"enemies":"2 Louse","floor":2.0,"turns":4.0},{"damage":4.0,"enemies":"Small Slimes","floor":4.0,"turns":5.0},{"damage":0.0,"enemies":"3 Louse","floor":5.0,"turns":4.0},{"damage":39,"enemies":"Gremlin Nob","floor":6,"turns":5},{"damage":4,"enemies":"Blue Slaver","floor":7,"turns":4},{"damage":1,"enemies":"Looter","floor":10,"turns":4},{"damage":8,"enemies":"Exordium Thugs","floor":13,"turns":4},{"damage":32,"enemies":"Slime Boss","floor":16,"turns":10}],"seed_played":"-2236874167065832022","potions_obtained":[{"floor":2.0,"key":"SteroidPotion"},{"floor":5.0,"key":"Ancient Potion"},{"floor":7,"key":"FearPotion"}],"is_trial":false,"path_per_floor":["M","M","?","M","M","E","M","R","T","M","R","?","M","$","R"],"character_chosen":"THE_SILENT","items_purchased":["Catalyst"],"campfire_rested":1,"item_purchase_floors":[14],"current_hp_per_floor":[68,68,68,64,64,25,21,21,21,20,20,20,12,12,31,0],"gold":385,"neow_bonus":"ONE_RANDOM_RARE_CARD","is_prod":false,"is_daily":false,"chose_seed":false,"campfire_upgraded":2,"win_rate":0,"timestamp":1538615116,"path_taken":["M","M","?","M","M","E","M","R","T","M","R","?","M","$","R","BOSS"],"build_version":"2018-09-27","purchased_purges":0,"victory":false,"max_hp_per_floor":[70,70,70,70,70,70,70,70,70,70,70,65,65,65,65,65],"card_choices":[{"not_picked":["Acrobatics","Slice","Bane"],"picked":"SKIP","floor":1.0},{"not_picked":["Dagger Throw","Choke"],"picked":"Backflip","floor":2.0},{"not_picked":["Outmaneuver","Prepared"],"picked":"Dodge and Roll","floor":4.0},{"not_picked":["Choke","Bane"],"picked":"Deadly Poison","floor":5.0},{"not_picked":["Underhanded Strike","Predator"],"picked":"Corpse Explosion","floor":6},{"not_picked":["Infinite Blades","Poisoned Stab","Masterful Stab"],"picked":"SKIP","floor":7},{"not_picked":["Accuracy","Acrobatics","Endless Agony"],"picked":"SKIP","floor":10},{"not_picked":["Underhanded Strike","Reflex","Poisoned Stab"],"picked":"SKIP","floor":13}],"player_experience":363185,"relics_obtained":[{"floor":6,"key":"MawBank"},{"floor":9,"key":"Sundial"}],"event_choices":[{"event_name":"The Cleric","player_choice":"Leave","floor":3.0,"damage_taken":0.0},{"event_name":"Golden Idol","player_choice":"Lose Max HP","floor":12,"damage_taken":0}],"is_beta":false,"boss_relics":[],"items_purged_floors":[],"is_endless":false,"potions_floor_spawned":[2,5,7],"killed_by":"Slime Boss","ascension_level":0}