{"gold_per_floor":[117,130,130,144,53,81,55,70,119,133,165,179,179,191,191,292,292,309,18,36,56,6,6,17,17,63,75,75,25,25,40,40,144,144,164,64,77,1076,1076,879,879,540,540,540,569,569,587,600,600,600],"floor_reached":51,"playtime":1886,"items_purged":["Strike_B","Strike_B","Strike_B","Normality","Strike_B"],"score":789,"play_id":"41f01f3b-6b03-42bc-9d98-2b94d776d739","local_time":"20190717085110","is_ascension_mode":false,"campfire_choices":[{"data":"Echo Form","floor":13,"key":"SMITH"},{"data":"Zap","floor":15,"key":"SMITH"},{"data":"1","floor":23,"key":"LIFT"},{"data":"2","floor":25,"key":"LIFT"},{"data":"3","floor":28,"key":"LIFT"},{"data":"Go for the Eyes","floor":32,"key":"SMITH"},{"data":"Deep Breath","floor":44,"key":"SMITH"},{"data":"Capacitor","floor":46,"key":"SMITH"},{"data":"Scrape","floor":49,"key":"SMITH"}],"neow_cost":"NONE","seed_source_timestamp":0,"circlet_count":0,"master_deck":["Defend_B","Defend_B","Defend_B","Defend_B","Zap+1","Dualcast","Conserve Battery+1","Echo Form+1","Self Repair","Gash","Gash","Conserve Battery+1","Scrape+1","Reboot","Gash","Go for the Eyes","Go for the Eyes+1","Beam Cell","Capacitor+1","Deep Breath+1","Capacitor+1","Gash"],"special_seed":0,"relics":["FrozenCore","Ornamental Fan","Smiling Mask","Anchor","Nuclear Battery","Girya","Potion Belt","Happy Flower","War Paint","TheAbacus","Singing Bowl","Letter Opener"],"potions_floor_usage":[11,45,50],"damage_taken":[{"damage":1,"enemies":"Cultist","floor":1,"turns":3},{"damage":0,"enemies":"2 Louse","floor":2,"turns":2},{"damage":5,"enemies":"Small Slimes","floor":4,"turns":3},{"damage":22,"enemies":"3 Sentries","floor":6,"turns":9},{"damage":3,"enemies":"Blue Slaver","floor":8,"turns":3},{"damage":0,"enemies":"Large Slime","floor":10,"turns":4},{"damage":10,"enemies":"Gremlin Nob","floor":11,"turns":3},{"damage":6,"enemies":"Exordium Wildlife","floor":12,"turns":5},{"damage":7,"enemies":"Blue Slaver","floor":14,"turns":4},{"damage":33,"enemies":"Hexaghost","floor":16,"turns":9},{"damage":8,"enemies":"Spheric Guardian","floor":18,"turns":4},{"damage":12,"enemies":"2 Thieves","floor":20,"turns":4},{"damage":10,"enemies":"Shelled Parasite and Fungi","floor":21,"turns":6},{"damage":3,"enemies":"Centurion and Healer","floor":24,"turns":6},{"damage":14,"enemies":"Snake Plant","floor":27,"turns":5},{"damage":5,"enemies":"Snecko","floor":31,"turns":5},{"damage":6,"enemies":"Champ","floor":33,"turns":10},{"damage":3,"enemies":"3 Shapes","floor":35,"turns":8},{"damage":23,"enemies":"3 Darklings","floor":37,"turns":9},{"damage":4,"enemies":"Giant Head","floor":45,"turns":9},{"damage":8,"enemies":"Sphere and 2 Shapes","floor":47,"turns":6},{"damage":8,"enemies":"Spire Growth","floor":48,"turns":4},{"damage":0,"enemies":"Awakened One","floor":50,"turns":7}],"seed_played":"2524912267648237997","potions_obtained":[{"floor":4,"key":"Ancient Potion"},{"floor":8,"key":"AttackPotion"},{"floor":10,"key":"EssenceOfSteel"},{"floor":12,"key":"Energy Potion"},{"floor":24,"key":"Block Potion"},{"floor":33,"key":"Ancient Potion"},{"floor":45,"key":"Dexterity Potion"},{"floor":48,"key":"GamblersBrew"}],"is_trial":false,"path_per_floor":["M","M","$","M","$","E","$","M","T","M","E","M","R","M","R","B",null,"M","$","M","M","$","R","M","R","T","M","R","$","?","M","R","B",null,"M","$","M","?","?","$","?","$","T","R","E","R","M","M","R","B",null],"character_chosen":"DEFECT","items_purchased":["Self Repair","Gash","Gash","Girya","Beam Cell","War Paint","TheAbacus","Deep Breath"],"campfire_rested":0,"item_purchase_floors":[5,5,7,19,36,40,42,42],"current_hp_per_floor":[81,81,81,76,76,61,61,65,65,72,62,63,63,63,63,37,82,81,81,69,73,73,73,77,77,77,77,77,77,77,79,79,80,82,82,82,66,66,66,66,66,66,66,66,69,69,70,69,69,76],"gold":600,"neow_bonus":"TEN_PERCENT_HP_BONUS","is_prod":false,"is_daily":false,"chose_seed":false,"campfire_upgraded":6,"win_rate":0,"timestamp":1563342670,"path_taken":["M","M","$","M","$","E","$","M","T","M","E","M","R","M","R","BOSS","M","$","M","M","?","R","M","R","T","M","R","$","?","M","R","BOSS","M","$","M","?","?","$","?","$","T","R","E","R","M","M","R","BOSS"],"build_version":"2019-07-10","purchased_purges":5,"victory":true,"max_hp_per_floor":[82,82,82,82,82,82,82,82,82,82,82,82,82,82,82,82,82,82,82,82,82,82,82,82,82,82,82,82,82,82,82,82,82,82,82,82,82,82,82,82,82,82,82,82,82,82,84,84,84,84],"card_choices":[{"not_picked":["Redo","Beam Cell","Turbo"],"picked":"SKIP","floor":1},{"not_picked":["Turbo","Barrage"],"picked":"Conserve Battery","floor":2},{"not_picked":["Static Discharge","Conserve Battery"],"picked":"Echo Form","floor":4},{"not_picked":["Coolheaded","Cold Snap","Stack"],"picked":"SKIP","floor":6},{"not_picked":["Streamline","Barrage"],"picked":"Conserve Battery","floor":8},{"not_picked":["Creative AI","Sweeping Beam","Stack"],"picked":"SKIP","floor":10},{"not_picked":["Sweeping Beam","Glacier"],"picked":"Scrape","floor":11},{"not_picked":["Barrage","Melter","Static Discharge"],"picked":"SKIP","floor":12},{"not_picked":["Reprogram","Cold Snap","Rebound"],"picked":"SKIP","floor":14},{"not_picked":["Biased Cognition","Hyperbeam"],"picked":"Reboot","floor":16},{"not_picked":["FTL+1","Go for the Eyes"],"picked":"Gash","floor":18},{"not_picked":["Defragment","Streamline"],"picked":"Go for the Eyes","floor":20},{"not_picked":["Melter","Conserve Battery","Compile Driver"],"picked":"SKIP","floor":21},{"not_picked":["Consume","Blizzard","Lockon"],"picked":"SKIP","floor":24},{"not_picked":["White Noise","Recycle+1"],"picked":"Go for the Eyes","floor":27},{"not_picked":["Sweeping Beam+1","Cold Snap","Ball Lightning"],"picked":"SKIP","floor":31},{"not_picked":["Hologram","Sweeping Beam+1","Heatsinks+1"],"picked":"SKIP","floor":35},{"not_picked":["Rebound","Cold Snap"],"picked":"Capacitor+1","floor":37},{"not_picked":["Reprogram","Turbo"],"picked":"Capacitor","floor":45},{"not_picked":["Heatsinks","Cold Snap+1","Go for the Eyes+1"],"picked":"Singing Bowl","floor":47},{"not_picked":["Rebound+1","Double Energy"],"picked":"Gash","floor":48}],"player_experience":166507,"relics_obtained":[{"floor":6,"key":"Ornamental Fan"},{"floor":9,"key":"Smiling Mask"},{"floor":11,"key":"Anchor"},{"floor":26,"key":"Potion Belt"},{"floor":43,"key":"Singing Bowl"},{"floor":45,"key":"Letter Opener"}],"event_choices":[{"damage_healed":0,"gold_gain":0,"player_choice":"Gave Potion","damage_taken":0,"relics_obtained":["Happy Flower"],"max_hp_gain":0,"max_hp_loss":0,"event_name":"WeMeetAgain","floor":30,"gold_loss":0},{"damage_healed":0,"gold_gain":999,"player_choice":"Gold","damage_taken":0,"max_hp_gain":0,"max_hp_loss":0,"event_name":"MindBloom","floor":38,"gold_loss":0,"cards_obtained":["Normality","Normality"]},{"damage_healed":0,"gold_gain":0,"player_choice":"Ignored","damage_taken":0,"max_hp_gain":0,"max_hp_loss":0,"event_name":"Mysterious Sphere","floor":39,"gold_loss":0},{"cards_removed":["Normality"],"damage_healed":0,"gold_gain":0,"player_choice":"Removed Curses","damage_taken":0,"max_hp_gain":0,"max_hp_loss":0,"event_name":"Fountain of Cleansing","floor":41,"gold_loss":0}],"is_beta":true,"boss_relics":[{"not_picked":["Empty Cage","Inserter"],"picked":"Nuclear Battery"},{"not_picked":["Sozu","White Beast Statue"],"picked":"FrozenCore"}],"items_purged_floors":[22,29,36,40,42],"is_endless":false,"potions_floor_spawned":[4,8,10,12,14,20,24,33,45,48],"ascension_level":0}