{"path_per_floor":["M","M","M","M","$","R","M","M","T","M","R","$","M","M","R","B",null,"M","?","$","M","?","R","$","R","T","M","M","M","R","M","R"],"character_chosen":"IRONCLAD","items_purchased":["Juggernaut","Headbutt"],"gold_per_floor":[364,382,392,412,131,131,142,154,154,168,168,68,87,107,107,204,204,218,118,118,132,132,132,7,7,31,48,67,79,79,99,99],"floor_reached":33,"campfire_rested":2,"playtime":3176,"current_hp_per_floor":[69,62,67,60,60,60,56,51,51,55,55,55,69,72,72,59,72,71,71,71,69,54,54,54,54,54,50,39,28,51,48,71],"items_purged":["Strike_R","Strike_R","Defend_R"],"gold":99,"score":294,"play_id":"aeb5d97d-9f87-4874-b0e0-f769abf9cbe9","is_prod":false,"is_daily":false,"is_ascension_mode":true,"campfire_upgraded":5,"path_taken":["M","M","?","M","$","R","M","M","T","M","R","$","M","M","R","BOSS","M","?","$","M","?","R","$","R","T","?","M","M","R","M","R","BOSS"],"build_version":"2018-02-05-BETA1","purchased_purges":3,"victory":false,"master_deck":["Strike_R","Strike_R","Strike_R","Defend_R","Defend_R","Defend_R","Bash","Shrug It Off+1","Heavy Blade","Seeing Red","Inflame","Juggernaut+1","Headbutt+1","Pommel Strike","Spot Weakness","Flex","Cleave","Armaments+1","Limit Break+1","Shrug It Off","J.A.X.","Evolve","Burning Pact+1","Ghostly Armor"],"max_hp_per_floor":[72,72,72,72,72,72,72,72,72,72,72,72,72,72,72,72,72,72,72,72,72,77,77,77,77,77,77,77,77,77,77,77],"relics":["Burning Blood","Magic Flower","Mark of Pain","Art of War"],"card_choices":[{"not_picked":["Evolve","Perfected Strike"],"picked":"Shrug It Off"},{"not_picked":["Clash","True Grit"],"picked":"Heavy Blade"},{"not_picked":["Twin Strike","Clothesline"],"picked":"Seeing Red"},{"not_picked":["Flex","Havoc"],"picked":"Inflame"},{"not_picked":["Power Through","Warcry"],"picked":"Pommel Strike"},{"not_picked":["Fiend Fire","Ghostly Armor"],"picked":"Spot Weakness"},{"not_picked":["Clothesline","Blood for Blood"],"picked":"Flex"},{"not_picked":["Clothesline","Havoc"],"picked":"Cleave"},{"not_picked":["Uppercut","Corruption"],"picked":"Armaments"},{"not_picked":["Brutality","Double Tap"],"picked":"Limit Break"},{"not_picked":["Twin Strike","Thunderclap"],"picked":"Shrug It Off"},{"not_picked":["Combust","Thunderclap"],"picked":"Evolve"},{"not_picked":["Headbutt","Anger"],"picked":"Burning Pact"},{"not_picked":["Dropkick","Bloodletting"],"picked":"Ghostly Armor"}],"player_experience":235528,"potions_floor_usage":[],"damage_taken":[{"damage":9.0,"enemies":"Blue Slaver","floor":1.0,"turns":8.0},{"damage":13.0,"enemies":"Jaw Worm","floor":2.0,"turns":5.0},{"damage":1.0,"enemies":"Cultist","floor":3.0,"turns":3.0},{"damage":13.0,"enemies":"Exordium Wildlife","floor":4.0,"turns":6.0},{"damage":10.0,"enemies":"3 Louse","floor":7.0,"turns":4.0},{"damage":11.0,"enemies":"Looter","floor":8.0,"turns":2.0},{"damage":5.0,"enemies":"Exordium Thugs","floor":10.0,"turns":4.0},{"damage":0.0,"enemies":"2 Fungi Beasts","floor":13.0,"turns":2.0},{"damage":6.0,"enemies":"Large Slime","floor":14.0,"turns":4.0},{"damage":22.0,"enemies":"The Guardian","floor":16.0,"turns":10.0},{"damage":10.0,"enemies":"Chosen","floor":18.0,"turns":4.0},{"damage":11.0,"enemies":"3 Byrds","floor":21.0,"turns":4.0},{"damage":13.0,"enemies":"Snecko","floor":27.0,"turns":5.0},{"damage":20.0,"enemies":"Cultist and Chosen","floor":28.0,"turns":6.0},{"damage":20.0,"enemies":"Sentry and Sphere","floor":29.0,"turns":6.0},{"damage":12.0,"enemies":"Snake Plant","floor":31.0,"turns":4.0},{"damage":80,"enemies":"Automaton","floor":33,"turns":6}],"event_choices":[{"event_name":"Drug Dealer","player_choice":"Got JAXXED","floor":19.0,"damage_taken":0.0},{"event_name":"Forgotten Altar","player_choice":"Shed Blood","floor":22.0,"damage_taken":0.0}],"boss_relics":[],"potions_floor_spawned":[3,8,10,13,18,27],"seed_played":"-3836345947167178668","killed_by":"Automaton","ascension_level":4,"is_trial":false}