{"gold_per_floor":[211,211,227,242,261,12,42,53,53,79,97,131,146,171,171,171],"floor_reached":16,"playtime":508,"items_purged":[],"score":134,"play_id":"6c5e3ba0-05a0-4b7d-8a52-e96ff561b1b5","local_time":"20181123020441","is_ascension_mode":false,"campfire_choices":[{"data":"Armaments","floor":15,"key":"SMITH"}],"neow_cost":"NONE","seed_source_timestamp":109514946277653,"circlet_count":0,"master_deck":["Strike_R","Strike_R","Strike_R","Strike_R","Strike_R","Defend_R","Defend_R","Defend_R","Bash","Whirlwind","Armaments+1","Thunderclap","Sword Boomerang"],"relics":["Burning Blood","Paper Frog","Boot","Shuriken","Lantern","Frozen Egg 2","Bird Faced Urn"],"potions_floor_usage":[7,10,10,14,16],"damage_taken":[{"damage":9,"enemies":"Jaw Worm","floor":1,"turns":4},{"damage":6,"enemies":"Cultist","floor":3,"turns":3},{"damage":0,"enemies":"Small Slimes","floor":4,"turns":3},{"damage":1,"enemies":"2 Fungi Beasts","floor":5,"turns":4},{"damage":24,"enemies":"Lagavulin","floor":7,"turns":6},{"damage":1,"enemies":"3 Louse","floor":8,"turns":2},{"damage":9,"enemies":"3 Sentries","floor":10,"turns":3},{"damage":17,"enemies":"Large Slime","floor":11,"turns":5},{"damage":6,"enemies":"Gremlin Nob","floor":12,"turns":3},{"damage":7,"enemies":"Blue Slaver","floor":13,"turns":2},{"damage":32,"enemies":"Lagavulin","floor":14,"turns":5},{"damage":26,"enemies":"The Guardian","floor":16,"turns":7}],"seed_played":"4724924224030896657","potions_obtained":[{"floor":3,"key":"Block Potion"},{"floor":5,"key":"Explosive Potion"},{"floor":8,"key":"Fire Potion"},{"floor":12,"key":"SkillPotion"},{"floor":14,"key":"Weak Potion"}],"is_trial":false,"path_per_floor":["M","?","M","M","M","$","E","M","T","E","M","E","M","E","R","B"],"character_chosen":"IRONCLAD","items_purchased":["Paper Frog"],"campfire_rested":0,"item_purchase_floors":[6],"current_hp_per_floor":[77,70,70,76,80,80,62,67,67,64,53,53,52,26,26,0],"gold":171,"neow_bonus":"HUNDRED_GOLD","is_prod":false,"is_daily":false,"chose_seed":false,"campfire_upgraded":1,"win_rate":0,"timestamp":1542931481,"path_taken":["M","?","M","M","M","$","E","M","T","E","M","E","M","E","R","BOSS"],"build_version":"2018-11-15","purchased_purges":0,"victory":false,"max_hp_per_floor":[80,80,80,80,80,80,80,80,80,80,80,80,80,80,80,80],"card_choices":[{"not_picked":["Thunderclap","Heavy Blade","Twin Strike"],"picked":"SKIP","floor":1},{"not_picked":["Cleave","Rampage"],"picked":"Whirlwind","floor":3},{"not_picked":["Flame Barrier","Thunderclap"],"picked":"Armaments","floor":4},{"not_picked":["Reckless Charge","Entrench","True Grit"],"picked":"SKIP","floor":5},{"not_picked":["Sentinel","Disarm"],"picked":"Thunderclap","floor":7},{"not_picked":["Heavy Blade","Warcry"],"picked":"Sword Boomerang","floor":8},{"not_picked":["Seeing Red","Iron Wave","Perfected Strike"],"picked":"SKIP","floor":10},{"not_picked":["Flex","Armaments","True Grit"],"picked":"SKIP","floor":11},{"not_picked":["Seeing Red","Wild Strike","Twin Strike"],"picked":"SKIP","floor":12},{"not_picked":["Juggernaut+1","Headbutt","Flex"],"picked":"SKIP","floor":13},{"not_picked":["Rampage","Rupture+1","Iron Wave"],"picked":"SKIP","floor":14}],"player_experience":495493,"relics_obtained":[{"floor":7,"key":"Boot"},{"floor":9,"key":"Shuriken"},{"floor":10,"key":"Lantern"},{"floor":12,"key":"Frozen Egg 2"},{"floor":14,"key":"Bird Faced Urn"}],"event_choices":[{"cards_removed":["Defend_R"],"damage_healed":0,"gold_gain":0,"player_choice":"Card Removal","damage_taken":7,"max_hp_gain":0,"max_hp_loss":0,"event_name":"Golden Wing","floor":2,"gold_loss":0}],"is_beta":false,"boss_relics":[],"items_purged_floors":[],"is_endless":false,"potions_floor_spawned":[3,5,8,12,14],"killed_by":"The Guardian","ascension_level":0}