{"gold_per_floor":[214,389,389,406,191,191,209,235,260,160,172,184,196,209,209,306,306,306,306,306,306,306,261,261,261,261,261,261,65,65,65,65,65,65,65,65,15,15,15,15,15,15,15,15,15,15,15,15,15,15],"floor_reached":51,"playtime":1496,"items_purged":["Doubt","Strike_R"],"score":706,"play_id":"2a45a1a7-a40a-4181-abb1-a232486819a2","local_time":"20190124223728","is_ascension_mode":false,"campfire_choices":[{"data":"Armaments","floor":6,"key":"SMITH"},{"data":"Inflame","floor":15,"key":"SMITH"},{"data":"Demon Form","floor":28,"key":"SMITH"},{"data":"Apotheosis","floor":30,"key":"SMITH"},{"data":"Bash","floor":32,"key":"SMITH"},{"data":"Sword Boomerang","floor":42,"key":"SMITH"},{"data":"Reaper","floor":46,"key":"SMITH"},{"data":"Whirlwind","floor":49,"key":"SMITH"}],"neow_cost":"NONE","seed_source_timestamp":435216922767360,"circlet_count":0,"master_deck":["Defend_R","Defend_R","Defend_R","Defend_R","Bash+1","Armaments+1","Inflame+1","Whirlwind+1","Shrug It Off","Shrug It Off","Demon Form+1","Bite","Bite","Bite","Bite","Bite","Sword Boomerang+1","Apotheosis+1","Reaper+1","Sword Boomerang+1","Flash of Steel","Shrug It Off"],"relics":["Burning Blood","Lantern","Ectoplasm","Blue Candle","Coffee Dripper","Centennial Puzzle","Kunai"],"potions_floor_usage":[16,33,33,40,50,50,50],"damage_taken":[{"damage":2,"enemies":"Small Slimes","floor":1,"turns":4},{"damage":4,"enemies":"Jaw Worm","floor":4,"turns":4},{"damage":6,"enemies":"Cultist","floor":7,"turns":3},{"damage":27,"enemies":"3 Sentries","floor":8,"turns":7},{"damage":6,"enemies":"Gremlin Gang","floor":11,"turns":3},{"damage":8,"enemies":"Red Slaver","floor":12,"turns":3},{"damage":10,"enemies":"Looter","floor":13,"turns":3},{"damage":11,"enemies":"Large Slime","floor":14,"turns":6},{"damage":49,"enemies":"The Guardian","floor":16,"turns":14},{"damage":14,"enemies":"Spheric Guardian","floor":18,"turns":4},{"damage":17,"enemies":"2 Thieves","floor":23,"turns":3},{"damage":9,"enemies":"Centurion and Healer","floor":24,"turns":4},{"damage":18,"enemies":"Sentry and Sphere","floor":27,"turns":5},{"damage":6,"enemies":"Cultist and Chosen","floor":31,"turns":6},{"damage":75,"enemies":"Collector","floor":33,"turns":9},{"damage":12,"enemies":"Orb Walker","floor":35,"turns":4},{"damage":22,"enemies":"3 Shapes","floor":36,"turns":4},{"damage":32,"enemies":"Transient","floor":38,"turns":5},{"damage":40,"enemies":"Reptomancer","floor":40,"turns":6},{"damage":45,"enemies":"Spire Growth","floor":41,"turns":5},{"damage":5,"enemies":"Sphere and 2 Shapes","floor":45,"turns":4},{"damage":8,"enemies":"Transient","floor":48,"turns":5},{"damage":46,"enemies":"Time Eater","floor":50,"turns":8}],"seed_played":"6368374230000503283","potions_obtained":[{"floor":7,"key":"GamblersBrew"},{"floor":12,"key":"Ancient Potion"},{"floor":14,"key":"SpeedPotion"},{"floor":16,"key":"AttackPotion"},{"floor":31,"key":"Energy Potion"},{"floor":33,"key":"Explosive Potion"},{"floor":36,"key":"AttackPotion"},{"floor":41,"key":"SkillPotion"},{"floor":48,"key":"Block Potion"}],"is_trial":false,"path_per_floor":["M","?","?","M","$","R","M","E","T","$","M","M","M","M","R","B",null,"M","?","$","?","?","M","M","?","T","M","R","$","R","M","R","B",null,"M","M","$","M","?","E","M","R","T","?","M","R","?","M","R","B",null],"character_chosen":"IRONCLAD","items_purchased":["Inflame","Whirlwind","Apotheosis","Sword Boomerang"],"campfire_rested":0,"item_purchase_floors":[5,5,29,37],"current_hp_per_floor":[80,80,80,80,80,80,80,59,59,59,61,61,59,56,56,15,80,72,72,72,72,72,68,75,60,60,58,58,58,58,79,79,40,85,85,71,71,63,63,64,37,37,37,37,50,50,50,85,85,66],"gold":15,"neow_bonus":"HUNDRED_GOLD","is_prod":false,"is_daily":false,"chose_seed":false,"campfire_upgraded":8,"win_rate":0,"timestamp":1548362248,"path_taken":["M","?","?","M","?","R","M","E","T","$","?","?","M","M","R","BOSS","M","?","$","?","?","M","?","?","T","M","R","$","R","M","R","BOSS","M","M","$","M","?","E","M","R","T","?","M","R","?","M","R","BOSS"],"build_version":"2019-01-23","purchased_purges":2,"victory":true,"max_hp_per_floor":[80,80,80,80,80,80,80,80,80,80,80,80,80,80,80,80,80,80,80,80,80,80,80,80,85,85,85,85,85,85,85,85,85,85,85,85,85,85,85,85,85,85,85,85,85,85,85,85,85,85],"card_choices":[{"not_picked":["Sword Boomerang","Seeing Red"],"picked":"Inflame","floor":1},{"not_picked":["Corruption","Wild Strike"],"picked":"Armaments","floor":4},{"not_picked":["Cleave","Armaments"],"picked":"Shrug It Off","floor":7},{"not_picked":["Entrench","Bloodletting","Shrug It Off"],"picked":"SKIP","floor":8},{"not_picked":["Anger","Whirlwind"],"picked":"Shrug It Off","floor":11},{"not_picked":["Dual Wield","Pommel Strike","Power Through"],"picked":"SKIP","floor":12},{"not_picked":["Exhume","Pommel Strike","Flex"],"picked":"SKIP","floor":13},{"not_picked":["Perfected Strike","Clash","Wild Strike"],"picked":"SKIP","floor":14},{"not_picked":["Brutality","Immolate"],"picked":"Demon Form","floor":16},{"not_picked":["Heavy Blade","True Grit","Seeing Red"],"picked":"SKIP","floor":18},{"not_picked":["Wild Strike","Warcry","Blood for Blood"],"picked":"SKIP","floor":23},{"not_picked":["Iron Wave","Disarm+1","Seeing Red"],"picked":"SKIP","floor":24},{"not_picked":["Rage","Thunderclap"],"picked":"Sword Boomerang+1","floor":27},{"not_picked":["Shrug It Off","Seeing Red+1","Fire Breathing"],"picked":"SKIP","floor":31},{"not_picked":["Double Tap","Feed"],"picked":"Reaper","floor":33},{"not_picked":["Warcry+1","Pommel Strike","Sentinel+1"],"picked":"SKIP","floor":35},{"not_picked":["Clash+1","Anger+1","Perfected Strike+1"],"picked":"SKIP","floor":36},{"not_picked":["Body Slam+1","Pommel Strike","Twin Strike+1"],"picked":"SKIP","floor":38},{"not_picked":["Mind Blast","Sadistic Nature"],"picked":"Flash of Steel","floor":39},{"not_picked":["Twin Strike+1","Brutality"],"picked":"Shrug It Off","floor":40},{"not_picked":["Seeing Red","Shrug It Off+1","Heavy Blade"],"picked":"SKIP","floor":41},{"not_picked":["Sentinel+1","Pommel Strike","True Grit+1"],"picked":"SKIP","floor":45},{"not_picked":["Flex+1","Clash","Sever Soul+1"],"picked":"SKIP","floor":48}],"player_experience":566385,"relics_obtained":[{"floor":8,"key":"Blood Vial"},{"floor":9,"key":"Lantern"},{"floor":26,"key":"Blue Candle"},{"floor":40,"key":"Centennial Puzzle"},{"floor":43,"key":"Kunai"}],"event_choices":[{"damage_healed":0,"gold_gain":175,"player_choice":"AGREE","damage_taken":0,"max_hp_gain":0,"max_hp_loss":0,"event_name":"Liars Game","floor":2,"gold_loss":0,"cards_obtained":["Doubt"]},{"damage_healed":0,"gold_gain":0,"player_choice":"Grow","damage_taken":0,"max_hp_gain":0,"max_hp_loss":0,"event_name":"Living Wall","floor":3,"gold_loss":0,"cards_upgraded":["Inflame"]},{"damage_healed":0,"gold_gain":0,"player_choice":"Ignored","damage_taken":0,"max_hp_gain":0,"max_hp_loss":0,"event_name":"Beggar","floor":19,"gold_loss":0},{"damage_healed":0,"gold_gain":0,"player_choice":"Became a vampire (Vial)","damage_taken":0,"max_hp_gain":0,"max_hp_loss":0,"event_name":"Vampires","floor":21,"relics_lost":["Blood Vial"],"gold_loss":0,"cards_obtained":["Bite","Bite","Bite","Bite","Bite"]},{"damage_healed":0,"gold_gain":100,"player_choice":"Pray","damage_taken":0,"max_hp_gain":0,"max_hp_loss":0,"event_name":"Golden Shrine","floor":22,"gold_loss":0},{"damage_healed":0,"gold_gain":0,"player_choice":"Shed Blood","damage_taken":20,"max_hp_gain":5,"max_hp_loss":0,"event_name":"Forgotten Altar","floor":25,"gold_loss":0},{"damage_healed":0,"gold_gain":0,"player_choice":"Memory 1","damage_taken":0,"max_hp_gain":0,"max_hp_loss":0,"event_name":"SensoryStone","floor":39,"gold_loss":0},{"damage_healed":0,"gold_gain":0,"player_choice":"Ignored","damage_taken":0,"max_hp_gain":0,"max_hp_loss":0,"event_name":"Mysterious Sphere","floor":44,"gold_loss":0},{"cards_removed":["Inflame"],"damage_healed":0,"gold_gain":0,"player_choice":"Removed Power","damage_taken":0,"max_hp_gain":0,"max_hp_loss":0,"event_name":"Falling","floor":47,"gold_loss":0}],"is_beta":false,"boss_relics":[{"not_picked":["Snecko Eye","Runic Pyramid"],"picked":"Ectoplasm"},{"not_picked":["Runic Cube","White Beast Statue"],"picked":"Coffee Dripper"}],"items_purged_floors":[5,10],"is_endless":false,"potions_floor_spawned":[7,12,14,16,31,33,36,41,48],"ascension_level":0}