{"gold_per_floor":[117,117,128,128,128,163,163,203,203,20,43,43,67,82,82,201,201,226,239,254,270,140,140,140,140,190,190,204,204,222,266,266,395,395,419,434,209,230,130,166,181,36,36,36,36,56,80,104,104,104],"floor_reached":51,"playtime":1892,"items_purged":["Injury","Parasite"],"score":836,"play_id":"747b17a0-f6b5-4563-b1aa-8a96aa54f7bc","local_time":"20180727130408","is_ascension_mode":false,"campfire_choices":[{"data":"Body Slam","floor":7.0,"key":"SMITH"},{"data":"Body Slam","floor":12.0,"key":"SMITH"},{"data":"Barricade","floor":15.0,"key":"SMITH"},{"data":"Body Slam","floor":25.0,"key":"SMITH"},{"data":"Battle Trance","floor":32,"key":"SMITH"},{"data":"Thinking Ahead","floor":45,"key":"SMITH"},{"floor":49,"key":"REST"}],"neow_cost":"NONE","seed_source_timestamp":59298338322200,"circlet_count":0,"master_deck":["Strike_R","Strike_R","Strike_R","Strike_R","Strike_R","Defend_R","Defend_R","Defend_R","Defend_R","Bash","Body Slam+1","Battle Trance+1","Metallicize","Inflame","Finesse","Body Slam+1","Body Slam+1","Barricade+1","Impervious","Inflame","Entrench+1","Shrug It Off","Battle Trance","Shrug It Off","Flame Barrier","Berserk","Ghostly Armor","Body Slam+1","Evolve","Thinking Ahead+1","Battle Trance"],"special_seed":0,"relics":["Burning Blood","Boot","Golden Idol","Mummified Hand","Blue Candle","Meat on the Bone","Cursed Key","Vajra","Bottled Lightning","Runic Pyramid","Omamori","Potion Belt","Centennial Puzzle","Happy Flower"],"potions_floor_usage":[30,40,50,50,50],"damage_taken":[{"damage":6.0,"enemies":"Jaw Worm","floor":1.0,"turns":5.0},{"damage":9.0,"enemies":"2 Louse","floor":3.0,"turns":2.0},{"damage":19.0,"enemies":"3 Sentries","floor":6.0,"turns":8.0},{"damage":36.0,"enemies":"Gremlin Nob","floor":8.0,"turns":5.0},{"damage":0.0,"enemies":"Small Slimes","floor":11.0,"turns":3.0},{"damage":5.0,"enemies":"Looter","floor":13.0,"turns":3.0},{"damage":4.0,"enemies":"2 Fungi Beasts","floor":14.0,"turns":4.0},{"damage":14.0,"enemies":"Slime Boss","floor":16.0,"turns":11.0},{"damage":0.0,"enemies":"3 Byrds","floor":18.0,"turns":4.0},{"damage":6.0,"enemies":"Spheric Guardian","floor":19.0,"turns":4.0},{"damage":13.0,"enemies":"Chosen and Byrds","floor":20.0,"turns":6.0},{"damage":0.0,"enemies":"Snake Plant","floor":21.0,"turns":4.0},{"damage":4.0,"enemies":"Centurion and Healer","floor":28.0,"turns":6.0},{"damage":14,"enemies":"Snecko","floor":30,"turns":5},{"damage":0,"enemies":"Gremlin Leader","floor":31,"turns":7},{"damage":0,"enemies":"Collector","floor":33,"turns":8},{"damage":17,"enemies":"Flame Bruiser 1 Orb","floor":35,"turns":5},{"damage":0,"enemies":"Orb Walker","floor":36,"turns":3},{"damage":7,"enemies":"Flame Bruiser 2 Orb","floor":38,"turns":5},{"damage":34,"enemies":"2 Orb Walkers","floor":40,"turns":5},{"damage":16,"enemies":"Maw","floor":41,"turns":6},{"damage":0,"enemies":"Spire Growth","floor":46,"turns":3},{"damage":11,"enemies":"3 Darklings","floor":47,"turns":6},{"damage":4,"enemies":"Sphere and 2 Shapes","floor":48,"turns":6},{"damage":58,"enemies":"Time Eater","floor":50,"turns":8}],"seed_played":"-3295310893917953483","potions_obtained":[{"floor":3.0,"key":"Strength Potion"},{"floor":11.0,"key":"EssenceOfSteel"},{"floor":13.0,"key":"SpeedPotion"},{"floor":16.0,"key":"PowerPotion"},{"floor":19.0,"key":"Block Potion"},{"floor":21.0,"key":"Swift Potion"},{"floor":31,"key":"Block Potion"},{"floor":40,"key":"FearPotion"},{"floor":48,"key":"Swift Potion"}],"is_trial":false,"path_per_floor":["M","?","M","$","?","E","R","E","T","$","M","R","M","M","R","B",null,"M","M","M","M","$","?","?","R","T","$","M","?","M","E","R","B",null,"M","M","$","M","$","E","M","$","T","?","R","M","M","M","R","B"],"character_chosen":"IRONCLAD","items_purchased":["Inflame","Finesse","Shrug It Off","Battle Trance","Omamori","Centennial Puzzle"],"campfire_rested":1,"item_purchase_floors":[10,10,22,22,37,42],"current_hp_per_floor":[80,80,77,77,74,61,61,31,31,31,49,49,50,52,52,44,74,74,74,67,73,73,73,73,73,73,73,74,74,66,72,72,74,74,63,69,69,68,68,52,42,42,42,42,42,48,43,45,66,26],"gold":104,"neow_bonus":"RANDOM_COMMON_RELIC","is_prod":false,"is_daily":false,"chose_seed":false,"campfire_upgraded":6,"win_rate":0,"timestamp":1532685848,"path_taken":["M","?","M","$","?","E","R","E","T","$","M","R","M","M","R","BOSS","M","M","M","M","$","?","?","R","T","?","M","?","M","E","R","BOSS","M","M","$","M","$","E","M","$","T","?","R","M","M","M","R","BOSS"],"build_version":"2018-07-26","purchased_purges":2,"victory":true,"max_hp_per_floor":[80,80,80,80,74,74,74,74,74,74,74,74,74,74,74,74,74,74,74,74,74,74,74,74,74,74,74,74,74,74,74,74,74,74,74,74,74,74,71,71,71,71,71,71,71,71,71,71,71,71],"card_choices":[{"not_picked":["Cleave","Power Through","Heavy Blade"],"picked":"SKIP","floor":1.0},{"not_picked":["Shrug It Off","Armaments"],"picked":"Body Slam","floor":3.0},{"not_picked":["Burning Pact","Clothesline"],"picked":"Battle Trance","floor":6.0},{"not_picked":["Clash","Entrench"],"picked":"Metallicize","floor":8.0},{"not_picked":["Armaments","Shockwave"],"picked":"Body Slam","floor":11.0},{"not_picked":["Thunderclap","Reckless Charge"],"picked":"Body Slam","floor":13.0},{"not_picked":["Cleave","Twin Strike"],"picked":"Barricade","floor":14.0},{"not_picked":["Double Tap","Bludgeon"],"picked":"Impervious","floor":16.0},{"not_picked":["Clothesline","Sword Boomerang","Corruption"],"picked":"SKIP","floor":18.0},{"not_picked":["Body Slam","Rage"],"picked":"Inflame","floor":19.0},{"not_picked":["Twin Strike","Cleave+1"],"picked":"Entrench","floor":20.0},{"not_picked":["Warcry","Pommel Strike","Carnage"],"picked":"SKIP","floor":21.0},{"not_picked":["Searing Blow+1","Havoc"],"picked":"Shrug It Off","floor":28.0},{"not_picked":["Carnage","Anger","Inflame"],"picked":"SKIP","floor":30},{"not_picked":["Fiend Fire","Pommel Strike"],"picked":"Flame Barrier","floor":31},{"not_picked":["Dark Embrace","Feed"],"picked":"Berserk","floor":33},{"not_picked":["Twin Strike+1","Spot Weakness","Flex+1"],"picked":"SKIP","floor":35},{"not_picked":["Pommel Strike+1","Wild Strike"],"picked":"Ghostly Armor","floor":36},{"not_picked":["Feel No Pain","Cleave+1"],"picked":"Body Slam+1","floor":38},{"not_picked":["Power Through+1","Rage+1"],"picked":"Evolve","floor":40},{"not_picked":["Headbutt+1","Iron Wave+1","Clothesline"],"picked":"SKIP","floor":41},{"not_picked":["Jack Of All Trades","Swift Strike"],"picked":"Thinking Ahead","floor":44},{"not_picked":["Iron Wave","Shockwave","Havoc"],"picked":"SKIP","floor":46},{"not_picked":["Reckless Charge","Whirlwind+1","Flex"],"picked":"SKIP","floor":47},{"not_picked":["Sever Soul+1","Reckless Charge+1"],"picked":"Battle Trance","floor":48}],"player_experience":239518,"relics_obtained":[{"floor":6.0,"key":"Mummified Hand"},{"floor":8.0,"key":"Blue Candle"},{"floor":9.0,"key":"Meat on the Bone"},{"floor":26.0,"key":"Vajra"},{"floor":31,"key":"Bottled Lightning"},{"floor":40,"key":"Potion Belt"},{"floor":43,"key":"Happy Flower"}],"event_choices":[{"event_name":"The Cleric","player_choice":"Leave","floor":2.0,"damage_taken":0.0},{"event_name":"Golden Idol","player_choice":"Lose Max HP","floor":5.0,"damage_taken":0.0},{"event_name":"Drug Dealer","player_choice":"Ignored","floor":23.0,"damage_taken":0.0},{"event_name":"Accursed Blacksmith","player_choice":"Forge","floor":24.0,"damage_taken":0.0},{"event_name":"Cursed Tome","player_choice":"Ignored","floor":29.0,"damage_taken":0.0},{"event_name":"SensoryStone","player_choice":"Memory 1","floor":44,"damage_taken":0}],"is_beta":false,"boss_relics":[{"not_picked":["Philosopher\u0027s Stone","White Beast Statue"],"picked":"Cursed Key"},{"not_picked":["Velvet Choker","Black Star"],"picked":"Runic Pyramid"}],"items_purged_floors":[37,39],"is_endless":false,"potions_floor_spawned":[3,11,13,16,19,21,31,35,38,40,48],"ascension_level":0}