{"gold_per_floor":[116,41,59,73,85,115,115,115,138,138,168,168,168,183,183,183],"floor_reached":16,"playtime":887,"items_purged":["Defend_G"],"score":138,"play_id":"3a555634-141c-496d-9a3e-9f687fc05eb7","local_time":"20190711043902","is_ascension_mode":true,"campfire_choices":[{"data":"Neutralize","floor":8,"key":"SMITH"},{"floor":10,"key":"REST"},{"data":"Dodge and Roll","floor":13,"key":"SMITH"},{"data":"Caltrops","floor":15,"key":"SMITH"}],"neow_cost":"NONE","seed_source_timestamp":29667567140790,"circlet_count":0,"master_deck":["Strike_G","Strike_G","Strike_G","Strike_G","Strike_G","Defend_G","Defend_G","Defend_G","Defend_G","Survivor","Neutralize+1","Trip","Well Laid Plans","Poisoned Stab","Dodge and Roll+1","Caltrops+1","Die Die Die","Deadly Poison"],"relics":["Ring of the Snake","Regal Pillow","Smiling Mask","Happy Flower"],"potions_floor_usage":[5,14],"damage_taken":[{"damage":3,"enemies":"Small Slimes","floor":1,"turns":4},{"damage":2,"enemies":"Jaw Worm","floor":3,"turns":3},{"damage":0,"enemies":"Cultist","floor":4,"turns":3},{"damage":0,"enemies":"Gremlin Gang","floor":5,"turns":3},{"damage":25,"enemies":"Lagavulin","floor":6,"turns":8},{"damage":34,"enemies":"Gremlin Nob","floor":11,"turns":5},{"damage":0,"enemies":"Blue Slaver","floor":14,"turns":1},{"damage":38,"enemies":"Slime Boss","floor":16,"turns":9}],"seed_played":"-4672609891663383510","potions_obtained":[{"floor":3,"key":"Explosive Potion"},{"floor":4,"key":"Dexterity Potion"},{"floor":11,"key":"AttackPotion"}],"is_trial":false,"path_per_floor":["M","$","M","M","M","E","?","R","T","R","E","?","R","M","R","B"],"character_chosen":"THE_SILENT","items_purchased":[],"campfire_rested":1,"item_purchase_floors":[],"current_hp_per_floor":[67,67,65,65,65,40,40,40,40,70,36,36,36,36,36,0],"gold":183,"neow_bonus":"RANDOM_COLORLESS","is_prod":false,"is_daily":false,"chose_seed":false,"campfire_upgraded":3,"win_rate":0,"timestamp":1562812742,"path_taken":["M","$","M","M","M","E","?","R","T","R","E","?","R","M","R","BOSS"],"build_version":"2019-07-05","purchased_purges":1,"victory":false,"max_hp_per_floor":[70,70,70,70,70,70,70,70,70,70,70,70,70,70,70,70],"card_choices":[{"not_picked":["Underhanded Strike","Flying Knee"],"picked":"Well Laid Plans","floor":1},{"not_picked":["Skewer","Eviscerate"],"picked":"Poisoned Stab","floor":3},{"not_picked":["Backflip","Unload"],"picked":"Dodge and Roll","floor":4},{"not_picked":["Dagger Throw","Setup","Underhanded Strike"],"picked":"SKIP","floor":5},{"not_picked":["PiercingWail","Outmaneuver"],"picked":"Caltrops","floor":6},{"not_picked":["Backflip","Blade Dance"],"picked":"Die Die Die","floor":11},{"not_picked":["Slice","Acrobatics"],"picked":"Deadly Poison","floor":14}],"player_experience":345621,"relics_obtained":[{"floor":6,"key":"Regal Pillow"},{"floor":9,"key":"Smiling Mask"},{"floor":11,"key":"Happy Flower"}],"event_choices":[{"damage_healed":0,"gold_gain":0,"player_choice":"Ignored","damage_taken":0,"max_hp_gain":0,"max_hp_loss":0,"event_name":"Golden Wing","floor":7,"gold_loss":0},{"damage_healed":0,"gold_gain":0,"player_choice":"Ignored","damage_taken":0,"max_hp_gain":0,"max_hp_loss":0,"event_name":"Liars Game","floor":12,"gold_loss":0}],"is_beta":false,"boss_relics":[],"items_purged_floors":[2],"is_endless":false,"potions_floor_spawned":[3,4,11],"killed_by":"Slime Boss","ascension_level":5}