{"gold_per_floor":[114,33,33,33,43,43,61,89,89,89,89,14,28,41,41,41],"floor_reached":16,"playtime":349,"items_purged":["Strike_R"],"score":100,"play_id":"3312fd4d-54ad-4d1e-a121-6fc6346c0571","local_time":"20190702032144","is_ascension_mode":false,"campfire_choices":[{"data":"Limit Break","floor":6.0,"key":"SMITH"},{"data":"Bash","floor":15.0,"key":"SMITH"}],"neow_cost":"NONE","seed_source_timestamp":190097433836200,"circlet_count":0,"master_deck":["Strike_R","Strike_R","Strike_R","Defend_R","Defend_R","Defend_R","Defend_R","Bash+1","Sword Boomerang","Limit Break+1","Heavy Blade","Reaper","Seeing Red+1"],"special_seed":0,"relics":["Burning Blood","Ice Cream","Orichalcum","StoneCalendar","Toxic Egg 2"],"potions_floor_usage":[16],"damage_taken":[{"damage":6.0,"enemies":"Cultist","floor":1.0,"turns":3.0},{"damage":2.0,"enemies":"Small Slimes","floor":5.0,"turns":4.0},{"damage":1.0,"enemies":"Jaw Worm","floor":7.0,"turns":3.0},{"damage":46.0,"enemies":"Lagavulin","floor":8.0,"turns":8.0},{"damage":1.0,"enemies":"2 Fungi Beasts","floor":13.0,"turns":4.0},{"damage":11.0,"enemies":"3 Louse","floor":14.0,"turns":5.0},{"damage":37,"enemies":"The Guardian","floor":16,"turns":8}],"seed_played":"-658053436039531483","potions_obtained":[{"floor":5.0,"key":"SpeedPotion"},{"floor":13.0,"key":"FearPotion"}],"is_trial":false,"path_per_floor":["M","$","?","?","M","R","M","E","T","T","?","$","M","M","R","B"],"character_chosen":"IRONCLAD","items_purchased":["Limit Break"],"campfire_rested":0,"item_purchase_floors":[2],"current_hp_per_floor":[88,88,81,48,52,52,57,17,17,17,17,17,22,29,29,0],"gold":41,"neow_bonus":"TEN_PERCENT_HP_BONUS","is_prod":false,"is_daily":false,"chose_seed":false,"campfire_upgraded":2,"win_rate":0,"timestamp":1562026904,"path_taken":["M","$","?","?","M","R","M","E","T","?","?","$","M","M","R","BOSS"],"build_version":"2019-07-01","purchased_purges":1,"victory":false,"max_hp_per_floor":[88,88,88,88,88,88,88,88,88,88,88,88,88,88,88,88],"card_choices":[{"not_picked":["Armaments","Body Slam"],"picked":"Sword Boomerang","floor":1.0},{"not_picked":["Anger","Rage"],"picked":"Heavy Blade","floor":5.0},{"not_picked":["Second Wind","Corruption","Pommel Strike"],"picked":"SKIP","floor":7.0},{"not_picked":["Body Slam","Perfected Strike","Anger"],"picked":"SKIP","floor":8.0},{"not_picked":["Iron Wave","Power Through+1"],"picked":"Reaper","floor":13.0},{"not_picked":["Shockwave+1","Evolve"],"picked":"Seeing Red+1","floor":14.0}],"player_experience":664645,"relics_obtained":[{"floor":8.0,"key":"Orichalcum"},{"floor":9.0,"key":"StoneCalendar"},{"floor":10.0,"key":"Toxic Egg 2"}],"event_choices":[{"cards_removed":["Strike_R"],"damage_healed":0.0,"max_hp_gain":0.0,"max_hp_loss":0.0,"gold_gain":0.0,"event_name":"Golden Wing","player_choice":"Card Removal","floor":3.0,"gold_loss":0.0,"damage_taken":7.0},{"damage_healed":0.0,"max_hp_gain":0.0,"max_hp_loss":0.0,"gold_gain":0.0,"event_name":"Scrap Ooze","player_choice":"Success","floor":4.0,"gold_loss":0.0,"damage_taken":33.0,"relics_obtained":["Ice Cream"]},{"damage_healed":0.0,"max_hp_gain":0.0,"max_hp_loss":0.0,"gold_gain":0.0,"event_name":"Shining Light","player_choice":"Ignored","floor":11.0,"gold_loss":0.0,"damage_taken":0.0}],"is_beta":false,"boss_relics":[],"items_purged_floors":[12],"is_endless":false,"potions_floor_spawned":[5,13],"killed_by":"The Guardian","ascension_level":0}