{"gold_per_floor":[112,131,148,164,178,178,192,124,124,49,49,79,145,176,176,176],"floor_reached":16,"playtime":401,"items_purged":["Strike_R"],"score":114,"play_id":"15824969-8fc9-4baa-989d-e8f10d84184b","local_time":"20190719110510","is_ascension_mode":false,"campfire_choices":[{"data":"Twin Strike","floor":6.0,"key":"SMITH"},{"data":"Whirlwind","floor":15,"key":"SMITH"}],"neow_cost":"NONE","seed_source_timestamp":98325904173400,"circlet_count":0,"master_deck":["Strike_R","Strike_R","Strike_R","Strike_R","Defend_R","Defend_R","Defend_R","Defend_R","Bash","Twin Strike+1","Dropkick","Whirlwind+1"],"special_seed":0,"relics":["Burning Blood","Gremlin Horn","SsserpentHead","Torii","The Courier"],"potions_floor_usage":[14],"damage_taken":[{"damage":6.0,"enemies":"Cultist","floor":1.0,"turns":3.0},{"damage":5.0,"enemies":"Small Slimes","floor":2.0,"turns":4.0},{"damage":10.0,"enemies":"Jaw Worm","floor":3.0,"turns":4.0},{"damage":14.0,"enemies":"Red Slaver","floor":4.0,"turns":5.0},{"damage":30.0,"enemies":"Large Slime","floor":5.0,"turns":7.0},{"damage":10.0,"enemies":"Looter","floor":7.0,"turns":3.0},{"damage":6.0,"enemies":"Gremlin Nob","floor":12.0,"turns":3.0},{"damage":12.0,"enemies":"Blue Slaver","floor":13.0,"turns":2.0},{"damage":9,"enemies":"Lagavulin","floor":14,"turns":6},{"damage":31,"enemies":"Hexaghost","floor":16,"turns":9}],"seed_played":"1138011033870083806","potions_obtained":[{"floor":2.0,"key":"PowerPotion"},{"floor":3.0,"key":"Ancient Potion"},{"floor":4.0,"key":"Strength Potion"},{"floor":13.0,"key":"SteroidPotion"},{"floor":14,"key":"SkillPotion"}],"is_trial":false,"path_per_floor":["M","M","M","M","M","R","M","$","T","$","?","E","M","E","R","B"],"character_chosen":"IRONCLAD","items_purchased":["Whirlwind"],"campfire_rested":0,"item_purchase_floors":[8],"current_hp_per_floor":[80,80,76,68,44,44,40,40,40,40,40,40,34,31,31,0],"gold":176,"neow_bonus":"THREE_CARDS","is_prod":false,"is_daily":false,"chose_seed":false,"campfire_upgraded":2,"win_rate":0,"timestamp":1563523510,"path_taken":["M","?","M","M","?","R","M","$","T","$","?","E","?","E","R","BOSS"],"build_version":"2019-07-18","purchased_purges":1,"victory":false,"max_hp_per_floor":[80,80,80,80,80,80,80,80,80,80,80,80,80,80,80,80],"card_choices":[{"not_picked":["Reckless Charge","Anger"],"picked":"Twin Strike","floor":0.0},{"not_picked":["Anger","Burning Pact","Combust"],"picked":"SKIP","floor":1.0},{"not_picked":["Anger","Clothesline","Wild Strike"],"picked":"SKIP","floor":2.0},{"not_picked":["Warcry","Clash","Headbutt"],"picked":"SKIP","floor":3.0},{"not_picked":["Second Wind","Metallicize","Reckless Charge"],"picked":"SKIP","floor":4.0},{"not_picked":["Warcry","Shockwave","Havoc"],"picked":"SKIP","floor":5.0},{"not_picked":["Havoc","Pummel"],"picked":"Dropkick","floor":7.0},{"not_picked":["Sword Boomerang","True Grit","Whirlwind"],"picked":"SKIP","floor":12.0},{"not_picked":["Shrug It Off","Warcry","Corruption"],"picked":"SKIP","floor":13.0},{"not_picked":["Wild Strike","Hemokinesis","Clothesline"],"picked":"SKIP","floor":14}],"player_experience":180936,"relics_obtained":[{"floor":9.0,"key":"Gremlin Horn"},{"floor":12.0,"key":"Torii"},{"floor":14,"key":"The Courier"}],"event_choices":[{"damage_healed":0.0,"max_hp_gain":0.0,"max_hp_loss":0.0,"gold_gain":0.0,"event_name":"FaceTrader","player_choice":"Trade","floor":11.0,"gold_loss":0.0,"damage_taken":0.0,"relics_obtained":["SsserpentHead"]}],"is_beta":true,"boss_relics":[],"items_purged_floors":[10],"is_endless":false,"potions_floor_spawned":[2,3,4,13,14],"killed_by":"Hexaghost","ascension_level":0}