{"gold_per_floor":[119,134,53,67,67,67,100,110,110,110,126,126,49,66,66,162,162,174,192,48,59,79,105,115,125,125,125,125,150,150,75,75,176,176,186,113,130,141,141,176,176,187,187,87,106,106,66,100,100,100],"floor_reached":51,"playtime":1440,"items_purged":["Doubt","Pain"],"score":774,"play_id":"2a224b2b-530a-435d-8cd1-c8bcdc117f13","local_time":"20181008144209","is_ascension_mode":false,"campfire_choices":[{"data":"Inflame","floor":6.0,"key":"SMITH"},{"data":"Armaments","floor":10.0,"key":"SMITH"},{"data":"1","floor":12.0,"key":"LIFT"},{"data":"2","floor":15.0,"key":"LIFT"},{"data":"3","floor":27.0,"key":"LIFT"},{"data":"Inflame","floor":30.0,"key":"SMITH"},{"data":"Battle Trance","floor":32.0,"key":"SMITH"},{"data":"Bash","floor":41.0,"key":"SMITH"},{"data":"Shrug It Off","floor":46,"key":"SMITH"},{"floor":49,"key":"REST"}],"neow_cost":"","seed_source_timestamp":39320380362131,"circlet_count":0,"master_deck":["Strike_R","Strike_R","Strike_R","Strike_R","Strike_R","Defend_R","Defend_R","Defend_R","Defend_R","Bash+1","Inflame+1","Shrug It Off+1","Armaments+1","Inflame+1","Sword Boomerang+1","Cleave+1","Shrug It Off+1","Battle Trance+1","Reaper+1","Limit Break+1","Whirlwind+1"],"special_seed":0,"relics":["Burning Blood","Molten Egg 2","Girya","Cursed Key","Pen Nib","Mango","Self Forming Clay","Dodecahedron","Busted Crown","Bottled Flame","Frozen Egg 2","Ornamental Fan"],"potions_floor_usage":[45,50,50],"damage_taken":[{"damage":5.0,"enemies":"Small Slimes","floor":1.0,"turns":3.0},{"damage":17.0,"enemies":"Jaw Worm","floor":2.0,"turns":5.0},{"damage":7.0,"enemies":"2 Louse","floor":4.0,"turns":3.0},{"damage":24.0,"enemies":"3 Sentries","floor":7.0,"turns":10.0},{"damage":16.0,"enemies":"Gremlin Gang","floor":8.0,"turns":5.0},{"damage":18.0,"enemies":"Lots of Slimes","floor":11.0,"turns":6.0},{"damage":0.0,"enemies":"3 Louse","floor":14.0,"turns":4.0},{"damage":27.0,"enemies":"The Guardian","floor":16.0,"turns":10.0},{"damage":14.0,"enemies":"3 Byrds","floor":18.0,"turns":4.0},{"damage":5.0,"enemies":"Spheric Guardian","floor":19.0,"turns":3.0},{"damage":27.0,"enemies":"Chosen and Byrds","floor":21.0,"turns":5.0},{"damage":13.0,"enemies":"Shelled Parasite and Fungi","floor":22.0,"turns":4.0},{"damage":11.0,"enemies":"Gremlin Leader","floor":23.0,"turns":4.0},{"damage":3.0,"enemies":"Snecko","floor":24.0,"turns":3.0},{"damage":0.0,"enemies":"Cultist and Chosen","floor":25.0,"turns":3.0},{"damage":13.0,"enemies":"Slavers","floor":29.0,"turns":5.0},{"damage":53.0,"enemies":"Collector","floor":33.0,"turns":8.0},{"damage":7.0,"enemies":"3 Darklings","floor":35.0,"turns":4.0},{"damage":0.0,"enemies":"Orb Walker","floor":37.0,"turns":2.0},{"damage":17.0,"enemies":"4 Shapes","floor":38.0,"turns":4.0},{"damage":18.0,"enemies":"2 Orb Walkers","floor":40.0,"turns":5.0},{"damage":4.0,"enemies":"Sphere and 2 Shapes","floor":42.0,"turns":4.0},{"damage":19,"enemies":"3 Darklings","floor":45,"turns":3},{"damage":39,"enemies":"Nemesis","floor":48,"turns":7},{"damage":61,"enemies":"Awakened One","floor":50,"turns":7}],"seed_played":"7972883075260414921","potions_obtained":[{"floor":1.0,"key":"SmokeBomb"},{"floor":2.0,"key":"GamblersBrew"},{"floor":4.0,"key":"GamblersBrew"},{"floor":14.0,"key":"Regen Potion"},{"floor":19.0,"key":"Dexterity Potion"},{"floor":22.0,"key":"Strength Potion"},{"floor":33.0,"key":"Swift Potion"},{"floor":37.0,"key":"Block Potion"},{"floor":42.0,"key":"FearPotion"},{"floor":48,"key":"Poison Potion"}],"is_trial":false,"path_per_floor":["M","M","$","M","?","R","E","M","T","R","M","R","$","M","R","B",null,"M","M","$","M","M","E","M","M","T","R","?","E","R","$","R","B",null,"M","$","M","M","?","E","R","M","T","$","M","R","$","E","R","B"],"character_chosen":"IRONCLAD","items_purchased":["Inflame","Inflame","Pen Nib","Limit Break","Whirlwind+1"],"campfire_rested":1,"item_purchase_floors":[3,13,20,36,47],"current_hp_per_floor":[80,69,69,68,73,73,55,45,45,45,33,33,33,39,39,18,85,77,78,78,57,50,59,62,68,68,68,68,61,61,61,61,19,99,98,98,99,88,88,76,76,99,99,99,86,86,86,66,95,73],"gold":100,"neow_bonus":"","is_prod":false,"is_daily":false,"chose_seed":false,"campfire_upgraded":6,"win_rate":0,"timestamp":1538998929,"path_taken":["M","M","$","M","?","R","E","M","T","R","M","R","?","M","R","BOSS","M","M","$","M","M","E","M","M","T","R","?","E","R","$","R","BOSS","M","?","M","M","?","E","R","M","T","$","M","R","$","E","R","BOSS"],"build_version":"2018-10-04v2","purchased_purges":2,"victory":true,"max_hp_per_floor":[80,80,80,80,85,85,85,85,85,85,85,85,85,85,85,85,85,85,85,85,85,85,99,99,99,99,99,99,99,99,99,99,99,99,99,99,99,99,99,99,99,99,99,99,99,99,99,99,99,99],"card_choices":[{"not_picked":["Disarm","Clothesline","Armaments"],"picked":"SKIP","floor":1.0},{"not_picked":["True Grit","Shockwave","Warcry"],"picked":"SKIP","floor":2.0},{"not_picked":["Fire Breathing","Clash"],"picked":"Shrug It Off","floor":4.0},{"not_picked":["Shrug It Off","Bloodletting"],"picked":"Armaments","floor":7.0},{"not_picked":["Hemokinesis+1","Wild Strike+1","Sever Soul+1"],"picked":"SKIP","floor":8.0},{"not_picked":["Bloodletting","Corruption","Wild Strike+1"],"picked":"SKIP","floor":11.0},{"not_picked":["Fiend Fire+1","Perfected Strike+1"],"picked":"Sword Boomerang+1","floor":14.0},{"not_picked":["Clash+1","Heavy Blade+1"],"picked":"Cleave+1","floor":18.0},{"not_picked":["Twin Strike+1","Sentinel"],"picked":"Shrug It Off+1","floor":19.0},{"not_picked":["Clothesline+1","True Grit"],"picked":"Battle Trance","floor":21.0},{"not_picked":["True Grit+1","Flame Barrier+1","Rampage+1"],"picked":"SKIP","floor":22.0},{"not_picked":["Anger+1","Perfected Strike+1","Warcry"],"picked":"SKIP","floor":23.0},{"not_picked":["Clothesline+1","Uppercut+1","Evolve"],"picked":"SKIP","floor":24.0},{"not_picked":["Headbutt+1","Double Tap","Armaments"],"picked":"SKIP","floor":25.0},{"not_picked":["Heavy Blade+1","Perfected Strike+1","Clash+1"],"picked":"SKIP","floor":29.0},{"not_picked":["Berserk","Exhume"],"picked":"Reaper+1","floor":33.0},{"not_picked":["Bloodletting"],"picked":"SKIP","floor":35.0},{"not_picked":["Hemokinesis+1"],"picked":"SKIP","floor":37.0},{"not_picked":["Wild Strike+1"],"picked":"SKIP","floor":38.0},{"not_picked":["Perfected Strike+1"],"picked":"SKIP","floor":40.0},{"not_picked":["Headbutt+1"],"picked":"SKIP","floor":42.0},{"not_picked":["Disarm"],"picked":"SKIP","floor":45},{"not_picked":["Combust+1"],"picked":"SKIP","floor":48}],"player_experience":381376,"relics_obtained":[{"floor":7.0,"key":"Molten Egg 2"},{"floor":9.0,"key":"Girya"},{"floor":23.0,"key":"Mango"},{"floor":26.0,"key":"Self Forming Clay"},{"floor":29.0,"key":"Dodecahedron"},{"floor":40.0,"key":"Bottled Flame"},{"floor":43.0,"key":"Frozen Egg 2"},{"floor":48,"key":"Ornamental Fan"}],"event_choices":[{"event_name":"Big Fish","player_choice":"Donut","floor":5.0,"damage_taken":0.0},{"event_name":"The Mausoleum","player_choice":"No","floor":28.0,"damage_taken":0.0},{"event_name":"Accursed Blacksmith","player_choice":"Forge","floor":39.0,"damage_taken":0.0}],"is_beta":false,"boss_relics":[{"not_picked":["Sozu","Runic Cube"],"picked":"Cursed Key"},{"not_picked":["Runic Pyramid","Astrolabe"],"picked":"Busted Crown"}],"items_purged_floors":[31,44],"is_endless":false,"potions_floor_spawned":[1,2,4,14,19,22,33,37,42,48],"ascension_level":0}