{"gold_per_floor":[109,127,127,141,161,161,173,183,183,183,193,193,31,50,50,50],"floor_reached":16,"playtime":305,"items_purged":[],"score":96,"play_id":"966f9da3-5167-4162-b6b8-2aa0de04c520","local_time":"20180721081235","is_ascension_mode":false,"campfire_choices":[{"data":"Metallicize","floor":6,"key":"SMITH"},{"data":"Ghostly Armor","floor":12,"key":"SMITH"},{"data":"Armaments","floor":15,"key":"SMITH"}],"neow_cost":"NONE","seed_source_timestamp":349629738731086,"circlet_count":0,"master_deck":["Strike_R","Strike_R","Strike_R","Strike_R","Strike_R","Defend_R","Defend_R","Defend_R","Defend_R","Bash","Sword Boomerang+1","Metallicize+1","Ghostly Armor+1","Armaments+1","Fiend Fire","Fiend Fire"],"relics":["Burning Blood","Dream Catcher","Juzu Bracelet"],"potions_floor_usage":[16,16,16],"damage_taken":[{"damage":0,"enemies":"Small Slimes","floor":1,"turns":3},{"damage":6,"enemies":"Cultist","floor":2,"turns":3},{"damage":7,"enemies":"2 Louse","floor":4,"turns":3},{"damage":19,"enemies":"Exordium Wildlife","floor":5,"turns":4},{"damage":11,"enemies":"Blue Slaver","floor":7,"turns":3},{"damage":38,"enemies":"Large Slime","floor":8,"turns":7},{"damage":8,"enemies":"3 Louse","floor":11,"turns":4},{"damage":5,"enemies":"Looter","floor":14,"turns":2},{"damage":60,"enemies":"Hexaghost","floor":16,"turns":7}],"seed_played":"-4429447894598395746","potions_obtained":[{"floor":1,"key":"AttackPotion"},{"floor":2,"key":"AttackPotion"},{"floor":4,"key":"Explosive Potion"},{"floor":8,"key":"Explosive Potion"}],"is_trial":false,"path_per_floor":["M","M","?","M","M","R","M","M","T","?","M","R","$","M","R"],"character_chosen":"IRONCLAD","items_purchased":["Fiend Fire"],"campfire_rested":0,"item_purchase_floors":[13],"current_hp_per_floor":[80,80,80,79,66,66,61,29,29,55,53,53,53,54,54,0],"gold":50,"neow_bonus":"RANDOM_COMMON_RELIC","is_prod":false,"is_daily":false,"chose_seed":false,"campfire_upgraded":3,"win_rate":0,"timestamp":1532149955,"path_taken":["M","M","?","M","M","R","M","M","T","?","M","R","?","M","R","BOSS"],"build_version":"2018-07-19v2","purchased_purges":0,"victory":false,"max_hp_per_floor":[80,80,80,80,80,80,80,80,80,80,80,80,80,80,80,80],"card_choices":[{"not_picked":["Hemokinesis","Wild Strike"],"picked":"Sword Boomerang","floor":1},{"not_picked":["Carnage","Anger","Dropkick"],"picked":"SKIP","floor":2},{"not_picked":["Infernal Blade","Body Slam"],"picked":"Metallicize","floor":4},{"not_picked":["Sever Soul","Blood for Blood","Bloodletting"],"picked":"SKIP","floor":5},{"not_picked":["Pommel Strike","Iron Wave"],"picked":"Ghostly Armor","floor":7},{"not_picked":["Perfected Strike","Warcry"],"picked":"Armaments","floor":8},{"not_picked":["Perfected Strike","Rampage","Searing Blow"],"picked":"SKIP","floor":11},{"not_picked":["Hemokinesis","Pommel Strike"],"picked":"Fiend Fire","floor":14}],"player_experience":210962,"relics_obtained":[{"floor":9,"key":"Juzu Bracelet"}],"event_choices":[{"event_name":"Upgrade Shrine","player_choice":"Upgraded","floor":3,"damage_taken":0},{"event_name":"Big Fish","player_choice":"Banana","floor":10,"damage_taken":0}],"is_beta":false,"boss_relics":[],"items_purged_floors":[],"is_endless":false,"potions_floor_spawned":[1,2,4,8,14],"killed_by":"Hexaghost","ascension_level":0}