{"path_per_floor":["M","$","M","$","M","R","E","R","T","R","?","E","R","E","R","B",null,"M","$","M","M","$","R","E","R","T","R","$","E","R","?","R","B",null,"M","?","M","M","?","R","M","R","T","$","M","M","$","M","R","B"],"character_chosen":"THE_SILENT","items_purchased":["Noxious Fumes","Footwork","All Out Attack","Escape Plan","Footwork","Snake Skull"],"gold_per_floor":[111,42,62,62,76,76,110,110,188,188,188,220,220,251,251,353,353,371,224,238,258,80,80,106,106,130,130,94,129,129,129,129,226,226,243,243,258,273,273,273,284,284,331,152,172,189,64,82,82,82],"floor_reached":51,"campfire_rested":0,"playtime":3608,"item_purchase_floors":[2,19,22,28,44,44],"current_hp_per_floor":[63,63,63,63,63,63,50,50,50,50,43,41,41,41,41,56,67,57,57,57,57,57,57,56,56,56,56,56,56,56,70,70,42,63,63,63,63,53,70,70,61,61,61,61,61,61,61,61,61,37],"items_purged":["Strike_G","Strike_G","Escape Plan"],"gold":82,"score":976,"play_id":"a5ba31e1-3f07-45bb-8602-d5f175279d1d","local_time":"20180625161925","is_prod":false,"is_daily":false,"chose_seed":false,"is_ascension_mode":true,"campfire_upgraded":13,"win_rate":0,"timestamp":1529936365,"campfire_choices":[{"data":"Noxious Fumes","floor":6,"key":"SMITH"},{"data":"Doppelganger","floor":8,"key":"SMITH"},{"data":"Neutralize","floor":10,"key":"SMITH"},{"data":"Leg Sweep","floor":13,"key":"SMITH"},{"data":"Deadly Poison","floor":15,"key":"SMITH"},{"data":"Footwork","floor":23,"key":"SMITH"},{"data":"Survivor","floor":25,"key":"SMITH"},{"data":"PiercingWail","floor":27,"key":"SMITH"},{"data":"Bane","floor":30,"key":"SMITH"},{"data":"All Out Attack","floor":32,"key":"SMITH"},{"data":"Backflip","floor":40,"key":"SMITH"},{"data":"Adrenaline","floor":42,"key":"SMITH"},{"data":"Footwork","floor":49,"key":"SMITH"}],"path_taken":["M","$","M","$","M","R","E","R","T","R","?","E","R","E","R","BOSS","M","$","M","M","$","R","E","R","T","R","?","E","R","?","R","BOSS","M","?","?","M","?","R","M","R","T","?","M","?","$","M","R","BOSS"],"build_version":"2018-06-21","seed_source_timestamp":30008531544799,"purchased_purges":3,"circlet_count":0,"victory":true,"master_deck":["Defend_G","Defend_G","Defend_G","Defend_G","Defend_G","Strike_G","Survivor+1","Neutralize+1","Doppelganger+1","Dagger Spray","Noxious Fumes+1","Leg Sweep+1","PiercingWail+1","Bane+1","Deadly Poison+1","Tools of the Trade","Footwork+1","All Out Attack+1","Skewer+1","Backflip+1","Writhe","Adrenaline+1","Footwork+1","Backflip+1"],"max_hp_per_floor":[70,70,70,70,70,70,70,70,70,70,70,70,70,70,70,70,70,70,70,70,70,70,70,70,70,70,70,70,70,70,70,70,70,70,70,70,70,70,70,70,70,70,70,70,70,70,70,70,70,70],"relics":["Ring of the Snake","Boot","Mercury Hourglass","Ancient Tea Set","Torii","Sozu","Happy Flower","Dream Catcher","Bronze Scales","Coffee Dripper","Unceasing Top","Oddly Smooth Stone","Snake Skull"],"card_choices":[{"not_picked":["Well Laid Plans","Underhanded Strike"],"picked":"Dagger Spray","floor":1},{"not_picked":["Poisoned Stab","Underhanded Strike"],"picked":"Leg Sweep","floor":3},{"not_picked":["Deadly Poison","Slice"],"picked":"PiercingWail","floor":5},{"not_picked":["Blade Dance","Poisoned Stab"],"picked":"Bane","floor":7},{"not_picked":["Outmaneuver","Noxious Fumes"],"picked":"Deadly Poison","floor":12},{"not_picked":["Dagger Spray","Deadly Poison","Poisoned Stab"],"picked":"SKIP","floor":14},{"not_picked":["Envenom","Tactician"],"picked":"Tools of the Trade","floor":16},{"not_picked":["Bouncing Flask","PiercingWail+1","Outmaneuver"],"picked":"SKIP","floor":18},{"not_picked":["Bane","Prepared","PiercingWail"],"picked":"SKIP","floor":20},{"not_picked":["PiercingWail","Accuracy","All Out Attack"],"picked":"SKIP","floor":21},{"not_picked":["Venomology","Quick Slash","Outmaneuver"],"picked":"SKIP","floor":24},{"not_picked":["Flying Knee","Slice","Deadly Poison+1"],"picked":"SKIP","floor":29},{"not_picked":["Choke","PiercingWail+1","Underhanded Strike"],"picked":"SKIP","floor":35},{"not_picked":["Distraction","Slice+1"],"picked":"Skewer+1","floor":36},{"not_picked":["Dagger Throw","Dodge and Roll+1"],"picked":"Backflip","floor":37},{"not_picked":["Quick Slash","Acrobatics+1","Cloak And Dagger+1"],"picked":"SKIP","floor":38},{"not_picked":["Slice+1","Outmaneuver"],"picked":"Adrenaline","floor":41},{"not_picked":["Underhanded Strike","Deadly Poison+1","Flying Knee+1"],"picked":"SKIP","floor":45},{"not_picked":["Slice","Underhanded Strike+1"],"picked":"Backflip+1","floor":46},{"not_picked":["Reflex+1","Masterful Stab","Dagger Spray+1"],"picked":"SKIP","floor":48}],"player_experience":490797,"potions_floor_usage":[5,7,16,33,41],"damage_taken":[{"damage":0,"enemies":"Jaw Worm","floor":1,"turns":6},{"damage":0,"enemies":"Cultist","floor":3,"turns":3},{"damage":0,"enemies":"2 Louse","floor":5,"turns":3},{"damage":13,"enemies":"3 Sentries","floor":7,"turns":7},{"damage":2,"enemies":"Lagavulin","floor":12,"turns":5},{"damage":0,"enemies":"3 Sentries","floor":14,"turns":4},{"damage":0,"enemies":"The Guardian","floor":16,"turns":8},{"damage":10,"enemies":"Spheric Guardian","floor":18,"turns":4},{"damage":0,"enemies":"Shell Parasite","floor":20,"turns":5},{"damage":0,"enemies":"Centurion and Healer","floor":21,"turns":8},{"damage":1,"enemies":"Gremlin Leader","floor":24,"turns":7},{"damage":0,"enemies":"Book of Stabbing","floor":29,"turns":6},{"damage":28,"enemies":"Collector","floor":33,"turns":11},{"damage":0,"enemies":"Orb Walker","floor":35,"turns":4},{"damage":0,"floor":36,"turns":6},{"damage":0,"enemies":"3 Darklings","floor":37,"turns":4},{"damage":10,"enemies":"4 Shapes","floor":38,"turns":3},{"damage":9,"enemies":"Transient","floor":41,"turns":5},{"damage":0,"enemies":"3 Darklings","floor":45,"turns":3},{"damage":0,"enemies":"Flame Bruiser 2 Orb","floor":46,"turns":4},{"damage":0,"enemies":"Transient","floor":48,"turns":5},{"damage":24,"enemies":"Time Eater","floor":50,"turns":13}],"relics_obtained":[{"floor":7,"key":"Boot"},{"floor":9,"key":"Mercury Hourglass"},{"floor":12,"key":"Ancient Tea Set"},{"floor":14,"key":"Torii"},{"floor":24,"key":"Happy Flower"},{"floor":26,"key":"Dream Catcher"},{"floor":29,"key":"Bronze Scales"},{"floor":36,"key":"Unceasing Top"},{"floor":43,"key":"Oddly Smooth Stone"}],"event_choices":[{"event_name":"Golden Wing","player_choice":"Card Removal","floor":11,"damage_taken":0},{"event_name":"The Library","player_choice":"Heal","floor":31,"damage_taken":0},{"event_name":"MindBloom","player_choice":"Fight","floor":36,"damage_taken":0},{"event_name":"Winding Halls","player_choice":"Writhe","floor":39,"damage_taken":0}],"boss_relics":[{"not_picked":["Calling Bell","Pandora\u0027s Box"],"picked":"Sozu"},{"not_picked":["Runic Dome","White Beast Statue"],"picked":"Coffee Dripper"}],"items_purged_floors":[19,22,47],"is_endless":false,"potions_floor_spawned":[1,3,7,12,14,18,29,35,37,45,48],"seed_played":"1940266267529692288","ascension_level":6,"potions_obtained":[{"floor":1,"key":"SkillPotion"},{"floor":3,"key":"Swift Potion"},{"floor":7,"key":"FearPotion"},{"floor":12,"key":"GhostInAJar"},{"floor":14,"key":"Regen Potion"}],"is_trial":false}