{"gold_per_floor":[116,291,303,319,95,95,125,144,144,144,157,172,172,186,186,286,286,304,315,34,34,54,83,83,115,164,164,180,196,70,81,81,81],"floor_reached":33,"playtime":1145,"items_purged":["Doubt","Strike_B"],"score":291,"play_id":"9b8d446d-046b-40f6-88b0-dc9939796a72","local_time":"20181005224343","is_ascension_mode":false,"campfire_choices":[{"data":"Zap","floor":6.0,"key":"SMITH"},{"data":"Machine Learning","floor":13,"key":"SMITH"},{"floor":15,"key":"REST"},{"data":"Defragment","floor":24,"key":"SMITH"},{"floor":27,"key":"REST"},{"data":"Dualcast","floor":32,"key":"SMITH"}],"neow_cost":"","seed_source_timestamp":15349088978646,"circlet_count":0,"master_deck":["Strike_B","Strike_B","Strike_B","Defend_B","Defend_B","Defend_B","Defend_B","Zap+1","Dualcast+1","Conserve Battery","Steam","Machine Learning+1","Ball Lightning","Seek","Defragment+1","Leap","Self Repair","Core Surge","Defragment+1","Self Repair+1"],"special_seed":0,"relics":["Cracked Core","DataDisk","Symbiotic Virus","Question Card","Eternal Feather","ClockworkSouvenir","Smiling Mask","Frozen Egg 2","Centennial Puzzle"],"potions_floor_usage":[23,23,25,25,33,33],"damage_taken":[{"damage":2.0,"enemies":"2 Louse","floor":1.0,"turns":2.0},{"damage":5.0,"enemies":"Small Slimes","floor":3.0,"turns":4.0},{"damage":1.0,"enemies":"Jaw Worm","floor":4.0,"turns":3.0},{"damage":15.0,"enemies":"3 Sentries","floor":7.0,"turns":8.0},{"damage":8.0,"enemies":"Red Slaver","floor":8.0,"turns":3.0},{"damage":7,"enemies":"3 Louse","floor":11,"turns":3},{"damage":0,"enemies":"Looter","floor":12,"turns":4},{"damage":24,"enemies":"Gremlin Gang","floor":14,"turns":5},{"damage":33,"enemies":"The Guardian","floor":16,"turns":10},{"damage":3,"enemies":"Chosen","floor":18,"turns":4},{"damage":4,"enemies":"Spheric Guardian","floor":19,"turns":3},{"damage":6,"enemies":"Snecko","floor":22,"turns":4},{"damage":50,"enemies":"Slavers","floor":23,"turns":5},{"damage":27,"enemies":"Book of Stabbing","floor":25,"turns":6},{"damage":1,"enemies":"Snake Plant","floor":28,"turns":3},{"damage":12,"enemies":"Cultist and Chosen","floor":29,"turns":5},{"damage":21,"enemies":"Centurion and Healer","floor":31,"turns":5},{"damage":57,"enemies":"Champ","floor":33,"turns":7}],"seed_played":"-8422075622378297940","potions_obtained":[{"floor":1.0,"key":"Swift Potion"},{"floor":4.0,"key":"Block Potion"},{"floor":16,"key":"Explosive Potion"},{"floor":18,"key":"Swift Potion"},{"floor":23,"key":"PowerPotion"},{"floor":28,"key":"Fire Potion"},{"floor":29,"key":"PowerPotion"}],"is_trial":false,"path_per_floor":["M","?","M","M","$","R","E","M","T","$","M","M","R","M","R","B",null,"M","M","$","?","M","E","R","E","T","R","M","M","$","M","R"],"character_chosen":"DEFECT","items_purchased":["DataDisk","ClockworkSouvenir","Self Repair","Self Repair+1"],"campfire_rested":2,"item_purchase_floors":[5,20,20,30],"current_hp_per_floor":[73,73,68,67,67,67,52,44,44,44,37,37,37,13,35,2,75,72,68,68,68,69,26,35,15,15,46,45,40,40,36,48,0],"gold":81,"neow_bonus":"","is_prod":false,"is_daily":false,"chose_seed":false,"campfire_upgraded":4,"win_rate":0,"timestamp":1538768623,"path_taken":["M","?","M","M","$","R","E","M","T","$","M","?","R","M","R","BOSS","M","M","$","?","M","E","R","E","T","R","M","M","$","M","R","BOSS"],"build_version":"2018-10-04","purchased_purges":2,"victory":false,"max_hp_per_floor":[75,75,75,75,75,75,75,75,75,75,75,75,75,75,75,75,75,75,75,75,75,75,75,75,75,75,75,75,75,75,75,75,75],"card_choices":[{"not_picked":["Scrape","Chill"],"picked":"Conserve Battery","floor":1.0},{"not_picked":["Redo","Beam Cell","Stack"],"picked":"SKIP","floor":3.0},{"not_picked":["Redo","Stack"],"picked":"Steam","floor":4.0},{"not_picked":["Rebound","Doom and Gloom"],"picked":"Machine Learning","floor":7.0},{"not_picked":["Cold Snap","Streamline","Steam"],"picked":"SKIP","floor":8.0},{"not_picked":["Rebound","Redo","Streamline","Barrage"],"picked":"SKIP","floor":11},{"not_picked":["Rebound","Compile Driver","Biased Cognition","Barrage"],"picked":"SKIP","floor":12},{"not_picked":["Doom and Gloom","Undo","Leap"],"picked":"Ball Lightning","floor":14},{"not_picked":["Hyperbeam","Biased Cognition","Multi-Cast"],"picked":"Seek","floor":16},{"not_picked":["Rip and Tear+1","Beam Cell","Redo"],"picked":"Defragment","floor":18},{"not_picked":["Turbo+1","Coolheaded+1","Recycle"],"picked":"Leap","floor":19},{"not_picked":["Coolheaded","Fusion","White Noise","Tempest"],"picked":"SKIP","floor":22},{"not_picked":["Scrape","Rainbow","Blizzard"],"picked":"Core Surge","floor":23},{"not_picked":["Sweeping Beam","Go for the Eyes","Steam","Recycle"],"picked":"SKIP","floor":25},{"not_picked":["Blizzard","Heatsinks+1","Turbo","Steam Power+1"],"picked":"SKIP","floor":28},{"not_picked":["Rip and Tear","Leap","Chaos"],"picked":"Defragment+1","floor":29},{"not_picked":["Cold Snap","Compile Driver","White Noise","Darkness+1"],"picked":"SKIP","floor":31}],"player_experience":371517,"relics_obtained":[{"floor":7.0,"key":"Symbiotic Virus"},{"floor":9.0,"key":"Question Card"},{"floor":23,"key":"Smiling Mask"},{"floor":25,"key":"Frozen Egg 2"},{"floor":26,"key":"Centennial Puzzle"}],"event_choices":[{"event_name":"Liars Game","player_choice":"agreed","floor":2.0,"damage_taken":0.0},{"event_name":"Ghosts","player_choice":"Ignored","floor":21,"damage_taken":0}],"is_beta":false,"boss_relics":[{"not_picked":["Coffee Dripper","Velvet Choker"],"picked":"Eternal Feather"}],"items_purged_floors":[5,30],"is_endless":false,"potions_floor_spawned":[1,4,16,18,23,28,29],"killed_by":"Champ","ascension_level":0}