{"path_per_floor":["M","$","?","M","M","E","R","$","T","R","M","T","R","M","R"],"character_chosen":"THE_SILENT","items_purchased":["Blur"],"gold_per_floor":[113,38,38,51,63,96,96,17,17,17,35,35,35,53,53,53],"floor_reached":16,"campfire_rested":1,"playtime":1155,"item_purchase_floors":[8],"current_hp_per_floor":[63,63,56,56,56,26,50,50,50,50,50,50,50,50,50,0],"items_purged":["Strike_G"],"gold":53,"score":130,"play_id":"eae9bda7-57d3-4888-9d9b-c1fc57553a4f","local_time":"20180625142238","is_prod":false,"is_daily":false,"chose_seed":false,"is_ascension_mode":true,"campfire_upgraded":3,"win_rate":0,"timestamp":1529929358,"campfire_choices":[{"floor":7,"key":"REST"},{"data":"Dagger Spray","floor":10,"key":"SMITH"},{"data":"Blur","floor":13,"key":"SMITH"},{"data":"Caltrops","floor":15,"key":"SMITH"}],"path_taken":["M","$","?","M","M","E","R","$","T","R","M","?","R","M","R","BOSS"],"build_version":"2018-06-21","seed_source_timestamp":25530419197688,"purchased_purges":1,"circlet_count":0,"victory":false,"master_deck":["Defend_G","Defend_G","Defend_G","Defend_G","Strike_G","Strike_G","Strike_G","Survivor","Neutralize","Backstab","Deadly Poison","Dagger Spray+1","Cloak And Dagger","Blur+1","Caltrops+1","Leg Sweep"],"max_hp_per_floor":[70,70,70,70,70,80,80,80,80,80,80,80,80,80,80,80],"relics":["Ring of the Snake","Pear","Bottled Flame","Tingsha"],"card_choices":[{"not_picked":["Slice","Deflect"],"picked":"Deadly Poison","floor":1},{"not_picked":["Dodge and Roll","Cloak And Dagger"],"picked":"Dagger Spray","floor":4},{"not_picked":["Dagger Throw","Outmaneuver"],"picked":"Cloak And Dagger","floor":5},{"not_picked":["Sucker Punch","Dodge and Roll","Finisher"],"picked":"SKIP","floor":6},{"not_picked":["Blade Dance","Storm of Steel"],"picked":"Caltrops","floor":11},{"not_picked":["Catalyst","Eviscerate"],"picked":"Leg Sweep","floor":14}],"player_experience":486349,"potions_floor_usage":[16],"damage_taken":[{"damage":0,"enemies":"2 Louse","floor":1,"turns":2},{"damage":0,"enemies":"Jaw Worm","floor":4,"turns":2},{"damage":0,"enemies":"Cultist","floor":5,"turns":3},{"damage":40,"enemies":"Lagavulin","floor":6,"turns":9},{"damage":0,"enemies":"Gremlin Gang","floor":11,"turns":3},{"damage":0,"enemies":"Lots of Slimes","floor":14,"turns":1},{"damage":56,"enemies":"Slime Boss","floor":16,"turns":11}],"relics_obtained":[{"floor":6,"key":"Pear"},{"floor":9,"key":"Bottled Flame"},{"floor":12,"key":"Tingsha"}],"event_choices":[{"event_name":"Golden Wing","player_choice":"Card Removal","floor":3,"damage_taken":0}],"boss_relics":[],"items_purged_floors":[2],"is_endless":false,"potions_floor_spawned":[11],"seed_played":"7576208066129261185","killed_by":"Slime Boss","ascension_level":6,"potions_obtained":[{"floor":11,"key":"Poison Potion"}],"is_trial":false}