{"gold_per_floor":[112,37,57,34,0,25,25,57,57,70,170,170,183,200,200,299,299,313,47,61,61,73,73,84,111,134,134,134,145,20,38,38,137,137,156,156,156,256,266,293,293,322,322,322,356,356,368,37,37,37],"floor_reached":50,"playtime":32259,"items_purged":["Normality","Strike_G","Defend_G","Defend_G"],"score":695,"play_id":"a7b0427d-43f7-48e9-b07c-2b1c2614dd31","local_time":"20190724130827","is_ascension_mode":true,"campfire_choices":[{"floor":7.0,"key":"REST"},{"floor":12.0,"key":"REST"},{"floor":15.0,"key":"REST"},{"floor":23.0,"key":"REST"},{"floor":32.0,"key":"REST"},{"floor":41,"key":"REST"},{"data":"Leg Sweep","floor":44,"key":"SMITH"},{"data":"Bouncing Flask","floor":46,"key":"SMITH"},{"floor":49,"key":"REST"}],"neow_cost":"CURSE","seed_source_timestamp":0,"circlet_count":0,"master_deck":["Defend_G","Defend_G","Survivor","Neutralize+1","Wraith Form v2","Terror","Dagger Throw","Underhanded Strike+1","Crippling Poison","Leg Sweep+1","Skewer+1","Envenom","Quick Slash+1","Corpse Explosion","Slice+1","Metamorphosis","Endless Agony+1","Quick Slash+1","Bite+1","Bite+1","Bite+1","Bite+1","Bite+1","PiercingWail+1","Prepared","Glass Knife+1","Deflect+1","Bouncing Flask+1","Dash+1"],"special_seed":0,"relics":["Ring of the Snake","Molten Egg 2","Ornamental Fan","Sundial","Philosopher\u0027s Stone","Bag of Preparation","Letter Opener","Ancient Tea Set","Busted Crown","The Courier","Turnip","Pen Nib","Dead Branch","Meat on the Bone","Art of War","Whetstone"],"potions_floor_usage":[42,45,50,50],"damage_taken":[{"damage":16.0,"enemies":"Cultist","floor":1.0,"turns":6.0},{"damage":0.0,"enemies":"2 Louse","floor":3.0,"turns":3.0},{"damage":18.0,"enemies":"3 Sentries","floor":6.0,"turns":11.0},{"damage":29.0,"enemies":"Lagavulin","floor":8.0,"turns":9.0},{"damage":0.0,"enemies":"Small Slimes","floor":10.0,"turns":3.0},{"damage":21.0,"enemies":"Exordium Thugs","floor":13.0,"turns":4.0},{"damage":0.0,"enemies":"Large Slime","floor":14.0,"turns":5.0},{"damage":21.0,"enemies":"Hexaghost","floor":16.0,"turns":11.0},{"damage":14.0,"enemies":"Spheric Guardian","floor":18.0,"turns":5.0},{"damage":14.0,"enemies":"Chosen","floor":20.0,"turns":5.0},{"damage":9.0,"enemies":"Snecko","floor":22.0,"turns":4.0},{"damage":17.0,"enemies":"Sentry and Sphere","floor":24.0,"turns":6.0},{"damage":4.0,"enemies":"Gremlin Leader","floor":25.0,"turns":6.0},{"damage":34.0,"enemies":"Colosseum Slavers","floor":28.0,"turns":5.0},{"damage":3.0,"enemies":"Cultist and Chosen","floor":29.0,"turns":3.0},{"damage":6.0,"enemies":"Snake Plant","floor":31.0,"turns":4.0},{"damage":28.0,"enemies":"Automaton","floor":33.0,"turns":10.0},{"damage":1,"enemies":"Orb Walker","floor":35,"turns":2},{"damage":15,"enemies":"Mind Bloom Boss Battle","floor":38,"turns":7},{"damage":4,"enemies":"3 Darklings","floor":39,"turns":3},{"damage":45,"enemies":"Nemesis","floor":40,"turns":7},{"damage":3,"enemies":"Reptomancer","floor":42,"turns":5},{"damage":23,"enemies":"Nemesis","floor":45,"turns":5},{"damage":0,"enemies":"4 Shapes","floor":47,"turns":1},{"damage":74,"enemies":"Time Eater","floor":50,"turns":4}],"seed_played":"-7982670045128526175","potions_obtained":[{"floor":3.0,"key":"EssenceOfSteel"},{"floor":6.0,"key":"GhostInAJar"},{"floor":10.0,"key":"PowerPotion"},{"floor":14.0,"key":"AttackPotion"},{"floor":18.0,"key":"Weak Potion"},{"floor":22.0,"key":"PowerPotion"},{"floor":25.0,"key":"Energy Potion"},{"floor":35,"key":"Fire Potion"},{"floor":42,"key":"Dexterity Potion"},{"floor":45,"key":"Strength Potion"}],"is_trial":false,"path_per_floor":["M","$","M","$","?","E","R","E","T","M","?","R","M","M","R","B",null,"M","$","M","?","M","R","M","E","T","?","?","M","$","M","R","B",null,"M","?","T","?","M","E","R","E","T","R","E","R","M","$","R","B"],"character_chosen":"THE_SILENT","items_purchased":["Underhanded Strike","Metamorphosis","Whetstone","PowerPotion","Dash+1"],"campfire_rested":7,"item_purchase_floors":[4,19,48,48,48],"current_hp_per_floor":[54,54,54,54,54,36,57,28,28,28,28,49,28,28,49,28,70,56,56,42,42,33,54,37,33,33,33,14,14,14,23,37,28,49,49,49,49,46,48,19,33,49,49,49,35,35,35,35,49,0],"gold":37,"neow_bonus":"THREE_RARE_CARDS","is_prod":false,"is_daily":false,"chose_seed":false,"campfire_upgraded":2,"win_rate":0,"timestamp":1563991707,"path_taken":["M","$","M","?","?","E","R","E","T","M","?","R","M","M","R","BOSS","M","$","M","?","M","R","M","E","T","?","?","M","$","M","R","BOSS","M","?","?","?","?","E","R","E","T","R","E","R","M","$","R","BOSS"],"build_version":"2019-07-17","purchased_purges":4,"victory":false,"max_hp_per_floor":[70,70,70,70,70,70,70,70,70,70,70,70,70,70,70,70,70,70,70,70,70,70,70,70,70,70,49,49,49,49,49,49,49,49,49,49,49,49,49,49,49,49,49,49,49,49,49,49,49,49],"card_choices":[{"not_picked":["Adrenaline","Corpse Explosion"],"picked":"Wraith Form v2","floor":0.0},{"not_picked":["Bane","Acrobatics"],"picked":"Terror","floor":1.0},{"not_picked":["Dagger Spray","Escape Plan"],"picked":"Dagger Throw","floor":3.0},{"not_picked":["Outmaneuver","Prepared"],"picked":"Crippling Poison","floor":6.0},{"not_picked":["Eviscerate+1","Blade Dance"],"picked":"Leg Sweep","floor":8.0},{"not_picked":["Setup","Cloak And Dagger"],"picked":"Skewer+1","floor":10.0},{"not_picked":["Distraction","PiercingWail"],"picked":"Envenom","floor":13.0},{"not_picked":["Caltrops","Bane+1"],"picked":"Quick Slash+1","floor":14.0},{"not_picked":["Burst","Venomology"],"picked":"Corpse Explosion","floor":16.0},{"not_picked":["Accuracy","Bane+1"],"picked":"Slice+1","floor":18.0},{"not_picked":["Bane+1","Slice+1"],"picked":"Endless Agony+1","floor":20.0},{"not_picked":["Dagger Throw+1","Poisoned Stab+1"],"picked":"Quick Slash+1","floor":22.0},{"not_picked":["A Thousand Cuts","Deadly Poison","Underhanded Strike+1"],"picked":"SKIP","floor":24.0},{"not_picked":["Outmaneuver","Blade Dance","Sucker Punch+1"],"picked":"SKIP","floor":25.0},{"not_picked":["Burst","Deadly Poison+1"],"picked":"PiercingWail+1","floor":29.0},{"not_picked":["Blade Dance","Eviscerate+1"],"picked":"Prepared","floor":31.0},{"not_picked":["Malaise","Envenom"],"picked":"Glass Knife+1","floor":33.0},{"not_picked":["Prepared"],"picked":"SKIP","floor":35},{"not_picked":[],"picked":"Deflect+1","floor":39},{"not_picked":[],"picked":"Bouncing Flask","floor":40},{"not_picked":["Skewer+1"],"picked":"SKIP","floor":42},{"not_picked":["Cloak And Dagger"],"picked":"SKIP","floor":45},{"not_picked":["Underhanded Strike+1"],"picked":"SKIP","floor":47}],"player_experience":553111,"relics_obtained":[{"floor":6.0,"key":"Molten Egg 2"},{"floor":8.0,"key":"Ornamental Fan"},{"floor":9.0,"key":"Sundial"},{"floor":25.0,"key":"Letter Opener"},{"floor":26.0,"key":"Ancient Tea Set"},{"floor":37,"key":"The Courier"},{"floor":38,"key":"Turnip"},{"floor":40,"key":"Pen Nib"},{"floor":42,"key":"Dead Branch"},{"floor":43,"key":"Meat on the Bone"},{"floor":45,"key":"Art of War"}],"event_choices":[{"damage_healed":0.0,"max_hp_gain":0.0,"max_hp_loss":0.0,"gold_gain":0.0,"event_name":"World of Goop","player_choice":"Left Gold","floor":5.0,"gold_loss":34.0,"damage_taken":0.0},{"damage_healed":0.0,"max_hp_gain":0.0,"max_hp_loss":0.0,"gold_gain":100.0,"event_name":"Golden Shrine","player_choice":"Pray","floor":11.0,"gold_loss":0.0,"damage_taken":0.0},{"damage_healed":0.0,"max_hp_gain":0.0,"max_hp_loss":0.0,"gold_gain":0.0,"event_name":"The Mausoleum","player_choice":"Opened","floor":21.0,"gold_loss":0.0,"damage_taken":0.0,"relics_obtained":["Bag of Preparation"]},{"damage_healed":0.0,"max_hp_gain":0.0,"max_hp_loss":21.0,"gold_gain":0.0,"event_name":"Vampires","player_choice":"Became a vampire","floor":27.0,"gold_loss":0.0,"damage_taken":0.0,"cards_obtained":["Bite","Bite","Bite","Bite","Bite"]},{"damage_healed":0.0,"max_hp_gain":0.0,"max_hp_loss":0.0,"gold_gain":0.0,"event_name":"Colosseum","player_choice":"Fight","floor":28.0,"gold_loss":0.0,"damage_taken":0.0},{"damage_healed":0.0,"max_hp_gain":0.0,"max_hp_loss":0.0,"gold_gain":0.0,"event_name":"Colosseum","player_choice":"Fled From Nobs","floor":28.0,"gold_loss":0.0,"damage_taken":0.0},{"cards_removed":["Defend_G"],"damage_healed":0,"gold_gain":0,"player_choice":"Removed Skill","damage_taken":0,"max_hp_gain":0,"max_hp_loss":0,"event_name":"Falling","floor":36,"gold_loss":0},{"damage_healed":0,"gold_gain":0,"player_choice":"Fight","damage_taken":0,"max_hp_gain":0,"max_hp_loss":0,"event_name":"MindBloom","floor":38,"gold_loss":0}],"is_beta":false,"boss_relics":[{"not_picked":["White Beast Statue","Runic Dome"],"picked":"Philosopher\u0027s Stone"},{"not_picked":["Tiny House","HoveringKite"],"picked":"Busted Crown"}],"items_purged_floors":[2,19,30,48],"is_endless":false,"potions_floor_spawned":[3,6,10,14,18,22,25,35,42,45],"killed_by":"Time Eater","ascension_level":4}