{"gold_per_floor":[114,124,47,47,2,2,27,27,27,57,57,70,70,82,82,182,232,251,176,193,118,136,136,149,15,40,68,68,68,68,81,81,81],"floor_reached":33,"playtime":2123,"items_purged":["Strike_G","Strike_G"],"score":432,"play_id":"4868fea5-6f9b-4952-996e-ba2bca6dbd5e","local_time":"20181107231626","is_ascension_mode":true,"campfire_choices":[{"data":"Noxious Fumes","floor":6.0,"key":"SMITH"},{"data":"Tactician","floor":8.0,"key":"SMITH"},{"floor":15.0,"key":"REST"},{"floor":23.0,"key":"REST"},{"floor":32,"key":"REST"}],"neow_cost":"NONE","seed_source_timestamp":36820600654972,"circlet_count":0,"master_deck":["Defend_G+1","Defend_G+1","Defend_G+1","Defend_G+1","Defend_G+1","Strike_G+1","Strike_G+1","Survivor","Neutralize","Sucker Punch","Tactician+1","Noxious Fumes+1","Forethought","Acrobatics","Bouncing Flask+1","Tools of the Trade+1","Deadly Poison","Escape Plan","Adrenaline","Catalyst","Poisoned Stab+1","Slice+1","A Thousand Cuts+1","Noxious Fumes+1","Decay","Dagger Spray"],"special_seed":0,"relics":["Ring of the Snake","NeowsBlessing","Frozen Egg 2","Bottled Lightning","Paper Crane","Tiny House","Orichalcum","Calipers"],"potions_floor_usage":[33],"damage_taken":[{"damage":0.0,"enemies":"Jaw Worm","floor":1.0,"turns":1.0},{"damage":0.0,"enemies":"Cultist","floor":2.0,"turns":1.0},{"damage":0.0,"enemies":"3 Sentries","floor":7.0,"turns":1.0},{"damage":47.0,"enemies":"Gremlin Nob","floor":10.0,"turns":5.0},{"damage":0.0,"enemies":"2 Louse","floor":12.0,"turns":4.0},{"damage":3.0,"enemies":"Exordium Wildlife","floor":14.0,"turns":4.0},{"damage":40.0,"enemies":"Slime Boss","floor":16.0,"turns":9.0},{"damage":16.0,"enemies":"Shell Parasite","floor":18.0,"turns":5.0},{"damage":0.0,"enemies":"Spheric Guardian","floor":20.0,"turns":1.0},{"damage":22.0,"enemies":"Chosen and Byrds","floor":22.0,"turns":6.0},{"damage":8.0,"enemies":"Centurion and Healer","floor":24.0,"turns":4.0},{"damage":8.0,"enemies":"Gremlin Leader","floor":27.0,"turns":5.0},{"damage":12.0,"enemies":"Colosseum Slavers","floor":29.0,"turns":5.0},{"damage":10,"enemies":"Sentry and Sphere","floor":31,"turns":4},{"damage":50,"enemies":"Champ","floor":33,"turns":8}],"seed_played":"8990984261088514234","potions_obtained":[{"floor":2.0,"key":"Dexterity Potion"},{"floor":10.0,"key":"Regen Potion"},{"floor":14.0,"key":"Fire Potion"},{"floor":17.0,"key":"PowerPotion"},{"floor":22.0,"key":"EntropicBrew"},{"floor":27.0,"key":"Fire Potion"}],"is_trial":false,"path_per_floor":["M","M","$","?","$","R","E","R","T","E","$","M","?","M","R","B",null,"M","?","M","$","M","R","M","$","T","E","?","?","?","M","R","B"],"character_chosen":"THE_SILENT","items_purchased":["Noxious Fumes","Acrobatics","Noxious Fumes+1"],"campfire_rested":3,"item_purchase_floors":[3,5,25],"current_hp_per_floor":[63,63,63,63,63,63,63,63,63,16,16,30,30,27,48,8,60,44,44,44,44,22,44,36,36,36,28,28,16,16,6,28,0],"gold":81,"neow_bonus":"THREE_ENEMY_KILL","is_prod":false,"is_daily":false,"chose_seed":false,"campfire_upgraded":2,"win_rate":0,"timestamp":1541628986,"path_taken":["M","M","$","?","$","R","E","R","T","E","?","M","?","M","R","BOSS","M","?","M","$","M","R","M","$","T","E","?","?","?","M","R","BOSS"],"build_version":"2018-11-06","purchased_purges":2,"victory":false,"max_hp_per_floor":[70,70,70,70,70,70,70,70,70,70,70,70,70,70,70,70,75,75,75,75,75,75,75,75,75,75,75,75,75,75,75,75,75],"card_choices":[{"not_picked":["Underhanded Strike","Acrobatics"],"picked":"Sucker Punch","floor":1.0},{"not_picked":["Terror","Bane"],"picked":"Tactician","floor":2.0},{"not_picked":["Reflex","Sucker Punch"],"picked":"Bouncing Flask","floor":7.0},{"not_picked":["Expertise","Setup"],"picked":"Tools of the Trade+1","floor":10.0},{"not_picked":["Cloak And Dagger","Concentrate"],"picked":"Deadly Poison","floor":12.0},{"not_picked":["Finisher","Acrobatics"],"picked":"Escape Plan","floor":14.0},{"not_picked":["Night Terror","Tools of the Trade+1"],"picked":"Adrenaline","floor":16.0},{"not_picked":["Dagger Throw","Prepared"],"picked":"Catalyst","floor":17.0},{"not_picked":["Endless Agony","Crippling Poison"],"picked":"Poisoned Stab+1","floor":18.0},{"not_picked":["PiercingWail","Outmaneuver"],"picked":"Slice+1","floor":20.0},{"not_picked":["Quick Slash","Masterful Stab","Acrobatics"],"picked":"SKIP","floor":22.0},{"not_picked":["Choke","Deadly Poison"],"picked":"A Thousand Cuts+1","floor":24.0},{"not_picked":["Dodge and Roll","Slice","Dagger Throw"],"picked":"SKIP","floor":27.0},{"not_picked":["Prepared","Accuracy+1"],"picked":"Dagger Spray","floor":31}],"player_experience":615019,"relics_obtained":[{"floor":7.0,"key":"Frozen Egg 2"},{"floor":9.0,"key":"Bottled Lightning"},{"floor":10.0,"key":"Paper Crane"},{"floor":26.0,"key":"Orichalcum"},{"floor":27.0,"key":"Calipers"}],"event_choices":[{"damage_healed":0.0,"max_hp_gain":0.0,"max_hp_loss":0.0,"gold_gain":0.0,"event_name":"Match and Keep!","player_choice":"1 cards matched","floor":4.0,"gold_loss":0.0,"damage_taken":0.0,"cards_obtained":["Forethought"]},{"damage_healed":0.0,"max_hp_gain":0.0,"max_hp_loss":0.0,"gold_gain":0.0,"event_name":"Golden Wing","player_choice":"Ignored","floor":13.0,"gold_loss":0.0,"damage_taken":0.0},{"cards_removed":["Strike_G"],"damage_healed":0.0,"max_hp_gain":0.0,"max_hp_loss":0.0,"gold_gain":0.0,"event_name":"Beggar","player_choice":"Gave Gold","floor":19.0,"gold_loss":75.0,"damage_taken":0.0},{"damage_healed":0.0,"max_hp_gain":0.0,"max_hp_loss":0.0,"gold_gain":0.0,"event_name":"Forgotten Altar","player_choice":"Smashed Altar","floor":28.0,"gold_loss":0.0,"damage_taken":0.0,"cards_obtained":["Decay"]},{"damage_healed":0.0,"max_hp_gain":0.0,"max_hp_loss":0.0,"gold_gain":0.0,"event_name":"Colosseum","player_choice":"Fight","floor":29.0,"gold_loss":0.0,"damage_taken":0.0},{"damage_healed":0.0,"max_hp_gain":0.0,"max_hp_loss":0.0,"gold_gain":0.0,"event_name":"Colosseum","player_choice":"Fled From Nobs","floor":29.0,"gold_loss":0.0,"damage_taken":0.0},{"damage_healed":0.0,"max_hp_gain":0.0,"max_hp_loss":0.0,"gold_gain":0.0,"event_name":"Back to Basics","player_choice":"Simplicity","floor":30.0,"gold_loss":0.0,"damage_taken":0.0,"cards_upgraded":["Defend_G","Defend_G","Defend_G","Defend_G","Defend_G","Strike_G","Strike_G"]}],"is_beta":true,"boss_relics":[{"not_picked":["Orrery","Pandora\u0027s Box"],"picked":"Tiny House"}],"items_purged_floors":[21,25],"is_endless":false,"potions_floor_spawned":[2,10,14,22,27,29],"killed_by":"Champ","ascension_level":9}