{"gold_per_floor":[110,110,129,144,158,202,202,202,202,202,87,123,138,153,153,153],"floor_reached":16,"playtime":1098,"items_purged":["Injury"],"score":157,"play_id":"e760b375-4df7-450a-b92b-a94cec390aff","local_time":"20180629145318","is_ascension_mode":true,"campfire_choices":[{"floor":8,"key":"REST"},{"data":"Dagger Spray","floor":10,"key":"SMITH"},{"floor":15,"key":"REST"}],"neow_cost":"","seed_source_timestamp":13907820770229,"circlet_count":0,"master_deck":["Defend_G","Defend_G+1","Defend_G","Defend_G","Defend_G","Strike_G","Strike_G","Strike_G","Strike_G+1","Strike_G","Survivor","Neutralize+1","Escape Plan","Backflip","Infinite Blades","Flying Knee","Dagger Spray+1","Infinite Blades","Deflect"],"special_seed":0,"relics":["Ring of the Snake","Golden Idol","Boot","Juzu Bracelet","Blue Candle"],"potions_floor_usage":[5,6,16],"damage_taken":[{"damage":2.0,"enemies":"Jaw Worm","floor":1.0,"turns":5.0},{"damage":0.0,"enemies":"2 Louse","floor":3.0,"turns":4.0},{"damage":1,"enemies":"Small Slimes","floor":4,"turns":3},{"damage":1,"enemies":"3 Louse","floor":5,"turns":5},{"damage":15,"enemies":"3 Sentries","floor":6,"turns":10},{"damage":13,"enemies":"Lagavulin","floor":12,"turns":7},{"damage":0,"enemies":"Blue Slaver","floor":13,"turns":3},{"damage":29,"enemies":"Exordium Thugs","floor":14,"turns":6},{"damage":41,"enemies":"The Guardian","floor":16,"turns":13}],"seed_played":"-3643453428546148482","potions_obtained":[{"floor":3.0,"key":"SpeedPotion"},{"floor":5,"key":"SkillPotion"},{"floor":12,"key":"FairyPotion"},{"floor":13,"key":"Swift Potion"}],"is_trial":false,"path_per_floor":["M","?","M","M","M","E","?","R","T","R","$","E","M","M","R"],"character_chosen":"THE_SILENT","items_purchased":["Infinite Blades"],"campfire_rested":2,"item_purchase_floors":[11],"current_hp_per_floor":[61,61,61,60,59,44,30,51,51,51,51,38,38,9,30,0],"gold":153,"neow_bonus":"","is_prod":false,"is_daily":false,"chose_seed":false,"campfire_upgraded":1,"win_rate":0,"timestamp":1530276798,"path_taken":["M","?","M","M","M","E","?","R","T","R","$","E","M","M","R","BOSS"],"build_version":"2018-06-28","purchased_purges":1,"victory":false,"max_hp_per_floor":[70,70,70,70,70,70,70,70,70,70,70,70,70,70,70,70],"card_choices":[{"not_picked":["PiercingWail","Quick Slash"],"picked":"Escape Plan","floor":1.0},{"not_picked":["Dagger Throw","Dagger Spray"],"picked":"Backflip","floor":3.0},{"not_picked":["Underhanded Strike","Outmaneuver"],"picked":"Infinite Blades","floor":4},{"not_picked":["Sucker Punch","Backflip"],"picked":"Flying Knee","floor":5},{"not_picked":["Underhanded Strike","Outmaneuver"],"picked":"Dagger Spray","floor":6},{"not_picked":["Blade Dance","Reflex","Flechettes"],"picked":"SKIP","floor":12},{"not_picked":["Acrobatics","Poisoned Stab"],"picked":"Deflect","floor":13},{"not_picked":["Concentrate","Calculated Gamble","Backflip"],"picked":"SKIP","floor":14}],"player_experience":544337,"relics_obtained":[{"floor":6,"key":"Boot"},{"floor":9,"key":"Juzu Bracelet"},{"floor":12,"key":"Blue Candle"}],"event_choices":[{"event_name":"Golden Idol","player_choice":"Take Wound","floor":2.0,"damage_taken":0.0},{"event_name":"Shining Light","player_choice":"Entered Light","floor":7,"damage_taken":0}],"boss_relics":[],"items_purged_floors":[11],"is_endless":false,"potions_floor_spawned":[3,5,12,13],"killed_by":"The Guardian","ascension_level":8}