{"gold_per_floor":[111,129,304,136,211,211,238,254,254,265,70,87,87,37,37,37],"floor_reached":16,"playtime":505,"items_purged":["Doubt"],"score":100,"play_id":"0f843409-3444-4df7-b596-d35c433e7876","local_time":"20190505055346","is_ascension_mode":false,"campfire_choices":[{"data":"Body Slam","floor":6,"key":"SMITH"},{"data":"Body Slam","floor":13,"key":"SMITH"},{"data":"Battle Trance","floor":15,"key":"SMITH"}],"neow_cost":"NONE","seed_source_timestamp":305617506340693,"circlet_count":0,"master_deck":["Strike_R","Strike_R","Strike_R","Strike_R","Defend_R","Defend_R","Defend_R","Defend_R","Bash","Body Slam+1","Good Instincts","Battle Trance+1","Body Slam+1"],"special_seed":0,"relics":["Burning Blood","Meat on the Bone","Bag of Preparation","ClockworkSouvenir"],"potions_floor_usage":[16],"damage_taken":[{"damage":1.0,"enemies":"Jaw Worm","floor":1.0,"turns":3.0},{"damage":7.0,"enemies":"2 Louse","floor":2.0,"turns":3.0},{"damage":29,"enemies":"3 Sentries","floor":7,"turns":11},{"damage":0,"enemies":"Cultist","floor":8,"turns":3},{"damage":19,"enemies":"Gremlin Gang","floor":10,"turns":8},{"damage":0,"enemies":"Looter","floor":12,"turns":3},{"damage":66,"enemies":"Hexaghost","floor":16,"turns":12}],"seed_played":"5992131228846355659","potions_obtained":[{"floor":2.0,"key":"FearPotion"},{"floor":12,"key":"Explosive Potion"}],"is_trial":false,"path_per_floor":["M","M","?","$","?","R","E","M","T","M","$","M","R","?","R","B"],"character_chosen":"IRONCLAD","items_purchased":["Good Instincts","ClockworkSouvenir"],"campfire_rested":0,"item_purchase_floors":[4,11],"current_hp_per_floor":[88,87,87,87,76,76,53,59,59,58,58,64,64,64,64,0],"gold":37,"neow_bonus":"TEN_PERCENT_HP_BONUS","is_prod":false,"is_daily":false,"chose_seed":false,"campfire_upgraded":3,"win_rate":0,"timestamp":1557024826,"path_taken":["M","M","?","$","?","R","E","M","T","M","$","M","R","?","R","BOSS"],"build_version":"2019-01-23","purchased_purges":1,"victory":false,"max_hp_per_floor":[88,88,88,88,88,88,88,88,88,88,88,88,88,88,88,88],"card_choices":[{"not_picked":["Clothesline","Clash","Dual Wield"],"picked":"SKIP","floor":1.0},{"not_picked":["Sword Boomerang","Body Slam","Sentinel"],"picked":"SKIP","floor":2.0},{"not_picked":["Sword Boomerang","Sentinel"],"picked":"Body Slam","floor":2.0},{"not_picked":["Sword Boomerang","Evolve"],"picked":"Battle Trance","floor":7},{"not_picked":["Intimidate","Cleave"],"picked":"Body Slam","floor":8},{"not_picked":["Wild Strike","Clothesline","Perfected Strike"],"picked":"SKIP","floor":10},{"not_picked":["Clash","Cleave","Twin Strike"],"picked":"SKIP","floor":12}],"player_experience":596973,"relics_obtained":[{"floor":7,"key":"Meat on the Bone"},{"floor":9,"key":"Bag of Preparation"}],"event_choices":[{"damage_healed":0.0,"max_hp_gain":0.0,"max_hp_loss":0.0,"gold_gain":175.0,"event_name":"Liars Game","player_choice":"AGREE","floor":3.0,"gold_loss":0.0,"damage_taken":0.0,"cards_obtained":["Doubt"]},{"damage_healed":0,"gold_gain":75,"player_choice":"Gather Gold","damage_taken":11,"max_hp_gain":0,"max_hp_loss":0,"event_name":"World of Goop","floor":5,"gold_loss":0},{"cards_removed":["Strike_R"],"damage_healed":0,"gold_gain":0,"player_choice":"Card Removal","damage_taken":0,"max_hp_gain":0,"max_hp_loss":0,"event_name":"The Cleric","floor":14,"gold_loss":50}],"is_beta":false,"boss_relics":[],"items_purged_floors":[4],"is_endless":false,"potions_floor_spawned":[2,12],"killed_by":"Hexaghost","ascension_level":0}