{"gold_per_floor":[218,238,258,103,103,136,136,136,182,196,196,206,56,56,56,160,160,175,175,187,201,45,45],"floor_reached":23,"playtime":464,"items_purged":[],"score":191,"play_id":"3ba36c65-fe3c-41c1-a5ba-27c215d15eb5","local_time":"20180815022453","is_ascension_mode":false,"campfire_choices":[{"data":"1","floor":7.0,"key":"LIFT"},{"data":"Demon Form","floor":11.0,"key":"SMITH"},{"data":"2","floor":15.0,"key":"LIFT"}],"neow_cost":"NONE","seed_source_timestamp":34660592658204,"circlet_count":0,"master_deck":["Strike_R","Strike_R","Strike_R","Strike_R","Strike_R","Defend_R","Defend_R","Defend_R","Defend_R","Bash","Twin Strike","Demon Form+1","Limit Break"],"special_seed":0,"relics":["Burning Blood","Vajra","Girya","Bag of Marbles","Regal Pillow","Eternal Feather","Nloth\u0027s Gift","Orichalcum"],"potions_floor_usage":[23,23],"damage_taken":[{"damage":6.0,"enemies":"Cultist","floor":1.0,"turns":3.0},{"damage":1.0,"enemies":"2 Louse","floor":2.0,"turns":2.0},{"damage":5.0,"enemies":"Jaw Worm","floor":3.0,"turns":5.0},{"damage":33.0,"enemies":"3 Sentries","floor":6.0,"turns":10.0},{"damage":8.0,"enemies":"Red Slaver","floor":10.0,"turns":2.0},{"damage":7.0,"enemies":"Blue Slaver","floor":12.0,"turns":2.0},{"damage":30.0,"enemies":"Hexaghost","floor":16.0,"turns":6.0},{"damage":35.0,"enemies":"2 Thieves","floor":18.0,"turns":3.0},{"damage":33.0,"enemies":"3 Byrds","floor":20.0,"turns":4.0},{"damage":15.0,"enemies":"Cultist and Chosen","floor":21.0,"turns":4.0},{"damage":30,"enemies":"Snake Plant","floor":23,"turns":2}],"seed_played":"-2817954313002169507","potions_obtained":[{"floor":1.0,"key":"Strength Potion"},{"floor":10.0,"key":"Strength Potion"},{"floor":12.0,"key":"Explosive Potion"},{"floor":20.0,"key":"Regen Potion"}],"is_trial":false,"path_per_floor":["M","M","M","$","?","E","R","$","T","M","R","M","$","$","R","B",null,"M","?","M","M","$"],"character_chosen":"IRONCLAD","items_purchased":["Vajra","Regal Pillow","Orichalcum"],"campfire_rested":0,"item_purchase_floors":[4,13,22],"current_hp_per_floor":[80,80,80,80,62,35,35,35,35,33,33,32,32,32,32,8,80,51,51,24,27,27,0],"gold":45,"neow_bonus":"HUNDRED_GOLD","is_prod":false,"is_daily":false,"chose_seed":false,"campfire_upgraded":1,"win_rate":0,"timestamp":1534289093,"path_taken":["M","M","M","$","?","E","R","$","T","M","R","?","?","$","R","BOSS","M","?","M","M","$","M"],"build_version":"2018-08-09","purchased_purges":0,"victory":false,"max_hp_per_floor":[80,80,80,80,80,80,80,80,80,80,80,80,80,80,80,80,80,80,80,80,80,80,80],"card_choices":[{"not_picked":["Corruption","Sword Boomerang","Flex"],"picked":"SKIP","floor":1.0},{"not_picked":["Shrug It Off","Metallicize","Wild Strike"],"picked":"SKIP","floor":2.0},{"not_picked":["Flex","Shrug It Off","Clothesline"],"picked":"SKIP","floor":3.0},{"not_picked":["Blood for Blood","Combust"],"picked":"Twin Strike","floor":6.0},{"not_picked":["Bloodletting","Clash"],"picked":"Demon Form","floor":10.0},{"not_picked":["Evolve","Hemokinesis","Flex"],"picked":"SKIP","floor":12.0},{"not_picked":["Berserk","Reaper"],"picked":"Limit Break","floor":16.0},{"not_picked":["Spot Weakness","Thunderclap","Metallicize"],"picked":"SKIP","floor":18.0},{"not_picked":["Dark Embrace","Flex","Armaments"],"picked":"SKIP","floor":20.0},{"not_picked":["Armaments+1","Warcry","Ghostly Armor"],"picked":"SKIP","floor":21.0}],"player_experience":306656,"relics_obtained":[{"floor":6.0,"key":"Girya"},{"floor":9.0,"key":"Bag of Marbles"}],"event_choices":[{"event_name":"Scrap Ooze","player_choice":"success","floor":5.0,"damage_taken":18.0},{"event_name":"N\u0027loth","player_choice":"Traded a Bronze Scales","floor":19.0,"damage_taken":0.0}],"is_beta":false,"boss_relics":[{"not_picked":["Philosopher\u0027s Stone","Runic Dome"],"picked":"Eternal Feather"}],"items_purged_floors":[],"is_endless":false,"potions_floor_spawned":[1,10,12,20],"killed_by":"Snake Plant","ascension_level":0}