{"gold_per_floor":[109,128,145,162,88,117,117,148,148,148,148,148,167,85,85,85],"floor_reached":16,"playtime":477,"items_purged":[],"score":110,"play_id":"ed0f4b93-958d-481b-8d2b-f6d659592471","local_time":"20181004045200","is_ascension_mode":false,"campfire_choices":[{"data":"Dualcast","floor":7.0,"key":"SMITH"},{"floor":10.0,"key":"REST"},{"floor":15,"key":"REST"}],"neow_cost":"NONE","seed_source_timestamp":10950521551223,"circlet_count":0,"master_deck":["Strike_B","Strike_B","Strike_B","Strike_B","Defend_B","Defend_B","Defend_B","Defend_B","Zap+1","Dualcast+1","Steam","Conserve Battery","Capacitor","Self Repair","Leap+1","Loop"],"special_seed":0,"relics":["Cracked Core","Molten Egg 2","Toxic Egg 2","Bottled Tornado"],"potions_floor_usage":[16],"damage_taken":[{"damage":2.0,"enemies":"2 Louse","floor":1.0,"turns":3.0},{"damage":0.0,"enemies":"Cultist","floor":2.0,"turns":4.0},{"damage":2.0,"enemies":"Small Slimes","floor":3.0,"turns":3.0},{"damage":2.0,"enemies":"Blue Slaver","floor":4.0,"turns":4.0},{"damage":26.0,"enemies":"Gremlin Nob","floor":6.0,"turns":5.0},{"damage":33.0,"enemies":"3 Sentries","floor":8.0,"turns":8.0},{"damage":5.0,"enemies":"Red Slaver","floor":13.0,"turns":4.0},{"damage":49,"enemies":"Slime Boss","floor":16,"turns":9}],"seed_played":"-5612279153657887286","potions_obtained":[{"floor":1.0,"key":"GamblersBrew"},{"floor":2.0,"key":"Weak Potion"},{"floor":6.0,"key":"Strength Potion"},{"floor":8.0,"key":"LiquidBronze"}],"is_trial":false,"path_per_floor":["M","M","M","M","$","E","R","E","T","R","?","?","M","$","R"],"character_chosen":"DEFECT","items_purchased":["Capacitor","Loop"],"campfire_rested":2,"item_purchase_floors":[5,14],"current_hp_per_floor":[73,73,71,69,69,43,43,10,10,32,25,25,27,27,49,0],"gold":85,"neow_bonus":"UPGRADE_CARD","is_prod":false,"is_daily":false,"chose_seed":false,"campfire_upgraded":1,"win_rate":0,"timestamp":1538617920,"path_taken":["M","M","M","M","$","E","R","E","T","R","?","?","?","?","R","BOSS"],"build_version":"2018-09-27","purchased_purges":0,"victory":false,"max_hp_per_floor":[75,75,75,75,75,75,75,75,75,75,75,75,75,75,75,75],"card_choices":[{"not_picked":["Double Energy","FTL"],"picked":"Steam","floor":1.0},{"not_picked":["Coolheaded","Steam Power","Storm"],"picked":"SKIP","floor":2.0},{"not_picked":["Streamline","Redo"],"picked":"Conserve Battery","floor":3.0},{"not_picked":["Coolheaded","Fusion","Cold Snap"],"picked":"SKIP","floor":4.0},{"not_picked":["Rainbow","Sweeping Beam","Stack"],"picked":"SKIP","floor":6.0},{"not_picked":["Recycle","Tempest"],"picked":"Self Repair","floor":8.0},{"not_picked":["Redo+1","Stack+1"],"picked":"Leap+1","floor":13.0}],"player_experience":365943,"relics_obtained":[{"floor":6.0,"key":"Molten Egg 2"},{"floor":8.0,"key":"Toxic Egg 2"},{"floor":9.0,"key":"Bottled Tornado"}],"event_choices":[{"event_name":"Wheel of Change","player_choice":"Damage","floor":11.0,"damage_taken":0.0},{"event_name":"Liars Game","player_choice":"disagreed","floor":12.0,"damage_taken":0.0}],"is_beta":false,"boss_relics":[],"items_purged_floors":[],"is_endless":false,"potions_floor_spawned":[1,2,6,8],"killed_by":"Slime Boss","ascension_level":0}