{"gold_per_floor":[113,126,177,177,190,190,251,264,264,264,282,206,206,218,218,315,315,330,345,116,131,131,131,158,174,174,174,188,188,113,113,113,210,210,225,26,26,45,45,76,42,55,105,105,120,140,154,174,174,174],"floor_reached":50,"playtime":1524,"items_purged":["Decay"],"score":546,"play_id":"0282848c-bc02-4b13-9c01-9ac7fb8e39de","local_time":"20181021150537","is_ascension_mode":false,"campfire_choices":[{"data":"Armaments","floor":6.0,"key":"SMITH"},{"data":"Shrug It Off","floor":10.0,"key":"SMITH"},{"data":"Inflame","floor":13.0,"key":"SMITH"},{"data":"Bash","floor":15.0,"key":"SMITH"},{"floor":23.0,"key":"REST"},{"floor":27.0,"key":"REST"},{"floor":32.0,"key":"REST"},{"data":"Battle Trance","floor":44.0,"key":"SMITH"},{"floor":49,"key":"REST"}],"neow_cost":"NONE","seed_source_timestamp":39799015675431,"circlet_count":0,"master_deck":["Strike_R","Strike_R","Strike_R","Strike_R","Strike_R","Defend_R","Defend_R","Defend_R+1","Defend_R+1","Bash+1","Armaments+1","Cleave","Shrug It Off+1","Inflame+1","Feed","Spot Weakness+1","Swift Strike","Pommel Strike+1","Bash+1","Offering","Shrug It Off","Writhe","Battle Trance+1","Spot Weakness"],"special_seed":0,"relics":["Burning Blood","Happy Flower","Tiny Chest","Matryoshka","Black Star","Anchor","Red Skull","War Paint","PreservedInsect","Paper Frog","Busted Crown","Bag of Marbles","Letter Opener","Darkstone Periapt","Strawberry","Blood Vial"],"potions_floor_usage":[46,50],"damage_taken":[{"damage":6.0,"enemies":"Cultist","floor":1.0,"turns":3.0},{"damage":3.0,"enemies":"Small Slimes","floor":2.0,"turns":3.0},{"damage":5.0,"enemies":"2 Louse","floor":5.0,"turns":3.0},{"damage":36.0,"enemies":"Lagavulin","floor":7.0,"turns":10.0},{"damage":5.0,"enemies":"Large Slime","floor":8.0,"turns":5.0},{"damage":0.0,"enemies":"3 Louse","floor":11.0,"turns":2.0},{"damage":10.0,"enemies":"Exordium Wildlife","floor":14.0,"turns":3.0},{"damage":32.0,"enemies":"Slime Boss","floor":16.0,"turns":11.0},{"damage":30.0,"enemies":"2 Thieves","floor":18.0,"turns":5.0},{"damage":20.0,"enemies":"Chosen","floor":19.0,"turns":6.0},{"damage":21.0,"enemies":"Centurion and Healer","floor":21.0,"turns":7.0},{"damage":36.0,"enemies":"Book of Stabbing","floor":24.0,"turns":5.0},{"damage":19.0,"enemies":"3 Cultists","floor":25.0,"turns":6.0},{"damage":14.0,"enemies":"Shelled Parasite and Fungi","floor":28.0,"turns":5.0},{"damage":93.0,"enemies":"Collector","floor":33.0,"turns":10.0},{"damage":17.0,"enemies":"Orb Walker","floor":35.0,"turns":4.0},{"damage":12.0,"enemies":"3 Shapes","floor":38.0,"turns":5.0},{"damage":20.0,"enemies":"Giant Head","floor":40.0,"turns":6.0},{"damage":9.0,"enemies":"Transient","floor":42.0,"turns":5.0},{"damage":6.0,"enemies":"Jaw Worm Horde","floor":45.0,"turns":2.0},{"damage":17,"enemies":"Maw","floor":46,"turns":6},{"damage":6,"enemies":"Transient","floor":47,"turns":5},{"damage":6,"enemies":"Sphere and 2 Shapes","floor":48,"turns":3},{"damage":114,"enemies":"Awakened One","floor":50,"turns":9}],"seed_played":"-5645073898879021540","potions_obtained":[{"floor":1.0,"key":"FairyPotion"},{"floor":8.0,"key":"Energy Potion"},{"floor":14.0,"key":"Weak Potion"},{"floor":21.0,"key":"Ancient Potion"},{"floor":25.0,"key":"Weak Potion"},{"floor":38.0,"key":"Ancient Potion"},{"floor":42.0,"key":"AttackPotion"},{"floor":46,"key":"SpeedPotion"}],"is_trial":false,"path_per_floor":["M","M","T","$","M","R","E","M","T","R","M","$","R","M","R","B",null,"M","M","$","M","?","R","E","M","T","R","M","?","$","?","R","B",null,"M","$","?","M","$","E","$","M","T","R","M","M","M","M","R"],"character_chosen":"IRONCLAD","items_purchased":["Inflame","Anchor","Swift Strike","Shrug It Off","Bag of Marbles","Battle Trance"],"campfire_rested":4,"item_purchase_floors":[12,20,20,36,36,41],"current_hp_per_floor":[80,80,80,80,80,80,50,51,51,51,57,57,57,53,53,27,80,59,45,45,33,33,58,28,19,19,46,41,41,41,41,68,15,93,85,85,96,93,93,79,79,76,83,83,88,79,81,86,112,0],"gold":174,"neow_bonus":"THREE_CARDS","is_prod":false,"is_daily":false,"chose_seed":false,"campfire_upgraded":5,"win_rate":0,"timestamp":1540123537,"path_taken":["M","M","?","$","?","R","E","M","T","R","M","$","R","M","R","BOSS","M","M","$","M","?","R","E","M","T","R","M","?","$","?","R","BOSS","M","$","?","M","$","E","$","M","T","R","?","M","M","M","R","BOSS"],"build_version":"2018-10-18","purchased_purges":1,"victory":false,"max_hp_per_floor":[80,80,80,80,80,80,80,80,80,80,80,80,80,80,80,80,80,83,83,83,86,86,86,86,90,90,90,93,93,93,93,93,93,93,96,96,96,99,99,99,99,99,106,106,109,109,109,112,112,112],"card_choices":[{"not_picked":["Wild Strike","Combust"],"picked":"Armaments","floor":0.0},{"not_picked":["Heavy Blade","Havoc","Fire Breathing"],"picked":"SKIP","floor":1.0},{"not_picked":["Armaments","Clothesline","Searing Blow"],"picked":"SKIP","floor":2.0},{"not_picked":["Pommel Strike","Sever Soul","Bloodletting"],"picked":"SKIP","floor":5.0},{"not_picked":["Perfected Strike","Metallicize"],"picked":"Cleave","floor":7.0},{"not_picked":["Havoc","Dropkick"],"picked":"Shrug It Off","floor":8.0},{"not_picked":["Body Slam","Havoc","Exhume"],"picked":"SKIP","floor":11.0},{"not_picked":["Armaments","Anger","Searing Blow"],"picked":"SKIP","floor":14.0},{"not_picked":["Dark Embrace","Double Tap"],"picked":"Feed","floor":16.0},{"not_picked":["Second Wind","Perfected Strike"],"picked":"Spot Weakness","floor":18.0},{"not_picked":["Sentinel","Wild Strike+1","Rage"],"picked":"SKIP","floor":19.0},{"not_picked":["Body Slam","Perfected Strike","Carnage+1"],"picked":"SKIP","floor":21.0},{"not_picked":["Cleave","Flex","Iron Wave"],"picked":"SKIP","floor":24.0},{"not_picked":["Flame Barrier","Second Wind"],"picked":"Pommel Strike+1","floor":25.0},{"not_picked":["Inflame","Headbutt","Heavy Blade"],"picked":"SKIP","floor":28.0},{"not_picked":["Brutality","Impervious"],"picked":"Offering","floor":33.0},{"not_picked":["Iron Wave"],"picked":"SKIP","floor":35.0},{"not_picked":["Carnage"],"picked":"SKIP","floor":38.0},{"not_picked":["Flex"],"picked":"SKIP","floor":40.0},{"not_picked":["True Grit"],"picked":"SKIP","floor":42.0},{"not_picked":[],"picked":"Spot Weakness","floor":45.0},{"not_picked":["Clash+1"],"picked":"SKIP","floor":46},{"not_picked":["Cleave+1"],"picked":"SKIP","floor":47},{"not_picked":["Shockwave+1"],"picked":"SKIP","floor":48}],"player_experience":419311,"relics_obtained":[{"floor":3.0,"key":"Happy Flower"},{"floor":7.0,"key":"Tiny Chest"},{"floor":9.0,"key":"Matryoshka"},{"floor":24.0,"key":"Red Skull"},{"floor":24.0,"key":"War Paint"},{"floor":26.0,"key":"PreservedInsect"},{"floor":26.0,"key":"Paper Frog"},{"floor":40.0,"key":"Letter Opener"},{"floor":40.0,"key":"Darkstone Periapt"},{"floor":43.0,"key":"Strawberry"},{"floor":43.0,"key":"Blood Vial"}],"event_choices":[{"damage_healed":0.0,"max_hp_gain":0.0,"max_hp_loss":0.0,"gold_gain":0.0,"event_name":"Upgrade Shrine","player_choice":"Upgraded","floor":22.0,"gold_loss":0.0,"damage_taken":0.0,"cards_upgraded":["Spot Weakness"]},{"damage_healed":0.0,"max_hp_gain":0.0,"max_hp_loss":0.0,"gold_gain":0.0,"event_name":"Forgotten Altar","player_choice":"Smashed Altar","floor":29.0,"gold_loss":0.0,"damage_taken":0.0,"cards_obtained":["Decay"]},{"damage_healed":0.0,"max_hp_gain":0.0,"max_hp_loss":0.0,"gold_gain":0.0,"event_name":"Duplicator","player_choice":"Copied","floor":31.0,"gold_loss":0.0,"damage_taken":0.0,"cards_obtained":["Bash"]},{"damage_healed":24.0,"max_hp_gain":0.0,"max_hp_loss":0.0,"gold_gain":0.0,"event_name":"Winding Halls","player_choice":"Writhe","floor":37.0,"gold_loss":0.0,"damage_taken":0.0,"cards_obtained":["Writhe"]}],"is_beta":false,"boss_relics":[{"not_picked":["Astrolabe","Runic Dome"],"picked":"Black Star"},{"not_picked":["Sozu","Black Blood"],"picked":"Busted Crown"}],"items_purged_floors":[30],"is_endless":false,"potions_floor_spawned":[1,8,14,21,24,25,38,42,46],"killed_by":"Awakened One","ascension_level":0}