{"gold_per_floor":[110,120,49,62,12,40,40,50,50,63,63,81,119,119,119,245,245,263,278,278,20,20,20,36,36,36,36,61,61,61,77,77,196,496,528,540,572,249,374,374,389,389,439,439,211,211,211,229,229,229],"floor_reached":51,"playtime":1924,"items_purged":["Writhe","Gash"],"score":680,"play_id":"7b3cf32e-9192-45b2-9ba9-9d7c885ba2be","local_time":"20190621142518","is_ascension_mode":false,"campfire_choices":[{"data":"Go for the Eyes","floor":7.0,"key":"SMITH"},{"data":"Self Repair","floor":15.0,"key":"SMITH"},{"data":"Zap","floor":23.0,"key":"SMITH"},{"data":"Conserve Battery","floor":30.0,"key":"SMITH"},{"data":"FTL","floor":32.0,"key":"SMITH"},{"data":"Echo Form","floor":40.0,"key":"SMITH"},{"data":"Dualcast","floor":42.0,"key":"SMITH"},{"data":"Leap","floor":44.0,"key":"SMITH"},{"data":"Loop","floor":46.0,"key":"SMITH"},{"data":"Capacitor","floor":49.0,"key":"SMITH"}],"neow_cost":"NONE","seed_source_timestamp":659083892717600,"circlet_count":0,"master_deck":["Strike_B+1","Strike_B+1","Strike_B+1","Defend_B+1","Defend_B+1","Defend_B+1","Defend_B+1","Zap+1","Dualcast+1","Leap+1","Go for the Eyes+1","Self Repair+1","Beam Cell","Conserve Battery+1","FTL+1","Seek+1","Steam","Electrodynamics","Loop+1","Self Repair+1","Auto Shields+1","Echo Form+1","Hologram+1","Capacitor+1","Loop+1","Stack","Capacitor+1"],"special_seed":0,"relics":["Cracked Core","Dodecahedron","Meat on the Bone","Golden Idol","Omamori","Coffee Dripper","Gremlin Horn","Ornamental Fan","Calling Bell","MawBank","Singing Bowl","Old Coin","Letter Opener","Du-Vu Doll","Happy Flower","Sundial"],"potions_floor_usage":[50,50],"damage_taken":[{"damage":1.0,"enemies":"Cultist","floor":1.0,"turns":3.0},{"damage":1.0,"enemies":"2 Louse","floor":2.0,"turns":3.0},{"damage":10.0,"enemies":"Jaw Worm","floor":4.0,"turns":4.0},{"damage":31.0,"enemies":"Gremlin Nob","floor":6.0,"turns":6.0},{"damage":13.0,"enemies":"Gremlin Gang","floor":8.0,"turns":5.0},{"damage":6.0,"enemies":"Exordium Thugs","floor":10.0,"turns":5.0},{"damage":10.0,"enemies":"2 Fungi Beasts","floor":12.0,"turns":3.0},{"damage":4.0,"enemies":"Lagavulin","floor":13.0,"turns":7.0},{"damage":35.0,"enemies":"Slime Boss","floor":16.0,"turns":10.0},{"damage":0.0,"enemies":"3 Byrds","floor":18.0,"turns":2.0},{"damage":11.0,"enemies":"Spheric Guardian","floor":19.0,"turns":4.0},{"damage":34.0,"enemies":"Chosen and Byrds","floor":24.0,"turns":7.0},{"damage":12.0,"enemies":"Snake Plant","floor":28.0,"turns":5.0},{"damage":13.0,"enemies":"Centurion and Healer","floor":31.0,"turns":6.0},{"damage":31.0,"enemies":"Collector","floor":33.0,"turns":11.0},{"damage":8.0,"enemies":"3 Darklings","floor":35.0,"turns":4.0},{"damage":10.0,"enemies":"Orb Walker","floor":37.0,"turns":6.0},{"damage":0.0,"enemies":"Mind Bloom Boss Battle","floor":39.0,"turns":8.0},{"damage":39.0,"enemies":"Jaw Worm Horde","floor":41.0,"turns":4.0},{"damage":17.0,"enemies":"3 Darklings","floor":48.0,"turns":4.0},{"damage":78,"enemies":"Awakened One","floor":50,"turns":13}],"seed_played":"-349238789746370157","potions_obtained":[{"floor":4.0,"key":"Dexterity Potion"},{"floor":6.0,"key":"Weak Potion"},{"floor":8.0,"key":"Energy Potion"},{"floor":12.0,"key":"Swift Potion"},{"floor":19.0,"key":"SkillPotion"},{"floor":24.0,"key":"LiquidBronze"},{"floor":28.0,"key":"Ancient Potion"},{"floor":33.0,"key":"Regen Potion"},{"floor":48.0,"key":"FocusPotion"}],"is_trial":false,"path_per_floor":["M","M","$","M","$","E","R","M","T","M","?","M","E","?","R","B",null,"M","M","?","$","?","R","M","$","T","?","M","$","R","M","R","B",null,"M","?","M","$","?","R","M","R","T","R","$","R","T","M","R","B",null],"character_chosen":"DEFECT","items_purchased":["Self Repair","Beam Cell","Gremlin Horn","Letter Opener","Loop","Stack"],"campfire_rested":0,"item_purchase_floors":[3,5,21,38,45,45],"current_hp_per_floor":[74,73,73,70,70,46,46,40,40,53,35,44,47,47,47,34,75,75,74,67,67,67,67,55,55,55,55,63,63,63,70,70,59,75,67,67,69,69,75,75,68,68,68,68,68,68,68,71,71,30],"gold":229,"neow_bonus":"REMOVE_CARD","is_prod":false,"is_daily":false,"chose_seed":false,"campfire_upgraded":10,"win_rate":0,"timestamp":1561116318,"path_taken":["M","M","$","?","$","E","R","M","T","M","?","M","E","?","R","BOSS","M","?","?","?","?","R","M","$","T","?","M","$","R","M","R","BOSS","M","?","M","$","?","R","M","R","T","R","?","R","?","M","R","BOSS"],"build_version":"2019-01-23","purchased_purges":2,"victory":true,"max_hp_per_floor":[75,75,75,75,75,75,75,75,75,75,75,75,75,75,75,75,75,75,75,75,75,75,75,75,75,75,75,75,75,75,75,75,75,75,75,71,73,73,75,75,75,75,75,75,75,75,75,75,75,75],"card_choices":[{"not_picked":["Coolheaded","Sweeping Beam"],"picked":"Leap","floor":1.0},{"not_picked":["Reinforced Body","Gash"],"picked":"Go for the Eyes","floor":2.0},{"not_picked":["Hologram","Beam Cell"],"picked":"Gash","floor":4.0},{"not_picked":["Steam","Go for the Eyes"],"picked":"Conserve Battery","floor":6.0},{"not_picked":["Streamline","Barrage","Lockon"],"picked":"SKIP","floor":8.0},{"not_picked":["Barrage","Steam"],"picked":"FTL","floor":10.0},{"not_picked":["Melter","Coolheaded"],"picked":"Seek","floor":12.0},{"not_picked":["Stack","Static Discharge"],"picked":"Steam","floor":13.0},{"not_picked":["Seek","Fission"],"picked":"Electrodynamics","floor":16.0},{"not_picked":["Capacitor","Streamline","Compile Driver"],"picked":"SKIP","floor":18.0},{"not_picked":["Hello World+1","Blizzard+1"],"picked":"Loop+1","floor":19.0},{"not_picked":["Doom and Gloom","Ball Lightning"],"picked":"Self Repair+1","floor":24.0},{"not_picked":["Stack","Rebound","Sweeping Beam"],"picked":"SKIP","floor":28.0},{"not_picked":["Self Repair","Steam+1"],"picked":"Auto Shields+1","floor":31.0},{"not_picked":["Meteor Strike","Hyperbeam"],"picked":"Echo Form","floor":33.0},{"not_picked":["Sweeping Beam+1","Stack+1"],"picked":"Hologram+1","floor":35.0},{"not_picked":["Lockon+1","Beam Cell+1","Stack+1"],"picked":"Singing Bowl","floor":37.0},{"not_picked":["Lockon","Undo+1","Consume"],"picked":"Singing Bowl","floor":39.0},{"not_picked":["Rebound+1","Storm+1"],"picked":"Capacitor+1","floor":41.0},{"not_picked":["Tempest+1","Hello World+1"],"picked":"Capacitor","floor":48.0}],"player_experience":641015,"relics_obtained":[{"floor":6.0,"key":"Dodecahedron"},{"floor":9.0,"key":"Meat on the Bone"},{"floor":13.0,"key":"Omamori"},{"floor":26.0,"key":"Ornamental Fan"},{"floor":34.0,"key":"MawBank"},{"floor":34.0,"key":"Singing Bowl"},{"floor":34.0,"key":"Old Coin"},{"floor":39.0,"key":"Du-Vu Doll"},{"floor":43.0,"key":"Happy Flower"},{"floor":47.0,"key":"Sundial"}],"event_choices":[{"damage_healed":0.0,"max_hp_gain":0.0,"max_hp_loss":0.0,"gold_gain":0.0,"event_name":"Golden Idol","player_choice":"Take Damage","floor":11.0,"gold_loss":0.0,"damage_taken":18.0,"relics_obtained":["Golden Idol"]},{"damage_healed":0.0,"max_hp_gain":0.0,"max_hp_loss":0.0,"gold_gain":0.0,"event_name":"Upgrade Shrine","player_choice":"Upgraded","floor":14.0,"gold_loss":0.0,"damage_taken":0.0,"cards_upgraded":["Seek"]},{"damage_healed":0.0,"max_hp_gain":0.0,"max_hp_loss":0.0,"gold_gain":0.0,"event_name":"Knowing Skull","player_choice":"","floor":20.0,"potions_obtained":[],"gold_loss":0.0,"damage_taken":7.0,"cards_obtained":[]},{"damage_healed":0.0,"max_hp_gain":0.0,"max_hp_loss":0.0,"gold_gain":0.0,"event_name":"Ghosts","player_choice":"Ignored","floor":22.0,"gold_loss":0.0,"damage_taken":0.0},{"damage_healed":0.0,"max_hp_gain":0.0,"max_hp_loss":0.0,"gold_gain":0.0,"event_name":"Back to Basics","player_choice":"Simplicity","floor":27.0,"gold_loss":0.0,"damage_taken":0.0,"cards_upgraded":["Strike_B","Strike_B","Strike_B","Defend_B","Defend_B","Defend_B","Defend_B"]},{"damage_healed":0.0,"max_hp_gain":0.0,"max_hp_loss":4.0,"gold_gain":0.0,"event_name":"Winding Halls","player_choice":"Max HP","floor":36.0,"gold_loss":0.0,"damage_taken":0.0},{"damage_healed":0.0,"max_hp_gain":0.0,"max_hp_loss":0.0,"gold_gain":0.0,"event_name":"MindBloom","player_choice":"Fight","floor":39.0,"gold_loss":0.0,"damage_taken":0.0}],"is_beta":false,"boss_relics":[{"not_picked":["Inserter","Ectoplasm"],"picked":"Coffee Dripper"},{"not_picked":["FrozenCore","Lizard Tail"],"picked":"Calling Bell"}],"items_purged_floors":[38,45],"is_endless":false,"potions_floor_spawned":[4,6,8,12,19,24,28,33,39,48],"ascension_level":0}