{"path_per_floor":["M","M","?","$","M","R","M","M","T","E","M","M","M","M","R","B",null,"M","?","M","?","$","R","M","M","T","R","M"],"character_chosen":"DEFECT","items_purchased":["Conserve Battery","Gremlin Horn","Ball Lightning","Rainbow"],"gold_per_floor":[212,226,226,176,192,192,203,218,218,248,260,271,287,307,307,407,407,423,452,435,435,3,3,15,34,34,34,53,53],"floor_reached":29,"campfire_rested":0,"playtime":1707,"item_purchase_floors":[],"current_hp_per_floor":[74,74,74,74,73,73,72,75,75,59,66,73,75,75,75,35,75,68,68,65,51,51,51,48,48,48,48,42,0],"items_purged":[],"gold":53,"score":233,"play_id":"2d43a32e-0f9b-4a2e-b3b8-b108f4f8e987","local_time":"20180604050435","is_prod":false,"is_daily":false,"chose_seed":false,"is_ascension_mode":false,"campfire_upgraded":4,"win_rate":0,"timestamp":1528077875,"campfire_choices":[{"data":"Dualcast","floor":6.0,"key":"SMITH"},{"data":"Consume","floor":15.0,"key":"SMITH"},{"data":"Rainbow","floor":23.0,"key":"SMITH"},{"data":"Rainbow","floor":27.0,"key":"SMITH"}],"path_taken":["M","M","?","$","M","R","M","M","T","E","M","M","M","M","R","BOSS","M","?","M","?","$","R","M","M","T","R","M","M"],"build_version":"2018-05-30v2","seed_source_timestamp":184017289703582,"purchased_purges":0,"victory":false,"master_deck":["Strike_B","Strike_B","Strike_B","Strike_B","Defend_B","Defend_B","Defend_B","Defend_B","Zap+1","Dualcast+1","Leap","Conserve Battery","Streamline","Self Repair","Lockon","Conserve Battery","Reinforced Body","Consume+1","BootSequence","Rainbow+1","Steam+1","Barrage","Ball Lightning","Rainbow+1","Reinforced Body+1"],"max_hp_per_floor":[75,75,75,75,75,75,75,75,75,75,75,75,75,75,75,75,75,75,75,75,80,80,80,80,80,80,80,80,80],"relics":["Cracked Core","Symbiotic Virus","Anchor","Inserter","Red Mask","Gremlin Horn"],"card_choices":[{"not_picked":["Steam","Compile Driver"],"picked":"Leap","floor":1.0},{"not_picked":["Genetic Algorithm","Chill","Glacier"],"picked":"SKIP","floor":2.0},{"not_picked":["Cold Snap","Beam Cell"],"picked":"Streamline","floor":5.0},{"not_picked":["Reprogram","Gash"],"picked":"Self Repair","floor":7.0},{"not_picked":["Gash","Doom and Gloom"],"picked":"Lockon","floor":8.0},{"not_picked":["Compile Driver","Turbo","Go for the Eyes"],"picked":"SKIP","floor":10.0},{"not_picked":["Echo Form","Beam Cell"],"picked":"Conserve Battery","floor":11.0},{"not_picked":["Turbo","Tempest"],"picked":"Reinforced Body","floor":12.0},{"not_picked":["Undo","Cold Snap"],"picked":"Consume","floor":13.0},{"not_picked":["Conserve Battery","Lockon"],"picked":"BootSequence","floor":14.0},{"not_picked":["Creative AI","Machine Learning"],"picked":"Rainbow","floor":16.0},{"not_picked":["Steam","Reprogram+1","Hello World"],"picked":"SKIP","floor":18.0},{"not_picked":["Force Field","Compile Driver"],"picked":"Steam+1","floor":19.0},{"not_picked":["Tempest","Undo+1"],"picked":"Barrage","floor":20.0},{"not_picked":["Coolheaded+1","Sweeping Beam","Turbo+1"],"picked":"SKIP","floor":24.0},{"not_picked":["White Noise","Cold Snap+1","Hologram"],"picked":"SKIP","floor":25.0},{"not_picked":["Self Repair","Rebound+1"],"picked":"Reinforced Body+1","floor":28}],"player_experience":156655,"potions_floor_usage":[28,28],"damage_taken":[{"damage":1.0,"enemies":"Cultist","floor":1.0,"turns":3.0},{"damage":0.0,"enemies":"2 Louse","floor":2.0,"turns":2.0},{"damage":1.0,"enemies":"Jaw Worm","floor":5.0,"turns":3.0},{"damage":1.0,"enemies":"Looter","floor":7.0,"turns":3.0},{"damage":2.0,"enemies":"Blue Slaver","floor":8.0,"turns":4.0},{"damage":16.0,"enemies":"Gremlin Nob","floor":10.0,"turns":3.0},{"damage":0.0,"enemies":"2 Fungi Beasts","floor":11.0,"turns":4.0},{"damage":0.0,"enemies":"3 Louse","floor":12.0,"turns":2.0},{"damage":3.0,"enemies":"Lots of Slimes","floor":13.0,"turns":5.0},{"damage":0.0,"enemies":"Blue Slaver","floor":14.0,"turns":3.0},{"damage":47.0,"enemies":"Slime Boss","floor":16.0,"turns":11.0},{"damage":14.0,"enemies":"Chosen","floor":18.0,"turns":6.0},{"damage":0.0,"enemies":"Masked Bandits","floor":19.0,"turns":2.0},{"damage":10.0,"enemies":"2 Thieves","floor":20.0,"turns":4.0},{"damage":10.0,"enemies":"Centurion and Healer","floor":24.0,"turns":7.0},{"damage":0.0,"enemies":"Snake Plant","floor":25.0,"turns":4.0},{"damage":28,"enemies":"Sentry and Sphere","floor":28,"turns":8},{"damage":44,"enemies":"Cultist and Chosen","floor":29,"turns":5}],"relics_obtained":[{"floor":9.0,"key":"Symbiotic Virus"},{"floor":10.0,"key":"Anchor"},{"floor":19.0,"key":"Red Mask"}],"event_choices":[{"event_name":"Living Wall","player_choice":"Grow","floor":3.0,"damage_taken":0.0},{"event_name":"Forgotten Altar","player_choice":"Shed Blood","floor":21.0,"damage_taken":0.0}],"boss_relics":[],"items_purged_floors":[],"potions_floor_spawned":[1,7,8,13,16,18,20,24],"seed_played":"4773030456751045228","killed_by":"Cultist and Chosen","ascension_level":0,"potions_obtained":[{"floor":1.0,"key":"EntropicBrew"},{"floor":7.0,"key":"Regen Potion"},{"floor":8.0,"key":"AttackPotion"},{"floor":13.0,"key":"Explosive Potion"},{"floor":18.0,"key":"AttackPotion"},{"floor":20.0,"key":"SneckoOil"},{"floor":24.0,"key":"LiquidBronze"}],"is_trial":false}