{"gold_per_floor":[115,63,63,63,63,63,74,74,101,121,121,146,96,22,22,127,127,144,144,169,94,94,94,129,149,149,167,92,121,76,101,101,200,200,216,265,72,72,72,107,107,142,167,186,186,200,219,235,235,235],"floor_reached":51,"playtime":1784,"items_purged":["Strike_R","Strike_R"],"score":782,"play_id":"535a13be-da12-4671-af11-3032d9025713","local_time":"20190719214740","is_ascension_mode":false,"campfire_choices":[{"data":"Demon Form","floor":6.0,"key":"SMITH"},{"data":"Defend_R","floor":8.0,"key":"SMITH"},{"data":"Defend_R","floor":11.0,"key":"SMITH"},{"data":"Heavy Blade","floor":15.0,"key":"SMITH"},{"data":"Defend_R","floor":23.0,"key":"SMITH"},{"data":"Sword Boomerang","floor":32.0,"key":"SMITH"},{"data":"Blind","floor":41,"key":"SMITH"},{"data":"Strike_R+1","floor":45,"key":"PURGE"},{"data":"Twin Strike","floor":49,"key":"PURGE"}],"neow_cost":"TEN_PERCENT_HP_LOSS","seed_source_timestamp":3066825385400,"circlet_count":0,"master_deck":["Defend_R+1","Defend_R+1","Defend_R+1","Defend_R+1","Bash+1","Demon Form+1","Twin Strike+1","Heavy Blade+1","Battle Trance+1","Reaper","Sword Boomerang+1","Blind+1","Shrug It Off+1","Shrug It Off+1"],"special_seed":0,"relics":["Burning Blood","Bronze Scales","WingedGreaves","Sundial","Red Mask","Whetstone","Paper Frog","Boot","PreservedInsect","Coffee Dripper","Torii","Peace Pipe","The Courier","War Paint"],"potions_floor_usage":[36,36],"damage_taken":[{"damage":0.0,"enemies":"2 Louse","floor":1.0,"turns":3.0},{"damage":0.0,"enemies":"Small Slimes","floor":7.0,"turns":3.0},{"damage":3.0,"enemies":"Jaw Worm","floor":10.0,"turns":2.0},{"damage":28.0,"enemies":"Gremlin Nob","floor":12.0,"turns":4.0},{"damage":26.0,"enemies":"Slime Boss","floor":16.0,"turns":5.0},{"damage":12.0,"enemies":"3 Byrds","floor":18.0,"turns":3.0},{"damage":54.0,"enemies":"Masked Bandits","floor":20.0,"turns":6.0},{"damage":43.0,"enemies":"Gremlin Leader","floor":24.0,"turns":6.0},{"damage":10.0,"enemies":"Chosen","floor":25.0,"turns":4.0},{"damage":12.0,"enemies":"Snecko","floor":27.0,"turns":4.0},{"damage":47.0,"enemies":"Book of Stabbing","floor":29.0,"turns":5.0},{"damage":21.0,"enemies":"Gremlin Leader","floor":31.0,"turns":5.0},{"damage":42.0,"enemies":"Champ","floor":33.0,"turns":7.0},{"damage":17.0,"enemies":"3 Shapes","floor":35.0,"turns":4.0},{"damage":38,"enemies":"2 Orb Walkers","floor":36,"turns":3},{"damage":10,"enemies":"Giant Head","floor":40,"turns":5},{"damage":1,"enemies":"Nemesis","floor":42,"turns":3},{"damage":0,"enemies":"Orb Walker","floor":44,"turns":3},{"damage":1,"enemies":"Sphere and 2 Shapes","floor":46,"turns":5},{"damage":2,"enemies":"4 Shapes","floor":47,"turns":6},{"damage":1,"enemies":"Maw","floor":48,"turns":5},{"damage":34,"enemies":"Time Eater","floor":50,"turns":7}],"seed_played":"-929936905779459689","potions_obtained":[{"floor":10.0,"key":"Weak Potion"},{"floor":12.0,"key":"Poison Potion"},{"floor":25.0,"key":"GamblersBrew"},{"floor":31.0,"key":"SkillPotion"},{"floor":33.0,"key":"Strength Potion"},{"floor":35.0,"key":"Strength Potion"},{"floor":42,"key":"Block Potion"},{"floor":47,"key":"SpeedPotion"}],"is_trial":false,"path_per_floor":["M","$","?","?","$","R","M","R","T","M","R","E","?","$","R","B",null,"M","?","?","?","?","R","E","M","T","M","$","E","$","E","R","B",null,"M","?","$","?","$","E","R","E","T","M","R","M","M","M","R","B",null],"character_chosen":"IRONCLAD","items_purchased":["Twin Strike","Battle Trance","Sword Boomerang","Blind"],"campfire_rested":0,"item_purchase_floors":[2,14,30,37],"current_hp_per_floor":[72,72,58,63,63,63,69,69,69,72,72,50,50,50,50,30,77,71,71,29,29,77,77,77,73,73,71,71,58,58,77,77,41,77,66,34,34,34,34,49,49,54,54,60,60,76,77,77,77,49],"gold":235,"neow_bonus":"THREE_RARE_CARDS","is_prod":false,"is_daily":false,"chose_seed":false,"campfire_upgraded":7,"win_rate":0,"timestamp":1563562060,"path_taken":["M","$","?","?","$","R","M","R","T","M","R","E","?","?","R","BOSS","M","?","?","?","?","R","E","?","T","M","$","E","?","E","R","BOSS","M","?","$","?","$","E","R","E","T","M","R","M","M","?","R","BOSS"],"build_version":"2019-07-18","purchased_purges":2,"victory":true,"max_hp_per_floor":[72,72,72,77,77,77,77,77,77,77,77,77,77,77,77,77,77,77,77,77,77,77,77,77,77,77,77,77,77,77,77,77,77,77,77,77,77,77,77,77,77,77,77,77,77,77,77,77,77,77],"card_choices":[{"not_picked":["Impervious","Brutality"],"picked":"Demon Form","floor":0.0},{"not_picked":["Havoc","Fire Breathing","Iron Wave"],"picked":"SKIP","floor":1.0},{"not_picked":["Fire Breathing","Flex","Rampage"],"picked":"SKIP","floor":7.0},{"not_picked":["Iron Wave","Brutality"],"picked":"Twin Strike","floor":10.0},{"not_picked":["Rage","Body Slam"],"picked":"Heavy Blade","floor":12.0},{"not_picked":["Dark Embrace","Bludgeon"],"picked":"Reaper","floor":16.0},{"not_picked":["Heavy Blade","Infernal Blade","Havoc"],"picked":"SKIP","floor":18.0},{"not_picked":["Power Through","Intimidate","Sever Soul"],"picked":"SKIP","floor":24.0},{"not_picked":["Wild Strike","Shockwave","Iron Wave"],"picked":"SKIP","floor":25.0},{"not_picked":["Warcry","Thunderclap","Headbutt"],"picked":"SKIP","floor":27.0},{"not_picked":["Cleave","Barricade","Wild Strike+1"],"picked":"SKIP","floor":29.0},{"not_picked":["Cleave","Barricade","Wild Strike+1"],"picked":"SKIP","floor":29.0},{"not_picked":["Wild Strike","Corruption","Brutality"],"picked":"SKIP","floor":31.0},{"not_picked":["True Grit","Perfected Strike+1","Corruption"],"picked":"SKIP","floor":35.0},{"not_picked":["Blood for Blood+1","Inflame+1"],"picked":"Shrug It Off","floor":40},{"not_picked":["Carnage+1","Rupture"],"picked":"Shrug It Off+1","floor":42},{"not_picked":["Flex+1","True Grit+1","Clothesline+1"],"picked":"SKIP","floor":44},{"not_picked":["Heavy Blade","Uppercut+1","Wild Strike+1"],"picked":"SKIP","floor":46},{"not_picked":["Evolve+1","Disarm","True Grit+1"],"picked":"SKIP","floor":47},{"not_picked":["Perfected Strike","Clothesline+1","Wild Strike"],"picked":"SKIP","floor":48}],"player_experience":184200,"relics_obtained":[{"floor":9.0,"key":"Bronze Scales"},{"floor":12.0,"key":"WingedGreaves"},{"floor":20.0,"key":"Red Mask"},{"floor":24.0,"key":"Whetstone"},{"floor":26.0,"key":"Paper Frog"},{"floor":29.0,"key":"Boot"},{"floor":31.0,"key":"PreservedInsect"},{"floor":36,"key":"Torii"},{"floor":40,"key":"Peace Pipe"},{"floor":42,"key":"The Courier"},{"floor":43,"key":"War Paint"}],"event_choices":[{"damage_healed":0.0,"max_hp_gain":0.0,"max_hp_loss":0.0,"gold_gain":0.0,"event_name":"Shining Light","player_choice":"Entered Light","floor":3.0,"gold_loss":0.0,"damage_taken":14.0,"cards_upgraded":["Defend_R","Bash"]},{"damage_healed":0.0,"max_hp_gain":5.0,"max_hp_loss":0.0,"gold_gain":0.0,"event_name":"Big Fish","player_choice":"Donut","floor":4.0,"gold_loss":0.0,"damage_taken":0.0},{"cards_removed":["Strike_R"],"damage_healed":0.0,"max_hp_gain":0.0,"max_hp_loss":0.0,"gold_gain":0.0,"event_name":"The Cleric","player_choice":"Card Removal","floor":13.0,"gold_loss":50.0,"damage_taken":0.0},{"damage_healed":0.0,"max_hp_gain":0.0,"max_hp_loss":0.0,"gold_gain":0.0,"event_name":"The Mausoleum","player_choice":"Opened","floor":19.0,"gold_loss":0.0,"damage_taken":0.0,"relics_obtained":["Sundial"],"cards_obtained":["Writhe"]},{"damage_healed":0.0,"max_hp_gain":0.0,"max_hp_loss":0.0,"gold_gain":0.0,"event_name":"Masked Bandits","player_choice":"Fought Bandits","floor":20.0,"gold_loss":0.0,"damage_taken":0.0},{"cards_removed":["Writhe"],"damage_healed":0.0,"max_hp_gain":0.0,"max_hp_loss":0.0,"gold_gain":0.0,"event_name":"Beggar","player_choice":"Gave Gold","floor":21.0,"gold_loss":75.0,"damage_taken":0.0},{"damage_healed":48.0,"max_hp_gain":0.0,"max_hp_loss":0.0,"gold_gain":0.0,"event_name":"Wheel of Change","player_choice":"Full Heal","floor":22.0,"gold_loss":0.0,"damage_taken":0.0},{"damage_healed":0,"gold_gain":0,"player_choice":"Fight","damage_taken":0,"max_hp_gain":0,"max_hp_loss":0,"event_name":"Mysterious Sphere","floor":36,"gold_loss":0},{"cards_removed":["Strike_R"],"damage_healed":0,"gold_gain":0,"player_choice":"Purged","damage_taken":0,"max_hp_gain":0,"max_hp_loss":0,"event_name":"Purifier","floor":38,"gold_loss":0}],"is_beta":true,"boss_relics":[{"not_picked":["Snecko Eye","Pandora\u0027s Box","Runic Dome"]},{"not_picked":["Astrolabe","Eternal Feather"],"picked":"Coffee Dripper"}],"items_purged_floors":[28,37],"is_endless":false,"potions_floor_spawned":[10,12,25,31,33,35,42,47],"ascension_level":0}