{"path_per_floor":["M","?","?","$","M","E","M","R","T","R","E","M","M","M","R","B",null,"M","M","?","$","M","E","M","R","T","$","R","M","E","?","R"],"character_chosen":"DEFECT","items_purchased":["Beam Cell","Flux Capacitor","Go for the Eyes","Axe Kick","Bottled Flame"],"gold_per_floor":[110,110,110,58,79,117,133,133,159,159,197,216,234,249,249,369,369,393,413,513,475,491,526,545,545,545,204,204,227,268,268,268,268],"floor_reached":33,"campfire_rested":1,"playtime":1772,"current_hp_per_floor":[75,42,42,42,42,42,41,41,41,41,49,45,45,41,41,33,79,66,62,62,62,50,50,32,32,32,32,32,36,16,16,39,0],"items_purged":[],"gold":268,"score":347,"play_id":"0778f17a-4525-427e-822c-5f1cbbbd9dd1","local_time":"20180430204656","is_prod":false,"is_daily":false,"chose_seed":false,"is_ascension_mode":false,"campfire_upgraded":5,"timestamp":1525110416,"path_taken":["M","?","?","$","M","E","M","R","T","R","E","M","M","M","R","BOSS","M","M","?","$","M","E","M","R","T","$","R","M","E","?","R","BOSS"],"build_version":"2018-04-27v3","seed_source_timestamp":698855906979661,"purchased_purges":0,"victory":false,"master_deck":["Strike_B","Strike_B","Strike_B","Defend_B","Defend_B","Defend_B","Defend_B","Zap+1","Dualcast","Beam Cell","Skim","All For One+1","Reinforced Body","Loop+1","All For One","Double Energy","Beam Cell+1","Flux Capacitor","Impulse","Go for the Eyes+1","Axe Kick","Go for the Eyes","Machine Learning+1","Melter"],"max_hp_per_floor":[75,75,69,69,69,69,69,69,69,69,79,79,79,79,79,79,79,79,79,79,79,79,79,79,79,79,79,79,79,79,79,79,79],"relics":["Cracked Core","NeowsBlessing","Vajra","Golden Idol","Meat on the Bone","Ancient Tea Set","Pear","Nuclear Battery","Bottled Tornado","Anchor","Bottled Flame","Frozen Egg 2"],"card_choices":[{"not_picked":["Undo","Static Discharge"],"picked":"Skim","floor":5.0},{"not_picked":["Barrage","Seek"],"picked":"All For One","floor":6.0},{"not_picked":["Coolheaded","Aggregate"],"picked":"Reinforced Body","floor":11.0},{"not_picked":["Cold Snap","Leap"],"picked":"Loop","floor":14.0},{"not_picked":["Biased Cognition","Prime"],"picked":"All For One","floor":16.0},{"not_picked":["Ball Lightning","Tempest"],"picked":"Double Energy","floor":18.0},{"not_picked":["Streamline","Buffer"],"picked":"Beam Cell","floor":19.0},{"not_picked":["Leap","Flux Capacitor"],"picked":"Impulse","floor":24.0},{"not_picked":["White Noise","Ball Lightning"],"picked":"Go for the Eyes","floor":29.0},{"not_picked":["Fission","Rebound"],"picked":"Machine Learning","floor":30}],"player_experience":99940,"potions_floor_usage":[],"damage_taken":[{"damage":0.0,"enemies":"Small Slimes","floor":1.0,"turns":1.0},{"damage":0.0,"enemies":"Jaw Worm","floor":5.0,"turns":1.0},{"damage":0.0,"enemies":"Lagavulin","floor":6.0,"turns":1.0},{"damage":1.0,"enemies":"Cultist","floor":7.0,"turns":3.0},{"damage":14.0,"enemies":"3 Sentries","floor":11.0,"turns":5.0},{"damage":4.0,"enemies":"2 Fungi Beasts","floor":12.0,"turns":3.0},{"damage":0.0,"enemies":"3 Louse","floor":13.0,"turns":3.0},{"damage":4.0,"enemies":"Gremlin Gang","floor":14.0,"turns":4.0},{"damage":20.0,"enemies":"The Guardian","floor":16.0,"turns":10.0},{"damage":13.0,"enemies":"2 Thieves","floor":18.0,"turns":3.0},{"damage":4.0,"enemies":"Chosen","floor":19.0,"turns":3.0},{"damage":12.0,"enemies":"Centurion and Healer","floor":22.0,"turns":4.0},{"damage":0.0,"enemies":"Gremlin Leader","floor":23.0,"turns":8.0},{"damage":30.0,"enemies":"Slaver and Parasite","floor":24.0,"turns":5.0},{"damage":8.0,"enemies":"Cultist and Chosen","floor":29.0,"turns":5.0},{"damage":32,"enemies":"Slavers","floor":30,"turns":6},{"damage":57,"enemies":"Automaton","floor":33,"turns":6}],"event_choices":[{"event_name":"Scrap Ooze","player_choice":"success","floor":2.0,"damage_taken":33.0},{"event_name":"Golden Idol","player_choice":"Lose Max HP","floor":3.0,"damage_taken":0.0},{"event_name":"Golden Shrine","player_choice":"Pray","floor":20.0,"damage_taken":0.0},{"event_name":"Transmorgrifier","player_choice":"Transform","floor":31,"damage_taken":0}],"boss_relics":[],"potions_floor_spawned":[5,11,12,18,22],"seed_played":"-2333313939723890872","killed_by":"Automaton","ascension_level":0,"is_trial":false}