{"gold_per_floor":[116,69,89,164,38,38,72,83,133,133,152,170,170,170,170,271,271,271,271,271,271,271,271,271,271,271,44,44,44,44,44,44,44,44,44,44,44,44,44,44,44,44,44,44,44,44,44,44,44,44],"floor_reached":50,"playtime":1683,"items_purged":[],"score":450,"play_id":"f7ca237a-49b9-44b3-891c-9cb620a34e05","local_time":"20190126165755","is_ascension_mode":false,"campfire_choices":[{"data":"Zap","floor":6.0,"key":"SMITH"},{"data":"Echo Form","floor":15.0,"key":"SMITH"},{"data":"Storm","floor":23.0,"key":"SMITH"},{"data":"Self Repair","floor":25.0,"key":"SMITH"},{"data":"Blind","floor":32,"key":"SMITH"},{"data":"Skim","floor":40,"key":"SMITH"},{"data":"Zap","floor":42,"key":"SMITH"},{"data":"Defragment","floor":49,"key":"SMITH"}],"neow_cost":"NONE","seed_source_timestamp":587414556901831,"circlet_count":0,"master_deck":["Strike_B","Strike_B","Strike_B","Defend_B","Defend_B","Defend_B","Defend_B","Zap+1","Dualcast","Ball Lightning","Leap","Conserve Battery","Self Repair+1","Go for the Eyes","Storm+1","Echo Form+1","Blind+1","Zap+1","Reboot","Self Repair","Self Repair","Auto Shields","Electrodynamics","Skim+1","BootSequence+1","Defragment+1"],"special_seed":0,"relics":["Cracked Core","PreservedInsect","Smiling Mask","Ancient Tea Set","Dodecahedron","Ectoplasm","Mercury Hourglass","Oddly Smooth Stone","Busted Crown","Shuriken"],"potions_floor_usage":[33,47,50,50,50],"damage_taken":[{"damage":2.0,"enemies":"2 Louse","floor":1.0,"turns":2.0},{"damage":0.0,"enemies":"Jaw Worm","floor":3.0,"turns":3.0},{"damage":19.0,"enemies":"Lagavulin","floor":7.0,"turns":6.0},{"damage":1.0,"enemies":"Cultist","floor":8.0,"turns":3.0},{"damage":0.0,"enemies":"Exordium Thugs","floor":11.0,"turns":4.0},{"damage":2.0,"enemies":"Large Slime","floor":12.0,"turns":6.0},{"damage":37.0,"enemies":"The Guardian","floor":16.0,"turns":10.0},{"damage":6.0,"enemies":"Chosen","floor":18.0,"turns":3.0},{"damage":17.0,"enemies":"Spheric Guardian","floor":19.0,"turns":4.0},{"damage":18.0,"enemies":"Centurion and Healer","floor":20.0,"turns":7.0},{"damage":10.0,"enemies":"Snake Plant","floor":22.0,"turns":4.0},{"damage":12.0,"enemies":"Sentry and Sphere","floor":28.0,"turns":4.0},{"damage":18.0,"enemies":"Shelled Parasite and Fungi","floor":29.0,"turns":6.0},{"damage":13.0,"enemies":"Snake Plant","floor":30.0,"turns":4.0},{"damage":19.0,"enemies":"3 Cultists","floor":31.0,"turns":5.0},{"damage":51,"enemies":"Automaton","floor":33,"turns":11},{"damage":0,"enemies":"Orb Walker","floor":35,"turns":3},{"damage":0,"enemies":"3 Shapes","floor":38,"turns":2},{"damage":5,"enemies":"Jaw Worm Horde","floor":39,"turns":3},{"damage":0,"enemies":"Sphere and 2 Shapes","floor":44,"turns":3},{"damage":11,"enemies":"Transient","floor":45,"turns":5},{"damage":26,"enemies":"Writhing Mass","floor":47,"turns":5},{"damage":0,"enemies":"Jaw Worm Horde","floor":48,"turns":2},{"damage":91,"enemies":"Time Eater","floor":50,"turns":10}],"seed_played":"-2249686234339070616","potions_obtained":[{"floor":3.0,"key":"FocusPotion"},{"floor":7.0,"key":"Block Potion"},{"floor":11.0,"key":"LiquidBronze"},{"floor":19.0,"key":"PowerPotion"},{"floor":35,"key":"Weak Potion"},{"floor":48,"key":"SteroidPotion"}],"is_trial":false,"path_per_floor":["M","$","M","?","$","R","E","M","T","T","M","M","T","?","R","B",null,"M","M","M","?","M","R","?","R","T","$","M","M","M","M","R","B",null,"M","?","$","M","M","R","?","R","T","M","M","?","M","M","R","B"],"character_chosen":"DEFECT","items_purchased":["Conserve Battery","Self Repair","Go for the Eyes","Oddly Smooth Stone","Self Repair"],"campfire_rested":0,"item_purchase_floors":[2,5,5,27,27],"current_hp_per_floor":[73,73,73,62,62,62,50,56,56,56,63,68,68,68,68,38,75,69,59,48,34,38,38,38,38,38,38,43,49,60,65,65,45,80,80,80,80,80,80,80,80,80,80,80,80,76,74,76,76,0],"gold":44,"neow_bonus":"THREE_CARDS","is_prod":false,"is_daily":false,"chose_seed":false,"campfire_upgraded":8,"win_rate":0,"timestamp":1548514675,"path_taken":["M","$","M","?","$","R","E","M","T","?","M","?","?","?","R","BOSS","M","M","M","?","M","R","?","R","T","?","M","M","?","M","R","BOSS","M","?","$","M","M","R","?","R","T","?","M","?","M","M","R","BOSS"],"build_version":"2019-01-23","purchased_purges":0,"victory":false,"max_hp_per_floor":[75,75,75,75,75,75,75,75,75,75,75,75,75,75,75,75,75,75,75,75,80,80,80,80,80,80,80,80,80,80,80,80,80,80,80,80,80,80,80,80,80,80,80,80,80,76,76,76,76,76],"card_choices":[{"not_picked":["Consume","White Noise"],"picked":"Ball Lightning","floor":0.0},{"not_picked":["Compile Driver","Ball Lightning"],"picked":"Leap","floor":1.0},{"not_picked":["Sweeping Beam","Steam Power","Hello World"],"picked":"SKIP","floor":3.0},{"not_picked":["Blizzard","Steam","Stack"],"picked":"SKIP","floor":7.0},{"not_picked":["Gash","Genetic Algorithm"],"picked":"Storm","floor":8.0},{"not_picked":["Steam","Sweeping Beam","Coolheaded"],"picked":"SKIP","floor":11.0},{"not_picked":["Chill","Compile Driver","Beam Cell"],"picked":"SKIP","floor":12.0},{"not_picked":["All For One","Echo Form"],"picked":"Reboot","floor":16.0},{"not_picked":["White Noise","Coolheaded","Sweeping Beam"],"picked":"SKIP","floor":18.0},{"not_picked":["Redo","Go for the Eyes","Hologram"],"picked":"SKIP","floor":19.0},{"not_picked":["Conserve Battery+1","Rebound"],"picked":"Self Repair","floor":20.0},{"not_picked":["Compile Driver+1","Turbo","Ball Lightning"],"picked":"SKIP","floor":22.0},{"not_picked":["Compile Driver+1","Turbo","Ball Lightning"],"picked":"SKIP","floor":22.0},{"not_picked":["Sweeping Beam","Streamline"],"picked":"Auto Shields","floor":28.0},{"not_picked":["Creative AI","Turbo","Compile Driver"],"picked":"SKIP","floor":29.0},{"not_picked":["Compile Driver","Stack","Redo"],"picked":"SKIP","floor":30.0},{"not_picked":["Compile Driver+1","Genetic Algorithm+1","Steam Power"],"picked":"SKIP","floor":31},{"not_picked":["Echo Form","Amplify"],"picked":"Electrodynamics","floor":33},{"not_picked":["Redo+1"],"picked":"SKIP","floor":35},{"not_picked":[],"picked":"Skim","floor":38},{"not_picked":[],"picked":"BootSequence+1","floor":39},{"not_picked":[],"picked":"Defragment","floor":44},{"not_picked":["Recycle"],"picked":"SKIP","floor":45},{"not_picked":["Sweeping Beam"],"picked":"SKIP","floor":47},{"not_picked":["Go for the Eyes"],"picked":"SKIP","floor":48}],"player_experience":577204,"relics_obtained":[{"floor":7.0,"key":"PreservedInsect"},{"floor":9.0,"key":"Smiling Mask"},{"floor":10.0,"key":"Ancient Tea Set"},{"floor":13.0,"key":"Dodecahedron"},{"floor":26.0,"key":"Mercury Hourglass"},{"floor":43,"key":"Shuriken"}],"event_choices":[{"damage_healed":0.0,"max_hp_gain":0.0,"max_hp_loss":0.0,"gold_gain":75.0,"event_name":"World of Goop","player_choice":"Gather Gold","floor":4.0,"gold_loss":0.0,"damage_taken":11.0},{"damage_healed":0.0,"max_hp_gain":0.0,"max_hp_loss":0.0,"gold_gain":0.0,"event_name":"Match and Keep!","player_choice":"3 cards matched","floor":14.0,"gold_loss":0.0,"damage_taken":0.0,"cards_obtained":["Echo Form","Blind","Zap"]},{"damage_healed":0.0,"max_hp_gain":5.0,"max_hp_loss":0.0,"gold_gain":0.0,"event_name":"Forgotten Altar","player_choice":"Shed Blood","floor":21.0,"gold_loss":0.0,"damage_taken":19.0},{"damage_healed":0.0,"max_hp_gain":0.0,"max_hp_loss":0.0,"gold_gain":99.0,"event_name":"Nest","player_choice":"Stole From Cult","floor":24.0,"gold_loss":0.0,"damage_taken":0.0},{"cards_removed":["Strike_B"],"damage_healed":0,"gold_gain":0,"player_choice":"Removed Attack","damage_taken":0,"max_hp_gain":0,"max_hp_loss":0,"event_name":"Falling","floor":36,"gold_loss":0},{"damage_healed":0,"gold_gain":0,"player_choice":"0 cards matched","damage_taken":0,"max_hp_gain":0,"max_hp_loss":0,"event_name":"Match and Keep!","floor":41,"gold_loss":0,"cards_obtained":[]},{"damage_healed":0,"gold_gain":0,"player_choice":"Max HP","damage_taken":0,"max_hp_gain":0,"max_hp_loss":4,"event_name":"Winding Halls","floor":46,"gold_loss":0}],"is_beta":false,"boss_relics":[{"not_picked":["Tiny House","Snecko Eye"],"picked":"Ectoplasm"},{"not_picked":["Lizard Tail","Empty Cage"],"picked":"Busted Crown"}],"items_purged_floors":[],"is_endless":false,"potions_floor_spawned":[3,7,11,18,19,31,35,38,45,48],"killed_by":"Time Eater","ascension_level":0}