{"gold_per_floor":[109,121,121,296,312,338,369,381,393,424,449,461,473,485,497,610,672,703,715,745,757,782,794,821,833,845,857,879,891,923,947,959,1075,1087,1117,484,484,484,759,759,779,779,779,134,164,184,196,215,215,215],"floor_reached":51,"playtime":1957,"items_purged":["Strike_B","Regret"],"score":756,"play_id":"5c6c8f80-7015-47b4-9b29-7762de913c62","local_time":"20190728130736","is_ascension_mode":false,"campfire_choices":[{"data":"Zap","floor":8.0,"key":"SMITH"},{"data":"Defragment","floor":12.0,"key":"SMITH"},{"data":"Hologram","floor":15.0,"key":"SMITH"},{"data":"Dualcast","floor":23.0,"key":"SMITH"},{"data":"Recycle","floor":25.0,"key":"SMITH"},{"data":"Chaos","floor":27.0,"key":"SMITH"},{"floor":32.0,"key":"REST"},{"data":"1","floor":40.0,"key":"LIFT"},{"data":"2","floor":42.0,"key":"LIFT"},{"floor":49,"key":"REST"}],"neow_cost":"NONE","seed_source_timestamp":118500360204,"circlet_count":0,"master_deck":["Strike_B","Defend_B","Defend_B","Defend_B","Defend_B","Zap+1","Dualcast+1","Hologram+1","Defragment+1","Ball Lightning","Rebound","Glacier","Leap","Capacitor+1","Stack","Recycle+1","Turbo+1","Skim","Chaos+1","Tempest+1","Double Energy","Creative AI","Consume","FTL+1","Tempest","Consume","White Noise+1","Coolheaded+1"],"special_seed":0,"relics":["Cracked Core","NeowsBlessing","MawBank","Blood Vial","Tiny House","Nilry\u0027s Codex","Art of War","Velvet Choker","Girya","Bottled Lightning","Sundial","Potion Belt","Cauldron","Darkstone Periapt"],"potions_floor_usage":[44,50,50,50,50,50],"damage_taken":[{"damage":0.0,"enemies":"2 Louse","floor":1.0,"turns":1.0},{"damage":0.0,"enemies":"Jaw Worm","floor":2.0,"turns":1.0},{"damage":0.0,"enemies":"Cultist","floor":5.0,"turns":1.0},{"damage":25.0,"enemies":"3 Sentries","floor":6.0,"turns":5.0},{"damage":5.0,"enemies":"Large Slime","floor":7.0,"turns":4.0},{"damage":0.0,"enemies":"2 Fungi Beasts","floor":10.0,"turns":3.0},{"damage":7.0,"enemies":"Blue Slaver","floor":11.0,"turns":3.0},{"damage":16.0,"enemies":"Hexaghost","floor":16.0,"turns":11.0},{"damage":5.0,"enemies":"Chosen","floor":18.0,"turns":5.0},{"damage":20.0,"enemies":"Spheric Guardian","floor":20.0,"turns":4.0},{"damage":5.0,"enemies":"Centurion and Healer","floor":22.0,"turns":9.0},{"damage":20.0,"enemies":"Snake Plant","floor":24.0,"turns":6.0},{"damage":2.0,"enemies":"Snecko","floor":28.0,"turns":6.0},{"damage":21.0,"enemies":"Centurion and Healer","floor":30.0,"turns":6.0},{"damage":16.0,"enemies":"Snake Plant","floor":31.0,"turns":2.0},{"damage":18.0,"enemies":"Champ","floor":33.0,"turns":8.0},{"damage":7.0,"enemies":"3 Shapes","floor":35.0,"turns":4.0},{"damage":6.0,"enemies":"Orb Walker","floor":41.0,"turns":3.0},{"damage":10,"enemies":"Nemesis","floor":45,"turns":7},{"damage":0,"enemies":"Sphere and 2 Shapes","floor":46,"turns":5},{"damage":15,"enemies":"Transient","floor":47,"turns":5},{"damage":9,"enemies":"Writhing Mass","floor":48,"turns":6},{"damage":53,"enemies":"Donu and Deca","floor":50,"turns":8}],"seed_played":"-4630565958972059194","potions_obtained":[{"floor":1.0,"key":"LiquidBronze"},{"floor":5.0,"key":"Block Potion"},{"floor":7.0,"key":"EssenceOfSteel"},{"floor":11.0,"key":"Dexterity Potion"},{"floor":17.0,"key":"FearPotion"},{"floor":24.0,"key":"SkillPotion"},{"floor":29.0,"key":"EntropicBrew"},{"floor":29.0,"key":"PowerPotion"},{"floor":31.0,"key":"Block Potion"},{"floor":33.0,"key":"FearPotion"},{"floor":35.0,"key":"SteroidPotion"},{"floor":44,"key":"Fruit Juice"},{"floor":44,"key":"LiquidBronze"},{"floor":44,"key":"GamblersBrew"},{"floor":44,"key":"EssenceOfSteel"},{"floor":44,"key":"GamblersBrew"},{"floor":48,"key":"PowerPotion"}],"is_trial":false,"path_per_floor":["M","M","?","?","M","E","M","R","T","M","M","R","?","?","R","B",null,"M","?","M","?","M","R","M","R","T","R","M","?","M","M","R","B",null,"M","$","?","?","?","R","M","R","T","$","E","M","M","M","R","B",null],"character_chosen":"DEFECT","items_purchased":["Girya","Bottled Lightning","FocusPotion","Potion Belt","Cauldron","Tempest","Consume"],"campfire_rested":2,"item_purchase_floors":[36,36,44,44,44,44,44],"current_hp_per_floor":[75,75,80,80,80,55,50,50,50,52,47,47,47,40,40,26,85,80,64,46,95,90,90,72,72,72,72,72,72,53,39,67,51,95,88,88,88,88,88,88,84,84,84,89,81,83,70,63,91,40],"gold":215,"neow_bonus":"THREE_ENEMY_KILL","is_prod":false,"is_daily":false,"chose_seed":false,"campfire_upgraded":6,"win_rate":0,"timestamp":1564340856,"path_taken":["M","M","?","?","M","E","?","R","T","M","?","R","?","?","R","BOSS","M","?","M","?","M","R","M","R","T","R","?","?","?","M","R","BOSS","M","$","?","?","?","R","?","R","T","$","E","M","M","M","R","BOSS"],"build_version":"2019-07-17","purchased_purges":2,"victory":true,"max_hp_per_floor":[75,75,80,80,80,80,80,80,80,80,80,80,80,80,80,80,85,85,85,85,95,95,95,95,95,95,95,95,95,95,95,95,95,95,95,95,95,90,90,90,90,90,90,95,95,95,95,95,95,95],"card_choices":[{"not_picked":["Genetic Algorithm","Stack"],"picked":"Hologram","floor":1.0},{"not_picked":["Capacitor","Compile Driver"],"picked":"Defragment","floor":2.0},{"not_picked":["Cold Snap","Rebound"],"picked":"Ball Lightning","floor":5.0},{"not_picked":["Melter","Go for the Eyes"],"picked":"Rebound","floor":6.0},{"not_picked":["Sweeping Beam","Reprogram"],"picked":"Glacier","floor":7.0},{"not_picked":["Chill","Auto Shields"],"picked":"Leap","floor":10.0},{"not_picked":["Chill","Hologram"],"picked":"Capacitor","floor":11.0},{"not_picked":["Amplify","Buffer"],"picked":"Creative AI","floor":16.0},{"not_picked":["Go for the Eyes","Streamline"],"picked":"Recycle","floor":17.0},{"not_picked":["Barrage","Chill","Compile Driver"],"picked":"SKIP","floor":18.0},{"not_picked":["Creative AI","Scrape"],"picked":"Turbo+1","floor":20.0},{"not_picked":["Steam Power","Loop"],"picked":"Skim","floor":22.0},{"not_picked":["Conserve Battery","Static Discharge"],"picked":"Chaos","floor":24.0},{"not_picked":["Rip and Tear","Conserve Battery"],"picked":"Tempest+1","floor":28.0},{"not_picked":["Barrage","Cold Snap"],"picked":"Double Energy","floor":30.0},{"not_picked":["Steam+1","Beam Cell","Coolheaded"],"picked":"SKIP","floor":31.0},{"not_picked":["Amplify","Meteor Strike"],"picked":"Creative AI","floor":33.0},{"not_picked":["Go for the Eyes+1","Double Energy+1"],"picked":"Consume","floor":35.0},{"not_picked":["Stack","Heatsinks+1"],"picked":"FTL+1","floor":41.0},{"not_picked":["Force Field","Go for the Eyes+1"],"picked":"White Noise+1","floor":45},{"not_picked":["Beam Cell","Sunder","Gash"],"picked":"SKIP","floor":46},{"not_picked":["Genetic Algorithm","Barrage+1"],"picked":"Coolheaded+1","floor":47},{"not_picked":["Beam Cell+1","Double Energy+1","BootSequence"],"picked":"SKIP","floor":48}],"player_experience":1565562,"relics_obtained":[{"floor":6.0,"key":"MawBank"},{"floor":9.0,"key":"Blood Vial"},{"floor":19.0,"key":"Nilry\u0027s Codex"},{"floor":26.0,"key":"Art of War"},{"floor":43.0,"key":"Sundial"},{"floor":45,"key":"Darkstone Periapt"}],"event_choices":[{"damage_healed":0.0,"max_hp_gain":5.0,"max_hp_loss":0.0,"gold_gain":0.0,"event_name":"Big Fish","player_choice":"Donut","floor":3.0,"gold_loss":0.0,"damage_taken":0.0},{"damage_healed":0.0,"max_hp_gain":0.0,"max_hp_loss":0.0,"gold_gain":175.0,"event_name":"Liars Game","player_choice":"AGREE","floor":4.0,"gold_loss":0.0,"damage_taken":0.0,"cards_obtained":["Doubt"]},{"damage_healed":0.0,"max_hp_gain":0.0,"max_hp_loss":0.0,"gold_gain":0.0,"cards_transformed":["Strike_B"],"event_name":"Living Wall","player_choice":"Change","floor":13.0,"gold_loss":0.0,"damage_taken":0.0,"cards_obtained":["Stack"]},{"cards_removed":["Doubt"],"damage_healed":0.0,"max_hp_gain":0.0,"max_hp_loss":0.0,"gold_gain":0.0,"event_name":"Golden Wing","player_choice":"Card Removal","floor":14.0,"gold_loss":0.0,"damage_taken":7.0},{"damage_healed":0.0,"max_hp_gain":0.0,"max_hp_loss":0.0,"gold_gain":0.0,"event_name":"Cursed Tome","player_choice":"Obtained Book","floor":19.0,"gold_loss":0.0,"damage_taken":16.0},{"cards_removed":["Creative AI"],"damage_healed":39.0,"max_hp_gain":10.0,"max_hp_loss":0.0,"gold_gain":0.0,"event_name":"Bonfire Elementals","player_choice":"Offered Rare","floor":21.0,"gold_loss":0.0,"damage_taken":0.0},{"damage_healed":0.0,"max_hp_gain":0.0,"max_hp_loss":0.0,"gold_gain":0.0,"event_name":"Lab","player_choice":"Got Potions","floor":29.0,"gold_loss":0.0,"damage_taken":0.0},{"cards_removed":["Strike_B"],"damage_healed":0.0,"max_hp_gain":0.0,"max_hp_loss":0.0,"gold_gain":0.0,"event_name":"Falling","player_choice":"Removed Attack","floor":37.0,"gold_loss":0.0,"damage_taken":0.0},{"damage_healed":0.0,"max_hp_gain":0.0,"max_hp_loss":5.0,"gold_gain":0.0,"event_name":"Winding Halls","player_choice":"Max HP","floor":38.0,"gold_loss":0.0,"damage_taken":0.0},{"damage_healed":0.0,"max_hp_gain":0.0,"max_hp_loss":0.0,"gold_gain":275.0,"event_name":"Golden Shrine","player_choice":"Desecrate","floor":39.0,"gold_loss":0.0,"damage_taken":0.0,"cards_obtained":["Regret"]}],"is_beta":false,"boss_relics":[{"not_picked":["Lizard Tail","Eternal Feather"],"picked":"Tiny House"},{"not_picked":["Calling Bell","Pandora\u0027s Box"],"picked":"Velvet Choker"}],"items_purged_floors":[36,44],"is_endless":false,"potions_floor_spawned":[1,5,7,11,24,31,33,35,48],"ascension_level":0}