{"path_per_floor":["M","M","?","M","?","E","$","M","T","M","M","R","E","M","R","B",null,"M","M","?","M","$","?","M","?","T","?","E","M","E","M","R","B",null,"M","M","$","?","?","R","M","?","T","R","?","$","?","$","R","B"],"character_chosen":"IRONCLAD","items_purchased":["Gremlin Horn","Lantern","Battle Trance+1","Apotheosis+1","Shrug It Off+1","Perfected Strike"],"gold_per_floor":[115,132,132,144,319,345,9,20,96,109,128,128,156,172,172,272,272,285,305,305,317,160,160,172,97,97,97,132,147,180,198,198,298,298,313,326,288,288,288,288,302,302,325,325,373,197,197,129,129,129],"floor_reached":51,"campfire_rested":0,"playtime":1496,"item_purchase_floors":[],"current_hp_per_floor":[72,72,72,72,72,67,67,62,62,66,66,66,39,48,48,10,72,58,57,36,36,36,36,36,36,36,36,36,36,36,33,33,21,36,34,36,36,31,31,31,34,34,41,41,43,43,43,43,43,15],"items_purged":["Doubt"],"gold":129,"score":796,"play_id":"651a95d5-8f8f-4150-bd0f-dea2e407c84f","local_time":"20180616204509","is_prod":false,"is_daily":false,"chose_seed":false,"is_ascension_mode":false,"campfire_upgraded":6,"win_rate":0,"timestamp":1529171109,"campfire_choices":[{"data":"Inflame","floor":12.0,"key":"SMITH"},{"data":"Bash","floor":15.0,"key":"SMITH"},{"data":"Flame Barrier","floor":32.0,"key":"SMITH"},{"data":"Ghostly","floor":40.0,"key":"SMITH"},{"data":"Ghostly","floor":44.0,"key":"SMITH"},{"data":"Ghostly","floor":49.0,"key":"SMITH"}],"path_taken":["M","M","?","M","?","E","$","M","T","M","M","R","E","M","R","BOSS","M","M","?","M","$","?","M","?","T","?","E","M","E","M","R","BOSS","M","M","$","?","?","R","M","?","T","R","?","?","?","$","R","BOSS"],"build_version":"2018-06-14v2","seed_source_timestamp":0,"purchased_purges":1,"victory":true,"master_deck":["Strike_R","Strike_R","Strike_R","Strike_R","Strike_R","Defend_R","Defend_R","Defend_R","Bash+1","Perfected Strike","Perfected Strike","Twin Strike","Inflame+1","Perfected Strike","Shrug It Off","Fiend Fire","Spot Weakness+1","Shrug It Off+1","Ghostly+1","Ghostly+1","Ghostly+1","Ghostly","Flame Barrier+1","Dark Shackles","Ghostly Armor","Armaments+1","Double Tap+1","Armaments+1","Limit Break+1","Pommel Strike","Battle Trance+1","Madness+1","Madness+1","Inflame+1","Double Tap+1","Apotheosis+1","Shrug It Off+1","Perfected Strike"],"max_hp_per_floor":[72,72,72,72,72,72,72,72,72,72,72,72,72,72,72,72,72,72,72,36,36,36,36,36,36,36,36,36,36,36,36,36,36,36,36,36,36,36,36,36,36,36,43,43,43,43,43,43,43,43],"special_seed":0,"relics":["Burning Blood","Magic Flower","Charon\u0027s Ashes","Gremlin Horn","Question Card","Juzu Bracelet","Velvet Choker","Lantern","Bottled Tornado","Toxic Egg 2","Paper Frog","Mark of Pain","Strawberry","Torii","Spirit Poop"],"card_choices":[{"not_picked":["Disarm","Havoc"],"picked":"Perfected Strike","floor":1.0},{"not_picked":["Thunderclap","True Grit"],"picked":"Perfected Strike","floor":2.0},{"not_picked":["Feel No Pain","Sentinel"],"picked":"Twin Strike","floor":4.0},{"not_picked":["Sword Boomerang","Reckless Charge","Hemokinesis"],"picked":"SKIP","floor":6.0},{"not_picked":["Cleave","Iron Wave"],"picked":"Inflame","floor":8.0},{"not_picked":["Clash","Heavy Blade","Warcry","Dual Wield"],"picked":"SKIP","floor":10.0},{"not_picked":["Juggernaut","Twin Strike","Bloodletting"],"picked":"Perfected Strike","floor":11.0},{"not_picked":["Intimidate","Flex","Heavy Blade","Body Slam"],"picked":"SKIP","floor":13.0},{"not_picked":["Perfected Strike","Clash","Flex"],"picked":"Shrug It Off","floor":14.0},{"not_picked":["Dark Embrace","Immolate","Impervious"],"picked":"Fiend Fire","floor":16.0},{"not_picked":["Hemokinesis+1","Sword Boomerang","Blood for Blood"],"picked":"Spot Weakness","floor":18.0},{"not_picked":["Sentinel","Carnage","Armaments"],"picked":"Shrug It Off+1","floor":19.0},{"not_picked":["Clothesline+1","True Grit+1","Warcry"],"picked":"Flame Barrier","floor":21.0},{"not_picked":["True Grit","Carnage+1","Thunderclap"],"picked":"Ghostly Armor","floor":24.0},{"not_picked":["Seeing Red","Clothesline","Perfected Strike"],"picked":"Armaments+1","floor":28.0},{"not_picked":["Rupture+1","Heavy Blade","True Grit+1","Flex+1"],"picked":"SKIP","floor":29.0},{"not_picked":["Hemokinesis","Anger","Sentinel+1"],"picked":"Double Tap+1","floor":30.0},{"not_picked":["Iron Wave+1","Headbutt","True Grit+1"],"picked":"Armaments+1","floor":31.0},{"not_picked":["Fiend Fire","Impervious+1","Dark Embrace"],"picked":"Limit Break+1","floor":33.0},{"not_picked":["Bloodletting+1","Flex+1","Cleave+1","Body Slam+1"],"picked":"SKIP","floor":35.0},{"not_picked":["Disarm+1","Wild Strike","Cleave"],"picked":"Pommel Strike","floor":36.0},{"not_picked":["Havoc+1","Flex+1","Cleave","Body Slam+1"],"picked":"SKIP","floor":41.0},{"not_picked":["Heavy Blade+1","Carnage","Clothesline+1"],"picked":"Double Tap+1","floor":45.0}],"player_experience":136638,"potions_floor_usage":[50,50,50],"damage_taken":[{"damage":6.0,"enemies":"Cultist","floor":1.0,"turns":3.0},{"damage":6.0,"enemies":"Jaw Worm","floor":2.0,"turns":3.0},{"damage":3.0,"enemies":"Small Slimes","floor":4.0,"turns":3.0},{"damage":14.0,"enemies":"Gremlin Nob","floor":6.0,"turns":3.0},{"damage":14.0,"enemies":"3 Louse","floor":8.0,"turns":3.0},{"damage":5.0,"enemies":"Looter","floor":10.0,"turns":2.0},{"damage":9.0,"enemies":"2 Fungi Beasts","floor":11.0,"turns":4.0},{"damage":36.0,"enemies":"Lagavulin","floor":13.0,"turns":4.0},{"damage":0.0,"enemies":"3 Louse","floor":14.0,"turns":2.0},{"damage":47.0,"enemies":"Hexaghost","floor":16.0,"turns":8.0},{"damage":23.0,"enemies":"Shell Parasite","floor":18.0,"turns":3.0},{"damage":10.0,"enemies":"Spheric Guardian","floor":19.0,"turns":3.0},{"damage":1.0,"enemies":"Chosen and Byrds","floor":21.0,"turns":5.0},{"damage":5.0,"enemies":"Cultist and Chosen","floor":24.0,"turns":3.0},{"damage":0.0,"enemies":"Slavers","floor":28.0,"turns":4.0},{"damage":0.0,"enemies":"Snake Plant","floor":29.0,"turns":3.0},{"damage":5.0,"enemies":"Book of Stabbing","floor":30.0,"turns":5.0},{"damage":12.0,"enemies":"Slaver and Parasite","floor":31.0,"turns":4.0},{"damage":21.0,"enemies":"Collector","floor":33.0,"turns":13.0},{"damage":11.0,"enemies":"Orb Walker","floor":35.0,"turns":3.0},{"damage":0.0,"enemies":"3 Darklings","floor":36.0,"turns":5.0},{"damage":6.0,"enemies":"4 Shapes","floor":41.0,"turns":3.0},{"damage":4.0,"floor":45.0,"turns":4.0},{"damage":50,"enemies":"Time Eater","floor":50,"turns":9}],"relics_obtained":[{"floor":6.0,"key":"Charon\u0027s Ashes"},{"floor":9.0,"key":"Question Card"},{"floor":13.0,"key":"Juzu Bracelet"},{"floor":26.0,"key":"Bottled Tornado"},{"floor":28.0,"key":"Toxic Egg 2"},{"floor":30.0,"key":"Paper Frog"},{"floor":43.0,"key":"Strawberry"},{"floor":45.0,"key":"Torii"}],"event_choices":[{"event_name":"Golden Wing","player_choice":"Ignored","floor":3.0,"damage_taken":0.0},{"event_name":"Liars Game","player_choice":"agreed","floor":5.0,"damage_taken":0.0},{"event_name":"Ghosts","player_choice":"Became a Ghost","floor":20.0,"damage_taken":0.0},{"event_name":"Transmorgrifier","player_choice":"Transform","floor":23.0,"damage_taken":0.0},{"event_name":"Beggar","player_choice":"Gave Gold","floor":25.0,"damage_taken":0.0},{"event_name":"Accursed Blacksmith","player_choice":"Forge","floor":27.0,"damage_taken":0.0},{"event_name":"Winding Halls","player_choice":"Embrace Madness","floor":38.0,"damage_taken":0.0},{"event_name":"Tomb of Lord Red Mask","player_choice":"Ignored","floor":39.0,"damage_taken":0.0},{"event_name":"Duplicator","player_choice":"One dupe","floor":42.0,"damage_taken":0.0},{"event_name":"Mysterious Sphere","player_choice":"Fight","floor":45.0,"damage_taken":0.0},{"event_name":"Bonfire Elementals","player_choice":"CURSE","floor":47.0,"damage_taken":0.0}],"boss_relics":[{"not_picked":["Fusion Hammer","White Beast Statue"],"picked":"Velvet Choker"},{"not_picked":["Empty Cage","Astrolabe"],"picked":"Mark of Pain"}],"items_purged_floors":[],"is_endless":false,"potions_floor_spawned":[2,4,10,13,16,21,24,31,33,41],"seed_played":"5045797618159893818","ascension_level":0,"potions_obtained":[{"floor":2.0,"key":"PowerPotion"},{"floor":4.0,"key":"Regen Potion"},{"floor":10.0,"key":"GamblersBrew"},{"floor":13.0,"key":"SpeedPotion"},{"floor":16.0,"key":"Weak Potion"},{"floor":41.0,"key":"Strength Potion"}],"is_trial":false}