{"gold_per_floor":[109,109,121,133,148,148,159,159,159,159,171,171,185,133,133,236,236,250,268,287,130,141,168,13,13,89,120,120,120,131,142,142,244,244,261,483,319,334,334,363,363,363,363,373,373,373,41,57,57,57],"floor_reached":51,"playtime":1499,"items_purged":["Strike_R"],"score":689,"play_id":"c2172a81-af20-4c71-bbd5-cb6707f805b8","local_time":"20190107024641","is_ascension_mode":false,"campfire_choices":[{"data":"Juggernaut","floor":6,"key":"SMITH"},{"data":"Metallicize","floor":10,"key":"SMITH"},{"data":"Defend_R","floor":12,"key":"SMITH"},{"data":"Iron Wave","floor":15,"key":"SMITH"},{"data":"Juggernaut","floor":25,"key":"SMITH"},{"data":"Battle Trance","floor":29,"key":"SMITH"},{"data":"Armaments","floor":32,"key":"SMITH"},{"floor":42,"key":"REST"},{"data":"Flame Barrier","floor":45,"key":"SMITH"},{"data":"Entrench","floor":49,"key":"SMITH"}],"neow_cost":"TEN_PERCENT_HP_LOSS","seed_source_timestamp":247194332768901,"circlet_count":0,"master_deck":["Strike_R+1","Strike_R+1","Defend_R","Defend_R","Defend_R","Defend_R+1","Bash","Juggernaut+1","Metallicize+1","Iron Wave+1","Juggernaut+1","Battle Trance+1","Armaments+1","Shrug It Off","Ghostly Armor+1","Shrug It Off+1","Shockwave","Deep Breath","Flame Barrier+1","Entrench+1"],"relics":["Burning Blood","Pocketwatch","Sozu","Bronze Scales","Red Mask","Anchor","Bottled Lightning","Pear","Orrery","Girya","Whetstone","Bird Faced Urn"],"potions_floor_usage":[7,11,16,22],"damage_taken":[{"damage":5,"enemies":"Cultist","floor":1,"turns":5},{"damage":2,"enemies":"Small Slimes","floor":3,"turns":4},{"damage":9,"enemies":"Jaw Worm","floor":4,"turns":4},{"damage":8,"enemies":"2 Fungi Beasts","floor":5,"turns":4},{"damage":2,"enemies":"3 Louse","floor":7,"turns":4},{"damage":5,"enemies":"Gremlin Gang","floor":11,"turns":3},{"damage":3,"enemies":"2 Fungi Beasts","floor":13,"turns":4},{"damage":26,"enemies":"Hexaghost","floor":16,"turns":9},{"damage":0,"enemies":"Spheric Guardian","floor":18,"turns":3},{"damage":1,"enemies":"Chosen","floor":19,"turns":4},{"damage":11,"enemies":"Snecko","floor":20,"turns":4},{"damage":0,"enemies":"Centurion and Healer","floor":22,"turns":6},{"damage":15,"enemies":"Masked Bandits","floor":23,"turns":3},{"damage":33,"enemies":"Book of Stabbing","floor":27,"turns":5},{"damage":2,"enemies":"3 Cultists","floor":30,"turns":4},{"damage":8,"enemies":"Snake Plant","floor":31,"turns":3},{"damage":42,"enemies":"Collector","floor":33,"turns":9},{"damage":5,"enemies":"3 Darklings","floor":35,"turns":4},{"damage":0,"enemies":"3 Shapes","floor":38,"turns":5},{"damage":41,"enemies":"Nemesis","floor":40,"turns":9},{"damage":0,"enemies":"Sphere and 2 Shapes","floor":44,"turns":4},{"damage":13,"enemies":"Jaw Worm Horde","floor":48,"turns":6},{"damage":11,"enemies":"Time Eater","floor":50,"turns":9}],"seed_played":"8670162178937092002","potions_obtained":[{"floor":3,"key":"Block Potion"},{"floor":4,"key":"SpeedPotion"},{"floor":5,"key":"Block Potion"},{"floor":7,"key":"Explosive Potion"}],"is_trial":false,"path_per_floor":["M","$","M","M","M","R","M","?","T","R","M","R","M","$","R","B",null,"M","M","M","$","M","?","$","R","T","E","?","R","M","M","R","B",null,"M","?","$","M","?","E","?","R","T","M","R","?","$","M","R","B",null],"character_chosen":"IRONCLAD","items_purchased":["Iron Wave","Bronze Scales","Anchor","Shrug It Off","Shockwave","Bird Faced Urn","Entrench"],"campfire_rested":1,"item_purchase_floors":[14,21,24,37,37,47,47],"current_hp_per_floor":[72,72,72,69,67,67,71,71,71,71,72,72,72,72,72,52,72,72,72,67,67,72,63,63,63,63,46,46,46,50,48,48,12,82,82,82,82,82,82,47,47,71,71,77,77,77,77,76,76,77],"gold":57,"neow_bonus":"THREE_RARE_CARDS","is_prod":false,"is_daily":false,"chose_seed":false,"campfire_upgraded":9,"win_rate":0,"timestamp":1546822001,"path_taken":["M","$","M","?","M","R","M","?","T","R","M","R","M","$","R","BOSS","M","M","M","$","M","?","$","R","T","E","?","R","?","M","R","BOSS","M","?","$","M","?","E","?","R","T","?","R","?","$","M","R","BOSS"],"build_version":"2019-01-03v4","purchased_purges":1,"victory":true,"max_hp_per_floor":[72,72,72,72,72,72,72,72,72,72,72,72,72,72,72,72,72,72,72,72,72,72,72,72,72,72,82,82,82,82,82,82,82,82,82,82,82,82,82,82,82,82,82,82,82,82,82,82,82,82],"card_choices":[{"not_picked":["Offering","Double Tap"],"picked":"Juggernaut","floor":0},{"not_picked":["Pommel Strike","Warcry","Heavy Blade"],"picked":"SKIP","floor":1},{"not_picked":["Uppercut","Rupture"],"picked":"Metallicize","floor":3},{"not_picked":["Bloodletting","Sword Boomerang","Headbutt"],"picked":"SKIP","floor":4},{"not_picked":["Heavy Blade","Havoc","Second Wind"],"picked":"SKIP","floor":5},{"not_picked":["Warcry","Rage","Metallicize"],"picked":"SKIP","floor":7},{"not_picked":["Flex","Fire Breathing","Fiend Fire"],"picked":"SKIP","floor":11},{"not_picked":["Reckless Charge","Dropkick","Clothesline"],"picked":"SKIP","floor":13},{"not_picked":["Brutality","Double Tap"],"picked":"Juggernaut","floor":16},{"not_picked":["Sentinel","Thunderclap","Blood for Blood"],"picked":"SKIP","floor":18},{"not_picked":["Clash","Perfected Strike"],"picked":"Battle Trance","floor":19},{"not_picked":["Shockwave","Pommel Strike","Wild Strike"],"picked":"SKIP","floor":20},{"not_picked":["Feed","Second Wind","Twin Strike"],"picked":"SKIP","floor":22},{"not_picked":["Wild Strike","Battle Trance","Heavy Blade"],"picked":"SKIP","floor":27},{"not_picked":["Anger+1","Sword Boomerang","Sever Soul"],"picked":"SKIP","floor":30},{"not_picked":["Pommel Strike","Cleave"],"picked":"Armaments","floor":31},{"not_picked":["Clothesline","Headbutt+1"],"picked":"Shrug It Off","floor":34},{"not_picked":["Havoc+1","Clash+1"],"picked":"Ghostly Armor+1","floor":35},{"not_picked":["Wild Strike","Headbutt","Heavy Blade"],"picked":"SKIP","floor":38},{"not_picked":["Trip","Secret Technique"],"picked":"Deep Breath","floor":39},{"not_picked":["Havoc+1","Twin Strike","Clash"],"picked":"SKIP","floor":40},{"not_picked":["Pummel","Intimidate+1"],"picked":"Flame Barrier","floor":44},{"not_picked":["Havoc+1","Thunderclap","Headbutt"],"picked":"SKIP","floor":48}],"player_experience":543335,"relics_obtained":[{"floor":9,"key":"Pocketwatch"},{"floor":23,"key":"Red Mask"},{"floor":26,"key":"Bottled Lightning"},{"floor":27,"key":"Pear"},{"floor":40,"key":"Girya"},{"floor":43,"key":"Whetstone"}],"event_choices":[{"cards_removed":["Strike_R"],"damage_healed":0,"gold_gain":0,"player_choice":"Card Removal","damage_taken":0,"max_hp_gain":0,"max_hp_loss":0,"event_name":"Wheel of Change","floor":8,"gold_loss":0},{"damage_healed":0,"gold_gain":0,"player_choice":"Fought Bandits","damage_taken":0,"max_hp_gain":0,"max_hp_loss":0,"event_name":"Masked Bandits","floor":23,"gold_loss":0},{"cards_removed":["Strike_R"],"damage_healed":0,"gold_gain":0,"player_choice":"Purged","damage_taken":0,"max_hp_gain":0,"max_hp_loss":0,"event_name":"Purifier","floor":28,"gold_loss":0},{"damage_healed":0,"gold_gain":222,"player_choice":"Wore Mask","damage_taken":0,"max_hp_gain":0,"max_hp_loss":0,"event_name":"Tomb of Lord Red Mask","floor":36,"gold_loss":0},{"damage_healed":0,"gold_gain":0,"player_choice":"Memory 1","damage_taken":0,"max_hp_gain":0,"max_hp_loss":0,"event_name":"SensoryStone","floor":39,"gold_loss":0},{"damage_healed":0,"gold_gain":0,"player_choice":"Forge","damage_taken":0,"max_hp_gain":0,"max_hp_loss":0,"event_name":"Accursed Blacksmith","floor":41,"gold_loss":0,"cards_upgraded":["Shrug It Off"]},{"damage_healed":0,"gold_gain":0,"player_choice":"Ignored","damage_taken":0,"max_hp_gain":0,"max_hp_loss":0,"event_name":"SecretPortal","floor":46,"gold_loss":0}],"is_beta":false,"boss_relics":[{"not_picked":["Ectoplasm","Fusion Hammer"],"picked":"Sozu"},{"not_picked":["Empty Cage","Black Blood"],"picked":"Orrery"}],"items_purged_floors":[37],"is_endless":false,"potions_floor_spawned":[3,4,5,7,18,27,31,33,38,44,48],"ascension_level":0}