{"gold_per_floor":[110,41,52,52,52,85,85,85,139,155,174,199,199,239,239,368,368,382,142,163,187,203,203],"floor_reached":23,"playtime":2036,"items_purged":["Strike_R"],"score":254,"play_id":"f2bf1399-91f2-4c7c-94ef-da2135cb2d78","local_time":"20190713094002","is_ascension_mode":true,"campfire_choices":[{"data":"Barricade","floor":13.0,"key":"SMITH"},{"floor":15.0,"key":"REST"}],"neow_cost":"TEN_PERCENT_HP_LOSS","seed_source_timestamp":45325375281657,"circlet_count":0,"master_deck":["Strike_R+1","Strike_R","Strike_R","Strike_R","Defend_R","Defend_R","Defend_R+1","Defend_R","Bash","Intimidate","Ghostly Armor","Havoc","Barricade+1","Thunderclap","Shrug It Off","Headbutt","Iron Wave","Reaper","Iron Wave","Secret Weapon","Warcry+1","Entrench+1"],"special_seed":0,"relics":["Burning Blood","Dead Branch","Torii","Golden Idol","Pen Nib","Meat on the Bone","Sozu"],"potions_floor_usage":[16,20,21],"damage_taken":[{"damage":6.0,"enemies":"2 Louse","floor":1.0,"turns":3.0},{"damage":0.0,"enemies":"Small Slimes","floor":3.0,"turns":3.0},{"damage":12.0,"enemies":"3 Sentries","floor":6.0,"turns":5.0},{"damage":0.0,"enemies":"Cultist","floor":10.0,"turns":2.0},{"damage":10.0,"enemies":"Lots of Slimes","floor":11.0,"turns":5.0},{"damage":1.0,"enemies":"2 Fungi Beasts","floor":12.0,"turns":3.0},{"damage":15.0,"enemies":"Lagavulin","floor":14.0,"turns":7.0},{"damage":43,"enemies":"Slime Boss","floor":16,"turns":15},{"damage":1,"enemies":"Chosen","floor":18,"turns":5},{"damage":23,"enemies":"Shell Parasite","floor":20,"turns":6},{"damage":12,"enemies":"3 Cultists","floor":21,"turns":5},{"damage":23,"enemies":"Shelled Parasite and Fungi","floor":22,"turns":9},{"damage":57,"enemies":"Book of Stabbing","floor":23,"turns":8}],"seed_played":"-7895676768669867826","potions_obtained":[{"floor":3.0,"key":"LiquidBronze"},{"floor":8.0,"key":"FearPotion"},{"floor":8.0,"key":"Swift Potion"},{"floor":11.0,"key":"SneckoOil"},{"floor":14.0,"key":"SteroidPotion"},{"floor":16,"key":"PowerPotion"}],"is_trial":false,"path_per_floor":["M","$","M","$","?","E","?","?","T","M","M","M","R","E","R","B",null,"M","$","M","M","M","E"],"character_chosen":"IRONCLAD","items_purchased":["Ghostly Armor","Secret Weapon"],"campfire_rested":1,"item_purchase_floors":[2,19],"current_hp_per_floor":[72,72,72,72,58,52,34,34,34,40,36,41,41,32,53,28,61,72,72,55,67,53,0],"gold":203,"neow_bonus":"ONE_RARE_RELIC","is_prod":false,"is_daily":false,"chose_seed":false,"campfire_upgraded":1,"win_rate":0,"timestamp":1563003602,"path_taken":["M","$","M","$","?","E","?","?","T","?","M","M","R","E","R","BOSS","M","$","?","M","M","E"],"build_version":"2019-07-05","purchased_purges":1,"victory":false,"max_hp_per_floor":[72,72,72,72,72,72,72,72,72,72,72,72,72,72,72,72,72,72,72,72,72,72,72],"card_choices":[{"not_picked":["Clothesline","Disarm"],"picked":"Intimidate","floor":1.0},{"not_picked":["Wild Strike","Cleave"],"picked":"Havoc","floor":3.0},{"not_picked":["Power Through","Anger"],"picked":"Barricade","floor":6.0},{"not_picked":["Clash","Searing Blow"],"picked":"Thunderclap","floor":10.0},{"not_picked":["Sword Boomerang","Clothesline"],"picked":"Shrug It Off","floor":11.0},{"not_picked":["Shrug It Off","Anger"],"picked":"Headbutt","floor":12.0},{"not_picked":["Bloodletting","Brutality"],"picked":"Iron Wave","floor":14.0},{"not_picked":["Offering","Demon Form"],"picked":"Reaper","floor":16},{"not_picked":["Entrench","Clothesline"],"picked":"Iron Wave","floor":18},{"not_picked":["Iron Wave","Thunderclap"],"picked":"Warcry+1","floor":20},{"not_picked":["Iron Wave","Anger+1"],"picked":"Entrench+1","floor":21},{"not_picked":["Pommel Strike","Wild Strike","Entrench"],"picked":"SKIP","floor":22}],"player_experience":357993,"relics_obtained":[{"floor":6.0,"key":"Torii"},{"floor":9.0,"key":"Pen Nib"},{"floor":14.0,"key":"Meat on the Bone"}],"event_choices":[{"damage_healed":0.0,"max_hp_gain":0.0,"max_hp_loss":0.0,"gold_gain":0.0,"event_name":"Shining Light","player_choice":"Entered Light","floor":5.0,"gold_loss":0.0,"damage_taken":14.0,"cards_upgraded":["Defend_R","Strike_R"]},{"damage_healed":0.0,"max_hp_gain":0.0,"max_hp_loss":0.0,"gold_gain":0.0,"event_name":"Golden Idol","player_choice":"Take Damage","floor":7.0,"gold_loss":0.0,"damage_taken":18.0,"relics_obtained":["Golden Idol"]},{"damage_healed":0.0,"max_hp_gain":0.0,"max_hp_loss":0.0,"gold_gain":0.0,"event_name":"Lab","player_choice":"Got Potions","floor":8.0,"gold_loss":0.0,"damage_taken":0.0}],"is_beta":false,"boss_relics":[{"not_picked":["Astrolabe","Runic Dome"],"picked":"Sozu"}],"items_purged_floors":[19],"is_endless":false,"potions_floor_spawned":[3,11,14,16,18,21],"killed_by":"Book of Stabbing","ascension_level":5}