{"gold_per_floor":[116,116,116,133,149,177,192,192,217,60,74,74,103,129,129,225,225,225,225,150,150,150,150,150,150,150,150,150,150,150,150,150,150,150,150,27,27,27,27,27,27,27,27,27,27,27,27,27,27,27],"floor_reached":51,"playtime":1682,"items_purged":["Strike_R","Strike_R"],"score":828,"play_id":"be0333c3-c65a-45eb-a864-b380470e5955","local_time":"20190720141717","is_ascension_mode":false,"campfire_choices":[{"data":"Sword Boomerang","floor":12.0,"key":"SMITH"},{"data":"Inflame","floor":15.0,"key":"SMITH"},{"data":"Demon Form","floor":24,"key":"SMITH"},{"data":"Defend_R","floor":27,"key":"SMITH"},{"floor":32,"key":"REST"},{"data":"Defend_R","floor":41,"key":"SMITH"},{"data":"Defend_R","floor":46,"key":"SMITH"},{"data":"Bash","floor":47,"key":"SMITH"},{"data":"Reaper","floor":49,"key":"SMITH"}],"neow_cost":"NONE","seed_source_timestamp":62565195849300,"circlet_count":0,"master_deck":["Strike_R+1","Strike_R+1","Defend_R+1","Defend_R+1","Defend_R+1","Defend_R+1","Bash+1","Sword Boomerang+1","Inflame+1","Demon Form+1","Uppercut+1","Armaments+1","Battle Trance+1","Impervious+1","Thunderclap","Reaper+1","Shrug It Off+1","Shrug It Off+1"],"special_seed":0,"relics":["Black Blood","Art of War","Potion Belt","Oddly Smooth Stone","Odd Mushroom","Whetstone","Ectoplasm","Self Forming Clay","Toxic Egg 2","Mummified Hand","Pantograph","WingedGreaves","Bottled Tornado","Vajra","Blood Vial"],"potions_floor_usage":[22,25,25,25,25,33,44,50,50],"damage_taken":[{"damage":6.0,"enemies":"Cultist","floor":1.0,"turns":3.0},{"damage":3.0,"enemies":"Jaw Worm","floor":4.0,"turns":4.0},{"damage":7.0,"enemies":"2 Louse","floor":5.0,"turns":3.0},{"damage":15.0,"enemies":"Gremlin Nob","floor":6.0,"turns":4.0},{"damage":15.0,"enemies":"2 Fungi Beasts","floor":7.0,"turns":4.0},{"damage":8.0,"enemies":"Blue Slaver","floor":11.0,"turns":4.0},{"damage":16.0,"enemies":"The Mushroom Lair","floor":13.0,"turns":4.0},{"damage":13.0,"enemies":"3 Sentries","floor":14.0,"turns":6.0},{"damage":12.0,"enemies":"The Guardian","floor":16.0,"turns":11.0},{"damage":12.0,"enemies":"Spheric Guardian","floor":18.0,"turns":4.0},{"damage":8,"enemies":"Shell Parasite","floor":21,"turns":6},{"damage":31,"enemies":"Cultist and Chosen","floor":22,"turns":5},{"damage":15,"enemies":"Book of Stabbing","floor":23,"turns":5},{"damage":54,"enemies":"Slavers","floor":25,"turns":6},{"damage":18,"enemies":"Gremlin Leader","floor":28,"turns":4},{"damage":13,"enemies":"3 Cultists","floor":29,"turns":5},{"damage":5,"enemies":"Snake Plant","floor":31,"turns":4},{"damage":46,"enemies":"Automaton","floor":33,"turns":8},{"damage":17,"enemies":"3 Darklings","floor":35,"turns":4},{"damage":0,"enemies":"3 Shapes","floor":37,"turns":5},{"damage":26,"enemies":"Giant Head","floor":40,"turns":7},{"damage":8,"enemies":"3 Darklings","floor":42,"turns":6},{"damage":39,"enemies":"Nemesis","floor":44,"turns":7},{"damage":8,"enemies":"Spire Growth","floor":45,"turns":4},{"damage":0,"enemies":"Giant Head","floor":48,"turns":6},{"damage":24,"enemies":"Awakened One","floor":50,"turns":12}],"seed_played":"-7392871703918588806","potions_obtained":[{"floor":1.0,"key":"Weak Potion"},{"floor":13.0,"key":"SkillPotion"},{"floor":14.0,"key":"Regen Potion"},{"floor":18.0,"key":"EntropicBrew"},{"floor":31,"key":"Swift Potion"},{"floor":33,"key":"Explosive Potion"},{"floor":37,"key":"Weak Potion"},{"floor":44,"key":"Block Potion"},{"floor":48,"key":"Explosive Potion"}],"is_trial":false,"path_per_floor":["M","$","$","M","M","E","M","?","T","$","M","R","?","E","R","B",null,"M","?","$","M","M","E","R","E","T","R","E","M","?","M","R","B",null,"M","$","M","?","?","E","R","M","T","E","M","R","R","E","R","B",null],"character_chosen":"IRONCLAD","items_purchased":["Oddly Smooth Stone","Thunderclap"],"campfire_rested":1,"item_purchase_floors":[10,36],"current_hp_per_floor":[80,80,80,80,79,70,61,61,61,61,59,59,49,42,42,36,80,74,74,74,72,47,38,38,32,32,32,20,13,13,14,38,23,80,73,73,80,80,80,64,64,66,66,37,39,39,39,49,49,75],"gold":27,"neow_bonus":"THREE_CARDS","is_prod":false,"is_daily":false,"chose_seed":false,"campfire_upgraded":8,"win_rate":0,"timestamp":1563621437,"path_taken":["M","?","$","M","M","E","M","?","T","$","?","R","?","E","R","BOSS","M","?","$","M","M","E","R","E","T","R","E","M","?","?","R","BOSS","M","$","M","?","?","E","R","M","T","E","M","R","R","E","R","BOSS"],"build_version":"2019-07-17","purchased_purges":2,"victory":true,"max_hp_per_floor":[80,80,80,80,80,80,80,80,80,80,80,80,80,80,80,80,80,80,80,80,80,80,80,80,80,80,80,80,80,80,80,80,80,80,80,80,80,80,80,80,80,80,80,80,80,80,80,80,80,80],"card_choices":[{"not_picked":["Warcry","Second Wind"],"picked":"Sword Boomerang","floor":0.0},{"not_picked":["Bloodletting","Wild Strike","Anger"],"picked":"SKIP","floor":1.0},{"not_picked":["Entrench","Blood for Blood","Pummel"],"picked":"SKIP","floor":4.0},{"not_picked":["Searing Blow","Twin Strike","Wild Strike"],"picked":"SKIP","floor":5.0},{"not_picked":["Metallicize","Heavy Blade","True Grit"],"picked":"SKIP","floor":6.0},{"not_picked":["Armaments","Clothesline"],"picked":"Inflame","floor":7.0},{"not_picked":["Carnage","Iron Wave","Bloodletting"],"picked":"SKIP","floor":11.0},{"not_picked":["Sentinel","Clash","Metallicize"],"picked":"SKIP","floor":14.0},{"not_picked":["Feed","Juggernaut"],"picked":"Demon Form","floor":16.0},{"not_picked":["Searing Blow+1","Twin Strike","Clothesline"],"picked":"SKIP","floor":18.0},{"not_picked":["Dropkick","Reckless Charge","Infernal Blade"],"picked":"SKIP","floor":21},{"not_picked":["Flame Barrier","Wild Strike+1"],"picked":"Uppercut+1","floor":22},{"not_picked":["Combust+1","Pommel Strike+1","Dual Wield"],"picked":"SKIP","floor":23},{"not_picked":["Warcry","Clothesline+1"],"picked":"Armaments","floor":25},{"not_picked":["Iron Wave","Dual Wield+1"],"picked":"Battle Trance+1","floor":28},{"not_picked":["True Grit+1","Clash+1","Headbutt"],"picked":"SKIP","floor":29},{"not_picked":["Body Slam+1","Sentinel+1","Havoc+1"],"picked":"SKIP","floor":31},{"not_picked":["Juggernaut","Barricade"],"picked":"Impervious+1","floor":33},{"not_picked":["Anger+1","Carnage+1","Warcry+1"],"picked":"SKIP","floor":35},{"not_picked":["Fire Breathing+1","Clothesline+1","Seeing Red+1"],"picked":"SKIP","floor":37},{"not_picked":["Pommel Strike","Metallicize","Wild Strike+1"],"picked":"SKIP","floor":40},{"not_picked":["Wild Strike+1","True Grit+1","Pommel Strike+1"],"picked":"SKIP","floor":42},{"not_picked":["Rage+1","Thunderclap+1"],"picked":"Reaper","floor":44},{"not_picked":["Iron Wave","Twin Strike+1"],"picked":"Shrug It Off+1","floor":45},{"not_picked":["Juggernaut","Wild Strike"],"picked":"Shrug It Off+1","floor":48}],"player_experience":714269,"relics_obtained":[{"floor":6.0,"key":"Art of War"},{"floor":9.0,"key":"Potion Belt"},{"floor":13.0,"key":"Odd Mushroom"},{"floor":14.0,"key":"Whetstone"},{"floor":23,"key":"Self Forming Clay"},{"floor":25,"key":"Toxic Egg 2"},{"floor":26,"key":"Mummified Hand"},{"floor":28,"key":"Pantograph"},{"floor":40,"key":"WingedGreaves"},{"floor":43,"key":"Bottled Tornado"},{"floor":44,"key":"Vajra"},{"floor":48,"key":"Blood Vial"}],"event_choices":[{"damage_healed":0.0,"max_hp_gain":0.0,"max_hp_loss":0.0,"gold_gain":0.0,"event_name":"NoteForYourself","player_choice":"Ignored","floor":8.0,"gold_loss":0.0,"damage_taken":0.0},{"damage_healed":0.0,"max_hp_gain":0.0,"max_hp_loss":0.0,"gold_gain":0.0,"event_name":"Mushrooms","player_choice":"Fought Mushrooms","floor":13.0,"gold_loss":0.0,"damage_taken":0.0},{"damage_healed":0,"gold_gain":0,"player_choice":"Ignored","damage_taken":0,"max_hp_gain":0,"max_hp_loss":0,"event_name":"The Mausoleum","floor":19,"gold_loss":0},{"damage_healed":0,"gold_gain":0,"player_choice":"Upgraded","damage_taken":0,"max_hp_gain":0,"max_hp_loss":0,"event_name":"Upgrade Shrine","floor":30,"gold_loss":0,"cards_upgraded":["Defend_R"]},{"damage_healed":0,"gold_gain":0,"player_choice":"Ignored","damage_taken":0,"max_hp_gain":0,"max_hp_loss":0,"event_name":"Mysterious Sphere","floor":38,"gold_loss":0},{"cards_removed":["Strike_R"],"damage_healed":0,"gold_gain":0,"player_choice":"Purged","damage_taken":0,"max_hp_gain":0,"max_hp_loss":0,"event_name":"Purifier","floor":39,"gold_loss":0}],"is_beta":false,"boss_relics":[{"not_picked":["Runic Cube","Fusion Hammer"],"picked":"Ectoplasm"},{"not_picked":["Snecko Eye","Runic Pyramid"],"picked":"Black Blood"}],"items_purged_floors":[20,36],"is_endless":false,"potions_floor_spawned":[1,13,14,18,23,31,33,37,44,48],"ascension_level":0}