{"gold_per_floor":[115,133,146,162,177,177,196,196,223,148,148,182,202,202,202,302,302,319,329,329,340,166,166,216,39,39,39,55,55,65,76,76,76],"floor_reached":33,"playtime":2069,"items_purged":["Strike_R","Bludgeon+1","Decay"],"score":339,"play_id":"5466a8a8-265a-4896-bb79-3b7008ed06b9","local_time":"20181109224400","is_ascension_mode":true,"campfire_choices":[{"data":"Searing Blow","floor":6,"key":"SMITH"},{"data":"Searing Blow+1","floor":8,"key":"SMITH"},{"data":"Searing Blow+2","floor":11,"key":"SMITH"},{"data":"Searing Blow+3","floor":15,"key":"SMITH"},{"floor":23,"key":"REST"},{"data":"Searing Blow+4","floor":27,"key":"SMITH"},{"data":"Searing Blow+5","floor":29,"key":"SMITH"},{"floor":32,"key":"REST"}],"neow_cost":"NONE","seed_source_timestamp":33108293965412,"circlet_count":0,"master_deck":["Strike_R","Defend_R","Defend_R","Defend_R","Bash","Rampage","Shrug It Off","Shrug It Off","Iron Wave","Searing Blow+6","Brutality","Seeing Red","Double Tap","Shrug It Off+1","Feed+1","Headbutt","Cleave","Armaments"],"relics":["Burning Blood","Blood Vial","Lantern","Astrolabe","Darkstone Periapt"],"potions_floor_usage":[12,16,16,28,33,33],"damage_taken":[{"damage":1,"enemies":"Cultist","floor":1,"turns":3},{"damage":3,"enemies":"Jaw Worm","floor":2,"turns":4},{"damage":7,"enemies":"Small Slimes","floor":3,"turns":3},{"damage":7,"enemies":"3 Louse","floor":4,"turns":5},{"damage":4,"enemies":"Gremlin Gang","floor":5,"turns":6},{"damage":10,"enemies":"Large Slime","floor":7,"turns":8},{"damage":30,"enemies":"Gremlin Nob","floor":12,"turns":4},{"damage":11,"enemies":"Lots of Slimes","floor":13,"turns":6},{"damage":15,"enemies":"Slime Boss","floor":16,"turns":10},{"damage":37,"enemies":"3 Byrds","floor":18,"turns":6},{"damage":21,"enemies":"2 Thieves","floor":19,"turns":5},{"damage":30,"enemies":"Shelled Parasite and Fungi","floor":21,"turns":6},{"damage":32,"enemies":"Chosen and Byrds","floor":28,"turns":7},{"damage":0,"enemies":"Snake Plant","floor":30,"turns":2},{"damage":30,"enemies":"Shelled Parasite and Fungi","floor":31,"turns":9},{"damage":52,"enemies":"Collector","floor":33,"turns":6}],"seed_played":"4901868252434728090","potions_obtained":[{"floor":3,"key":"Strength Potion"},{"floor":4,"key":"Weak Potion"},{"floor":5,"key":"Strength Potion"},{"floor":7,"key":"Dexterity Potion"},{"floor":12,"key":"Dexterity Potion"},{"floor":30,"key":"EssenceOfSteel"}],"is_trial":false,"path_per_floor":["M","M","M","M","M","R","M","R","T","$","R","E","M","?","R","B",null,"M","M","?","M","$","R","?","$","T","R","M","R","M","M","R","B"],"character_chosen":"IRONCLAD","items_purchased":["BloodPotion","Armaments"],"campfire_rested":2,"item_purchase_floors":[22,25],"current_hp_per_floor":[80,80,79,78,80,80,76,76,76,76,76,54,51,51,51,44,71,46,33,33,15,15,41,41,41,41,41,29,29,37,19,47,0],"gold":76,"neow_bonus":"TRANSFORM_CARD","is_prod":false,"is_daily":false,"chose_seed":false,"campfire_upgraded":6,"win_rate":0,"timestamp":1541799840,"path_taken":["M","M","M","M","M","R","M","R","T","?","R","E","M","?","R","BOSS","M","M","?","M","$","R","?","$","T","R","M","R","?","M","R","BOSS"],"build_version":"2018-11-08","purchased_purges":3,"victory":false,"max_hp_per_floor":[80,80,80,80,80,80,80,80,80,80,80,80,80,80,80,80,80,84,84,84,88,88,88,88,88,88,88,92,92,92,96,96,96],"card_choices":[{"not_picked":["Perfected Strike","Power Through","Body Slam"],"picked":"SKIP","floor":1},{"not_picked":["Inflame","Entrench"],"picked":"Shrug It Off","floor":2},{"not_picked":["Heavy Blade","Clash"],"picked":"Shrug It Off","floor":3},{"not_picked":["Body Slam","Clash"],"picked":"Iron Wave","floor":4},{"not_picked":["Body Slam","Clothesline"],"picked":"Searing Blow","floor":5},{"not_picked":["Blood for Blood","Ghostly Armor"],"picked":"Brutality","floor":7},{"not_picked":["Corruption","Rampage"],"picked":"Seeing Red","floor":12},{"not_picked":["Sword Boomerang","Feel No Pain","Reckless Charge"],"picked":"SKIP","floor":13},{"not_picked":["Berserk","Immolate"],"picked":"Double Tap","floor":16},{"not_picked":["Combust+1","True Grit"],"picked":"Headbutt","floor":18},{"not_picked":["Infernal Blade+1","Shockwave","Entrench"],"picked":"SKIP","floor":19},{"not_picked":["Combust","Perfected Strike"],"picked":"Cleave","floor":21},{"not_picked":["Cleave","Bloodletting","Rage+1"],"picked":"SKIP","floor":28},{"not_picked":["Spot Weakness+1","Twin Strike","Clash"],"picked":"SKIP","floor":30},{"not_picked":["Dual Wield","Combust","Thunderclap+1"],"picked":"SKIP","floor":31}],"player_experience":629611,"relics_obtained":[{"floor":9,"key":"Blood Vial"},{"floor":12,"key":"Lantern"},{"floor":26,"key":"Darkstone Periapt"}],"event_choices":[{"damage_healed":0,"gold_gain":0,"player_choice":"Ignored","damage_taken":0,"max_hp_gain":0,"max_hp_loss":0,"event_name":"Liars Game","floor":14,"gold_loss":0},{"damage_healed":0,"gold_gain":0,"player_choice":"Smashed Altar","damage_taken":0,"max_hp_gain":0,"max_hp_loss":0,"event_name":"Forgotten Altar","floor":20,"gold_loss":0,"cards_obtained":["Decay"]},{"damage_healed":0,"gold_gain":100,"player_choice":"Bet on Murderer","damage_taken":0,"max_hp_gain":0,"max_hp_loss":0,"event_name":"The Joust","floor":24,"gold_loss":50}],"is_beta":true,"boss_relics":[{"not_picked":["Coffee Dripper","Calling Bell"],"picked":"Astrolabe"}],"items_purged_floors":[10,22,25],"is_endless":false,"potions_floor_spawned":[3,4,5,7,12,30],"killed_by":"Collector","ascension_level":5}