{"gold_per_floor":[364,364,378,398,70,70,88,88,88,88,41,56,79,94,94,224,224,240,35,60,60,70,70,0,0,26,125,152,171,189,215,215,312,312,322,322,147,147,166,194,114,127,127,127,127,142,173,186,186,186],"floor_reached":51,"playtime":1383,"items_purged":["Strike_R","Strike_R","Strike_R"],"score":814,"play_id":"a595ac75-e7ea-49c1-a6e8-9e285f95fedf","local_time":"20190723180240","is_ascension_mode":false,"campfire_choices":[{"data":"Bash","floor":6.0,"key":"SMITH"},{"data":"Body Slam","floor":15.0,"key":"SMITH"},{"floor":23.0,"key":"RECALL"},{"floor":25.0,"key":"REST"},{"floor":32.0,"key":"REST"},{"floor":45.0,"key":"REST"},{"floor":49,"key":"REST"}],"neow_cost":"PERCENT_DAMAGE","seed_source_timestamp":1008646266200,"circlet_count":0,"master_deck":["Strike_R+1","Strike_R+1","Defend_R","Defend_R","Defend_R+1","Bash+1","Shrug It Off+1","Ghostly Armor+1","Twin Strike","Body Slam+1","Impervious+1","Body Slam","Juggernaut","Shrug It Off+1","Shrug It Off+1","Barricade","Metallicize","Entrench+1","Armaments+1"],"special_seed":0,"relics":["Burning Blood","Letter Opener","Toxic Egg 2","Bloody Idol","Singing Bowl","Fusion Hammer","Membership Card","Vajra","Kunai","Turnip","Busted Crown","Bottled Lightning","War Paint","The Courier","Red Skull"],"potions_floor_usage":[50],"damage_taken":[{"damage":3.0,"enemies":"2 Louse","floor":1.0,"turns":3.0},{"damage":0.0,"enemies":"Small Slimes","floor":3.0,"turns":3.0},{"damage":3.0,"enemies":"Jaw Worm","floor":4.0,"turns":4.0},{"damage":5.0,"enemies":"Exordium Wildlife","floor":7.0,"turns":4.0},{"damage":4.0,"enemies":"3 Louse","floor":12.0,"turns":4.0},{"damage":0.0,"enemies":"Large Slime","floor":13.0,"turns":8.0},{"damage":1.0,"enemies":"2 Fungi Beasts","floor":14.0,"turns":3.0},{"damage":22.0,"enemies":"The Guardian","floor":16.0,"turns":14.0},{"damage":2.0,"enemies":"Chosen","floor":18.0,"turns":3.0},{"damage":14.0,"enemies":"Spheric Guardian","floor":20.0,"turns":4.0},{"damage":23.0,"enemies":"3 Cultists","floor":22.0,"turns":7.0},{"damage":47.0,"enemies":"Book of Stabbing","floor":28.0,"turns":7.0},{"damage":3.0,"enemies":"Snecko","floor":29.0,"turns":3.0},{"damage":16.0,"enemies":"Shelled Parasite and Fungi","floor":30.0,"turns":4.0},{"damage":24.0,"enemies":"Slavers","floor":31.0,"turns":6.0},{"damage":33.0,"enemies":"Collector","floor":33.0,"turns":12.0},{"damage":5.0,"enemies":"3 Shapes","floor":35.0,"turns":4.0},{"damage":0.0,"enemies":"3 Darklings","floor":39.0,"turns":4.0},{"damage":0.0,"enemies":"Giant Head","floor":40.0,"turns":6.0},{"damage":0.0,"enemies":"Sphere and 2 Shapes","floor":42.0,"turns":5.0},{"damage":1.0,"enemies":"4 Shapes","floor":46.0,"turns":4.0},{"damage":8.0,"enemies":"Nemesis","floor":47.0,"turns":7.0},{"damage":8,"enemies":"Transient","floor":48,"turns":5},{"damage":22,"enemies":"Donu and Deca","floor":50,"turns":10}],"seed_played":"6327783993271744463","potions_obtained":[{"floor":4.0,"key":"Dexterity Potion"},{"floor":7.0,"key":"FairyPotion"},{"floor":13.0,"key":"SteroidPotion"},{"floor":39.0,"key":"SkillPotion"},{"floor":42.0,"key":"Poison Potion"}],"is_trial":false,"path_per_floor":["M","?","M","M","$","R","M","?","T","?","$","M","M","M","R","B",null,"M","$","M","?","M","R","?","R","T","?","E","M","M","E","R","B",null,"M","?","$","?","M","E","$","M","T","?","R","M","E","M","R","B",null],"character_chosen":"IRONCLAD","items_purchased":["Toxic Egg 2","Twin Strike","Membership Card","Bottled Lightning","Metallicize"],"campfire_rested":4,"item_purchase_floors":[5,11,19,37,41],"current_hp_per_floor":[59,56,62,65,65,65,66,46,46,30,30,32,40,47,47,31,84,86,86,78,78,66,66,66,86,86,86,50,60,57,44,71,49,90,92,92,92,92,94,96,96,98,98,98,98,98,98,100,100,84],"gold":186,"neow_bonus":"TWO_FIFTY_GOLD","is_prod":false,"is_daily":false,"chose_seed":false,"campfire_upgraded":2,"win_rate":0,"timestamp":1563894160,"path_taken":["M","?","M","M","$","R","M","?","T","?","$","M","M","M","R","BOSS","M","$","M","?","M","R","?","R","T","?","E","M","M","E","R","BOSS","M","?","$","?","?","E","$","M","T","?","R","?","E","M","R","BOSS"],"build_version":"2019-07-17","purchased_purges":3,"victory":true,"max_hp_per_floor":[80,80,80,80,80,80,80,80,80,80,80,80,82,84,84,84,84,86,86,86,86,86,86,86,86,86,86,86,88,90,90,90,90,90,92,92,92,92,94,96,96,98,98,98,98,98,98,100,100,100],"card_choices":[{"not_picked":["Havoc","Sever Soul","Iron Wave"],"picked":"SKIP","floor":1.0},{"not_picked":["Shockwave","Thunderclap","Heavy Blade"],"picked":"SKIP","floor":3.0},{"not_picked":["Headbutt","Whirlwind"],"picked":"Shrug It Off","floor":4.0},{"not_picked":["Thunderclap","Headbutt"],"picked":"Ghostly Armor+1","floor":7.0},{"not_picked":["Uppercut","Headbutt"],"picked":"Body Slam","floor":12.0},{"not_picked":["Havoc+1","Dropkick","Reckless Charge"],"picked":"Singing Bowl","floor":13.0},{"not_picked":["Metallicize","Havoc+1","Flex+1"],"picked":"Singing Bowl","floor":14.0},{"not_picked":["Brutality","Feed"],"picked":"Impervious+1","floor":16.0},{"not_picked":["Headbutt","Iron Wave","Fire Breathing"],"picked":"Singing Bowl","floor":18.0},{"not_picked":["Havoc+1","Bloodletting+1"],"picked":"Body Slam","floor":20.0},{"not_picked":["Pummel+1","Sword Boomerang"],"picked":"Juggernaut","floor":22.0},{"not_picked":["Juggernaut","Fire Breathing+1"],"picked":"Shrug It Off+1","floor":28.0},{"not_picked":["Cleave","Heavy Blade","Infernal Blade+1"],"picked":"Singing Bowl","floor":29.0},{"not_picked":["Spot Weakness+1","Dropkick","Havoc+1"],"picked":"Singing Bowl","floor":30.0},{"not_picked":["Intimidate+1","Perfected Strike+1"],"picked":"Shrug It Off+1","floor":31.0},{"not_picked":["Feed","Exhume+1"],"picked":"Barricade","floor":33.0},{"not_picked":["Power Through+1"],"picked":"Singing Bowl","floor":35.0},{"not_picked":["Perfected Strike"],"picked":"Singing Bowl","floor":39.0},{"not_picked":["Anger"],"picked":"Singing Bowl","floor":40.0},{"not_picked":["Heavy Blade+1"],"picked":"Singing Bowl","floor":42.0},{"not_picked":[],"picked":"Entrench+1","floor":46.0},{"not_picked":[],"picked":"Armaments+1","floor":47},{"not_picked":["Cleave+1"],"picked":"Singing Bowl","floor":48}],"player_experience":743743,"relics_obtained":[{"floor":9.0,"key":"Singing Bowl"},{"floor":26.0,"key":"Vajra"},{"floor":28.0,"key":"Kunai"},{"floor":31.0,"key":"Turnip"},{"floor":40.0,"key":"War Paint"},{"floor":43.0,"key":"The Courier"},{"floor":47,"key":"Red Skull"}],"event_choices":[{"damage_healed":0.0,"max_hp_gain":0.0,"max_hp_loss":0.0,"gold_gain":0.0,"event_name":"Scrap Ooze","player_choice":"Success","floor":2.0,"gold_loss":0.0,"damage_taken":3.0,"relics_obtained":["Letter Opener"]},{"damage_healed":0.0,"max_hp_gain":0.0,"max_hp_loss":0.0,"gold_gain":0.0,"event_name":"Golden Idol","player_choice":"Take Damage","floor":8.0,"gold_loss":0.0,"damage_taken":20.0,"relics_obtained":["Golden Idol"]},{"damage_healed":0.0,"max_hp_gain":0.0,"max_hp_loss":0.0,"gold_gain":0.0,"event_name":"Shining Light","player_choice":"Entered Light","floor":10.0,"gold_loss":0.0,"damage_taken":16.0,"cards_upgraded":["Strike_R","Strike_R"]},{"damage_healed":0.0,"max_hp_gain":0.0,"max_hp_loss":0.0,"gold_gain":0.0,"event_name":"Forgotten Altar","player_choice":"Gave Idol","floor":21.0,"relics_lost":["Golden Idol"],"gold_loss":0.0,"damage_taken":0.0,"relics_obtained":["Bloody Idol"]},{"damage_healed":0.0,"max_hp_gain":0.0,"max_hp_loss":0.0,"gold_gain":0.0,"event_name":"Masked Bandits","player_choice":"Paid Fearfully","floor":24.0,"gold_loss":70.0,"damage_taken":0.0},{"damage_healed":0.0,"max_hp_gain":0.0,"max_hp_loss":0.0,"gold_gain":99.0,"event_name":"Nest","player_choice":"Stole From Cult","floor":27.0,"gold_loss":0.0,"damage_taken":0.0},{"cards_removed":["Defend_R"],"damage_healed":0.0,"max_hp_gain":0.0,"max_hp_loss":0.0,"gold_gain":0.0,"event_name":"Falling","player_choice":"Removed Skill","floor":36.0,"gold_loss":0.0,"damage_taken":0.0},{"damage_healed":0.0,"max_hp_gain":0.0,"max_hp_loss":0.0,"gold_gain":0.0,"event_name":"SecretPortal","player_choice":"Ignored","floor":38.0,"gold_loss":0.0,"damage_taken":0.0},{"damage_healed":0.0,"max_hp_gain":0.0,"max_hp_loss":0.0,"gold_gain":0.0,"event_name":"Transmorgrifier","player_choice":"Ignored","floor":44.0,"gold_loss":0.0,"damage_taken":0.0}],"is_beta":false,"boss_relics":[{"not_picked":["Runic Cube","Lizard Tail"],"picked":"Fusion Hammer"},{"not_picked":["Tiny House","Snecko Eye"],"picked":"Busted Crown"}],"items_purged_floors":[5,37,41],"is_endless":false,"potions_floor_spawned":[4,7,13,22,28,39,42,48],"ascension_level":0}