{"gold_per_floor":[111,131,145,165,60,60,70,85,130,130,149,149,166,87,87,190,190,202,202,217,237,237,237,237,253,321,331,331,246,246,246,246,346,346,359,459,470,470,481,481,513,513,513,529,529,201,218,235,235,235],"floor_reached":51,"playtime":1865,"items_purged":["Strike_B+1"],"score":698,"play_id":"0f5cf8ea-8d9c-4111-812c-0f2dacfe6fe5","local_time":"20181224194025","is_ascension_mode":false,"campfire_choices":[{"data":"Zap","floor":6.0,"key":"SMITH"},{"data":"Dualcast","floor":10.0,"key":"SMITH"},{"data":"Defragment","floor":15.0,"key":"SMITH"},{"data":"Machine Learning","floor":23,"key":"SMITH"},{"floor":28,"key":"REST"},{"data":"Capacitor","floor":32,"key":"SMITH"},{"floor":40,"key":"REST"},{"floor":45,"key":"REST"},{"floor":49,"key":"REST"}],"neow_cost":"NONE","seed_source_timestamp":340364744112143,"circlet_count":0,"master_deck":["Strike_B+1","Strike_B+1","Defend_B+1","Defend_B+1","Defend_B+1","Defend_B+1","Zap+1","Dualcast+1","Ball Lightning","Auto Shields","Capacitor+1","Hologram","Conserve Battery","Defragment+1","Machine Learning+1","Leap","Self Repair","Leap+1","Electrodynamics","Conserve Battery","Steam","Force Field","Storm","Parasite","Defragment+1"],"special_seed":0,"relics":["Cracked Core","Potion Belt","Velvet Choker","Singing Bowl","Pantograph","Inserter","Emotion Chip","Kunai","Question Card","Lantern"],"potions_floor_usage":[21,44,50,50,50,50],"damage_taken":[{"damage":2.0,"enemies":"Small Slimes","floor":1.0,"turns":4.0},{"damage":1.0,"enemies":"2 Louse","floor":2.0,"turns":2.0},{"damage":1.0,"enemies":"Cultist","floor":3.0,"turns":3.0},{"damage":3.0,"enemies":"Red Slaver","floor":4.0,"turns":3.0},{"damage":9.0,"enemies":"3 Louse","floor":7.0,"turns":3.0},{"damage":8.0,"enemies":"Lots of Slimes","floor":8.0,"turns":4.0},{"damage":7.0,"enemies":"Blue Slaver","floor":11.0,"turns":3.0},{"damage":0.0,"enemies":"3 Louse","floor":13.0,"turns":3.0},{"damage":28.0,"enemies":"The Guardian","floor":16.0,"turns":11.0},{"damage":10.0,"enemies":"3 Byrds","floor":18.0,"turns":4.0},{"damage":15.0,"enemies":"Spheric Guardian","floor":20.0,"turns":4.0},{"damage":27,"enemies":"Centurion and Healer","floor":21,"turns":9},{"damage":3,"enemies":"Snecko","floor":25,"turns":8},{"damage":20,"enemies":"Cultist and Chosen","floor":27,"turns":7},{"damage":46,"enemies":"Champ","floor":33,"turns":14},{"damage":9,"enemies":"3 Shapes","floor":35,"turns":5},{"damage":36,"enemies":"Mind Bloom Boss Battle","floor":36,"turns":8},{"damage":20,"enemies":"Orb Walker","floor":37,"turns":5},{"damage":25,"enemies":"Spire Growth","floor":39,"turns":6},{"damage":54,"enemies":"Nemesis","floor":41,"turns":8},{"damage":0,"enemies":"Transient","floor":44,"turns":5},{"damage":11,"enemies":"Writhing Mass","floor":47,"turns":6},{"damage":25,"enemies":"Maw","floor":48,"turns":6},{"damage":22,"enemies":"Donu and Deca","floor":50,"turns":6}],"seed_played":"-3939641032901179417","potions_obtained":[{"floor":2.0,"key":"LiquidBronze"},{"floor":3.0,"key":"Fire Potion"},{"floor":13.0,"key":"Dexterity Potion"},{"floor":18.0,"key":"PowerPotion"},{"floor":35,"key":"PowerPotion"},{"floor":39,"key":"PowerPotion"},{"floor":41,"key":"Ancient Potion"},{"floor":42,"key":"SkillPotion"}],"is_trial":false,"path_per_floor":["M","M","M","M","$","R","M","M","T","R","M","?","M","$","R","B",null,"M","$","M","M","M","?","R","$","M","T","M","R","?","?","?","R","B",null,"M","?","M","?","M","R","E","?","T","M","R","$","M","M","R","B",null],"character_chosen":"DEFECT","items_purchased":["Capacitor","Hologram","Defragment","Force Field","Lantern","Storm"],"campfire_rested":4,"item_purchase_floors":[5,5,14,46,46,46],"current_hp_per_floor":[80,79,78,75,75,75,66,58,58,58,51,44,44,44,44,16,82,72,72,57,30,30,30,30,34,34,23,48,48,48,48,48,34,84,84,57,46,46,30,55,8,8,8,10,36,36,32,16,43,53],"gold":235,"neow_bonus":"TEN_PERCENT_HP_BONUS","is_prod":false,"is_daily":false,"chose_seed":false,"campfire_upgraded":5,"win_rate":0,"timestamp":1545673225,"path_taken":["M","M","M","M","$","R","M","M","T","R","M","?","M","$","R","BOSS","M","$","M","M","?","R","$","M","T","M","R","?","?","?","R","BOSS","M","?","M","?","M","R","E","?","T","?","R","$","M","M","R","BOSS"],"build_version":"2018-12-20","purchased_purges":1,"victory":true,"max_hp_per_floor":[82,82,82,82,82,82,82,82,82,82,82,82,82,82,82,82,82,82,82,82,82,82,82,82,82,82,84,84,84,84,84,84,84,84,86,86,88,84,86,86,86,86,86,88,88,88,88,90,90,90],"card_choices":[{"not_picked":["Compile Driver","Coolheaded","Force Field"],"picked":"SKIP","floor":1.0},{"not_picked":["Hologram","Beam Cell"],"picked":"Ball Lightning","floor":2.0},{"not_picked":["Rebound","Gash"],"picked":"Auto Shields","floor":3.0},{"not_picked":["Force Field","Stack","Barrage"],"picked":"SKIP","floor":4.0},{"not_picked":["Coolheaded","Reinforced Body"],"picked":"Conserve Battery","floor":7.0},{"not_picked":["Echo Form","Go for the Eyes","Compile Driver"],"picked":"SKIP","floor":8.0},{"not_picked":["Barrage","Steam Power","Sweeping Beam"],"picked":"SKIP","floor":11.0},{"not_picked":["FTL","Recycle","Capacitor"],"picked":"SKIP","floor":13.0},{"not_picked":["Hyperbeam","All For One"],"picked":"Machine Learning","floor":16.0},{"not_picked":["Blizzard+1","Go for the Eyes","Barrage"],"picked":"SKIP","floor":18.0},{"not_picked":["Heatsinks","Turbo"],"picked":"Leap","floor":20},{"not_picked":["Rebound+1","Sweeping Beam"],"picked":"Self Repair","floor":21},{"not_picked":["Coolheaded","Genetic Algorithm"],"picked":"Leap+1","floor":25},{"not_picked":["Reboot","Hologram","Go for the Eyes+1"],"picked":"Singing Bowl","floor":27},{"not_picked":["Rainbow","Biased Cognition"],"picked":"Electrodynamics","floor":33},{"not_picked":["Auto Shields+1","Recycle+1","Lockon+1"],"picked":"Singing Bowl","floor":35},{"not_picked":["Stack","Chill+1"],"picked":"Conserve Battery","floor":36},{"not_picked":["FTL+1","Coolheaded+1","Barrage"],"picked":"Singing Bowl","floor":37},{"not_picked":["Fusion+1","Cold Snap+1","Streamline+1"],"picked":"Singing Bowl","floor":39},{"not_picked":["Genetic Algorithm","Turbo+1"],"picked":"Steam","floor":41},{"not_picked":["Glacier+1","Cold Snap+1","Hologram","Loop+1"],"picked":"Singing Bowl","floor":44},{"not_picked":["Gash","Biased Cognition","Barrage+1"],"picked":"Defragment+1","floor":47},{"not_picked":["Sweeping Beam+1","Leap","Barrage","Conserve Battery"],"picked":"Singing Bowl","floor":48}],"player_experience":527535,"relics_obtained":[{"floor":9.0,"key":"Potion Belt"},{"floor":26,"key":"Singing Bowl"},{"floor":36,"key":"Emotion Chip"},{"floor":41,"key":"Kunai"},{"floor":43,"key":"Question Card"}],"event_choices":[{"cards_removed":["Strike_B"],"damage_healed":0.0,"max_hp_gain":0.0,"max_hp_loss":0.0,"gold_gain":0.0,"event_name":"Golden Wing","player_choice":"Card Removal","floor":12.0,"gold_loss":0.0,"damage_taken":7.0},{"damage_healed":0,"gold_gain":0,"player_choice":"Simplicity","damage_taken":0,"max_hp_gain":0,"max_hp_loss":0,"event_name":"Back to Basics","floor":22,"gold_loss":0,"cards_upgraded":["Strike_B","Strike_B","Strike_B","Defend_B","Defend_B","Defend_B","Defend_B"]},{"damage_healed":0,"gold_gain":0,"player_choice":"Obtained Relic","damage_taken":0,"relics_obtained":["Pantograph"],"max_hp_gain":0,"max_hp_loss":0,"event_name":"Addict","floor":29,"gold_loss":85},{"damage_healed":0,"gold_gain":0,"player_choice":"Ignored","damage_taken":0,"max_hp_gain":0,"max_hp_loss":0,"event_name":"Ghosts","floor":30,"gold_loss":0},{"damage_healed":0,"gold_gain":0,"player_choice":"Ignored","damage_taken":0,"max_hp_gain":0,"max_hp_loss":0,"event_name":"Cursed Tome","floor":31,"gold_loss":0},{"damage_healed":0,"gold_gain":0,"player_choice":"Fight","damage_taken":0,"max_hp_gain":0,"max_hp_loss":0,"event_name":"MindBloom","floor":36,"gold_loss":0},{"damage_healed":0,"gold_gain":0,"player_choice":"Max HP","damage_taken":0,"max_hp_gain":0,"max_hp_loss":4,"event_name":"Winding Halls","floor":38,"gold_loss":0},{"damage_healed":0,"gold_gain":0,"player_choice":"Got Potions","damage_taken":0,"max_hp_gain":0,"max_hp_loss":0,"event_name":"Lab","floor":42,"gold_loss":0}],"is_beta":false,"boss_relics":[{"not_picked":["Tiny House","Runic Pyramid"],"picked":"Velvet Choker"},{"not_picked":["Eternal Feather","Black Star"],"picked":"Inserter"}],"items_purged_floors":[46],"is_endless":false,"potions_floor_spawned":[2,3,13,18,35,39,41],"ascension_level":0}