{"path_per_floor":["M","M","M","?","$","R","E","M","T","M","R","M","M","M","R","B",null,"M","$","?","M","M","R","M","M","T","R","?","?"],"character_chosen":"THE_SILENT","items_purchased":["Trip"],"gold_per_floor":[99,114,129,129,54,54,81,101,101,117,117,130,150,168,168,263,263,279,74,74,85,99,99,118,134,210,210,210,210],"floor_reached":30,"campfire_rested":1,"playtime":3663,"current_hp_per_floor":[70,70,70,70,70,70,48,44,44,44,44,44,44,44,44,44,70,70,70,70,54,39,39,39,16,16,37,37,21],"items_purged":["Defend_G","Strike_G"],"gold":210,"play_id":"f1d308a7-afc8-48cd-9a18-53722017fb2f","is_prod":false,"is_daily":false,"campfire_rituals":0,"campfire_upgraded":4,"is_hardmode":false,"path_taken":["M","M","M","?","$","R","E","M","T","M","R","M","M","M","R","BOSS","M","$","?","M","M","R","M","?","T","R","?","?","M"],"build_version":"2018-01-18-PROD4","purchased_purges":2,"victory":false,"master_deck":["Defend_G","Defend_G","Defend_G","Defend_G","Strike_G","Strike_G","Strike_G","Strike_G","Survivor","Neutralize","Well Laid Plans","Blur","Deflect","Escape Plan","Acrobatics","A Thousand Cuts","Underhanded Strike","Trip","Slice","Slice","Footwork"],"max_hp_per_floor":[70,70,70,70,70,70,70,70,70,70,70,70,70,70,70,70,70,70,70,70,70,70,70,70,70,70,70,70,70],"relics":["Ring of the Snake","Orichalcum","Tingsha","Sozu","Bottled Flame","Nilry\u0027s Codex"],"campfire_meditates":0,"card_choices":[{"not_picked":["Quick Slash","Deflect"],"picked":"Well Laid Plans"},{"not_picked":["Underhanded Strike","Dagger Spray"],"picked":"Blur"},{"not_picked":["Sucker Punch","Predator"],"picked":"Deflect"},{"not_picked":["Distraction","Skewer"],"picked":"Escape Plan"},{"not_picked":["Outmaneuver","PiercingWail"],"picked":"Acrobatics"},{"not_picked":["Wraith Form","Night Terror"],"picked":"A Thousand Cuts"},{"not_picked":["Backstab","Choke"],"picked":"Underhanded Strike"},{"not_picked":["Catalyst","Flechettes"],"picked":"Slice"},{"not_picked":["Riddle With Holes","Acrobatics"],"picked":"Slice"},{"not_picked":["Eviscerate","Underhanded Strike"],"picked":"Footwork"}],"player_experience":195535,"potions_floor_usage":[12],"damage_taken":[{"damage":0.0,"enemies":"Cultist","floor":1.0,"turns":5.0},{"damage":0,"enemies":"Blue Slaver","floor":2,"turns":6},{"damage":0,"enemies":"Jaw Worm","floor":3,"turns":5},{"damage":22,"enemies":"3 Sentries","floor":7,"turns":12},{"damage":4,"enemies":"3 Louse","floor":8,"turns":5},{"damage":0,"enemies":"Red Slaver","floor":10,"turns":6},{"damage":0,"enemies":"Looter","floor":12,"turns":3},{"damage":0,"enemies":"2 Fungi Beasts","floor":13,"turns":4},{"damage":0,"enemies":"3 Louse","floor":14,"turns":6},{"damage":0,"enemies":"The Guardian","floor":16,"turns":22},{"damage":0,"enemies":"Shell Parasite","floor":18,"turns":7},{"damage":16,"enemies":"2 Thieves","floor":21,"turns":5},{"damage":15,"enemies":"3 Cultists","floor":22,"turns":6},{"damage":0,"enemies":"Snake Plant","floor":24,"turns":4},{"damage":23,"enemies":"Centurion and Healer","floor":25,"turns":7},{"damage":24,"enemies":"Chosen and Byrds","floor":30,"turns":6}],"event_choices":[{"event_name":"Upgrade Shrine","player_choice":"Upgraded","floor":4,"damage_taken":0},{"event_name":"Addict","player_choice":"Ignored","floor":20,"damage_taken":0},{"event_name":"Drug Dealer","player_choice":"Ignored","floor":28,"damage_taken":0},{"event_name":"Cursed Tome","player_choice":"Obtained Book","floor":29,"damage_taken":0}],"boss_relics":[{"not_picked":["Velvet Choker","Snecko Eye"],"picked":"Sozu"}],"potions_floor_spawned":[8,10,13,16,22,25],"seed_played":"-2619874880859896015","killed_by":"Chosen and Byrds","is_trial":false}