{"gold_per_floor":[110,120,135,82,157,157,191,191,191,191,202,227,245,258,258,358,358,368,381,381,142,159,184,184,109,109,209,225,257,274,285,285,388,438,457,476,487,587,605,617,617,635,635,663,663,680,680,27,27,27],"floor_reached":51,"playtime":1602,"items_purged":["Strike_R"],"score":758,"play_id":"af139c39-27a5-44f3-a53a-6705895f8d6b","local_time":"20190126172530","is_ascension_mode":false,"campfire_choices":[{"data":"Flame Barrier","floor":6,"key":"SMITH"},{"data":"Inflame","floor":8,"key":"SMITH"},{"data":"Defend_R","floor":10,"key":"SMITH"},{"data":"Inflame","floor":15,"key":"SMITH"},{"data":"Spot Weakness","floor":24,"key":"SMITH"},{"data":"Battle Trance","floor":32,"key":"SMITH"},{"data":"Limit Break","floor":41,"key":"SMITH"},{"floor":45,"key":"REST"},{"floor":49,"key":"REST"}],"neow_cost":"NONE","seed_source_timestamp":589179688536746,"circlet_count":0,"master_deck":["Strike_R","Strike_R","Strike_R","Strike_R","Defend_R","Defend_R","Defend_R","Defend_R+1","Bash+1","Flame Barrier+1","Shrug It Off","Inflame+1","Twin Strike","Whirlwind","Inflame+1","Spot Weakness+1","Sword Boomerang","Armaments+1","Sword Boomerang","Battle Trance+1","Limit Break+1","Thunderclap+1","Sword Boomerang+1","Shrug It Off+1","Flash of Steel","Shrug It Off"],"relics":["Burning Blood","Prayer Wheel","Pantograph","Bag of Preparation","Sozu","Bottled Tornado","Letter Opener","Meat on the Bone","Paper Frog","Tiny House","Unceasing Top","Bottled Flame","Happy Flower","Mummified Hand","Blood Vial","Frozen Eye"],"potions_floor_usage":[12,50,50,50],"damage_taken":[{"damage":3,"enemies":"Small Slimes","floor":1,"turns":3},{"damage":6,"enemies":"Cultist","floor":2,"turns":3},{"damage":2,"enemies":"2 Louse","floor":3,"turns":3},{"damage":17,"enemies":"3 Sentries","floor":7,"turns":12},{"damage":14,"enemies":"Looter","floor":11,"turns":4},{"damage":15,"enemies":"Gremlin Nob","floor":12,"turns":4},{"damage":8,"enemies":"3 Louse","floor":13,"turns":4},{"damage":5,"enemies":"Lots of Slimes","floor":14,"turns":2},{"damage":22,"enemies":"The Guardian","floor":16,"turns":11},{"damage":16,"enemies":"2 Thieves","floor":18,"turns":4},{"damage":7,"enemies":"Spheric Guardian","floor":19,"turns":4},{"damage":12,"enemies":"Shelled Parasite and Fungi","floor":22,"turns":4},{"damage":6,"enemies":"Gremlin Leader","floor":23,"turns":5},{"damage":4,"enemies":"3 Cultists","floor":28,"turns":4},{"damage":22,"enemies":"Book of Stabbing","floor":29,"turns":6},{"damage":8,"enemies":"Snecko","floor":30,"turns":3},{"damage":17,"enemies":"Shelled Parasite and Fungi","floor":31,"turns":4},{"damage":43,"enemies":"Automaton","floor":33,"turns":8},{"damage":10,"enemies":"Orb Walker","floor":35,"turns":3},{"damage":19,"enemies":"3 Darklings","floor":36,"turns":3},{"damage":33,"enemies":"4 Shapes","floor":37,"turns":3},{"damage":14,"enemies":"Mind Bloom Boss Battle","floor":38,"turns":5},{"damage":13,"enemies":"Jaw Worm Horde","floor":39,"turns":2},{"damage":0,"enemies":"Spire Growth","floor":40,"turns":2},{"damage":26,"enemies":"4 Shapes","floor":42,"turns":2},{"damage":40,"enemies":"Reptomancer","floor":44,"turns":4},{"damage":9,"enemies":"3 Darklings","floor":46,"turns":2},{"damage":14,"enemies":"Time Eater","floor":50,"turns":5}],"seed_played":"4563079472736687059","potions_obtained":[{"floor":1,"key":"EssenceOfSteel"},{"floor":11,"key":"Poison Potion"},{"floor":12,"key":"EssenceOfSteel"},{"floor":13,"key":"Ancient Potion"}],"is_trial":false,"path_per_floor":["M","M","M","$","?","R","E","R","T","R","M","E","M","M","R","B",null,"M","M","?","$","M","E","R","$","T","?","M","E","M","M","R","B",null,"M","M","M","?","M","M","R","M","T","E","R","M","?","$","R","B",null],"character_chosen":"IRONCLAD","items_purchased":["Shrug It Off","Bottled Tornado","Mummified Hand","Blood Vial","Frozen Eye","Shrug It Off"],"campfire_rested":2,"item_purchase_floors":[4,21,48,48,48,48],"current_hp_per_floor":[88,88,88,88,80,80,69,69,69,69,61,52,50,51,51,60,88,78,77,77,77,71,71,71,71,71,71,73,57,55,56,56,56,93,89,76,61,78,71,77,77,57,57,35,62,59,59,59,86,85],"gold":27,"neow_bonus":"TEN_PERCENT_HP_BONUS","is_prod":false,"is_daily":false,"chose_seed":false,"campfire_upgraded":7,"win_rate":0,"timestamp":1548516330,"path_taken":["M","M","M","$","?","R","E","R","T","R","M","E","M","M","R","BOSS","M","M","?","$","M","E","R","$","T","?","M","E","M","M","R","BOSS","M","M","M","?","M","M","R","M","T","E","R","M","?","$","R","BOSS"],"build_version":"2019-01-23","purchased_purges":1,"victory":true,"max_hp_per_floor":[88,88,88,88,88,88,88,88,88,88,88,88,88,88,88,88,88,88,88,88,88,88,88,88,88,88,88,88,88,88,88,88,88,93,93,93,93,93,93,93,93,93,93,93,93,93,93,93,93,93],"card_choices":[{"not_picked":["Flame Barrier","Sentinel","Disarm"],"picked":"SKIP","floor":1},{"not_picked":["Sentinel","Disarm"],"picked":"Flame Barrier","floor":1},{"not_picked":["Burning Pact","True Grit","Warcry"],"picked":"SKIP","floor":2},{"not_picked":["Warcry","Dropkick","Evolve"],"picked":"SKIP","floor":3},{"not_picked":["Battle Trance","Havoc"],"picked":"Inflame","floor":7},{"not_picked":["Clash","Wild Strike","Flex"],"picked":"SKIP","floor":11},{"not_picked":["Twin Strike","Warcry","Hemokinesis"],"picked":"SKIP","floor":11},{"not_picked":["Warcry","Hemokinesis"],"picked":"Twin Strike","floor":11},{"not_picked":["Clash","Wild Strike","Flex"],"picked":"SKIP","floor":11},{"not_picked":["Infernal Blade","Burning Pact","Flex"],"picked":"SKIP","floor":12},{"not_picked":["Ghostly Armor","Corruption"],"picked":"Whirlwind","floor":13},{"not_picked":["Sentinel","Flex","Uppercut"],"picked":"SKIP","floor":13},{"not_picked":["Heavy Blade","Armaments"],"picked":"Inflame","floor":14},{"not_picked":["Sever Soul","Body Slam","Twin Strike"],"picked":"SKIP","floor":14},{"not_picked":["Armaments","True Grit","Body Slam"],"picked":"SKIP","floor":18},{"not_picked":["Disarm","Flex","Clash"],"picked":"SKIP","floor":18},{"not_picked":["Entrench+1","Shrug It Off"],"picked":"Spot Weakness","floor":19},{"not_picked":["Pommel Strike","Thunderclap","Intimidate"],"picked":"SKIP","floor":19},{"not_picked":["Anger","Dual Wield"],"picked":"Armaments+1","floor":22},{"not_picked":["Metallicize","Clash","Fire Breathing"],"picked":"SKIP","floor":22},{"not_picked":["Metallicize","Clash","Fire Breathing"],"picked":"SKIP","floor":22},{"not_picked":["Juggernaut","Bloodletting"],"picked":"Sword Boomerang","floor":23},{"not_picked":["Havoc","Clothesline","Anger"],"picked":"SKIP","floor":28},{"not_picked":["Rage","Inflame+1","Metallicize"],"picked":"SKIP","floor":28},{"not_picked":["Intimidate+1","Anger","Inflame"],"picked":"SKIP","floor":29},{"not_picked":["Twin Strike+1","Dropkick"],"picked":"Battle Trance","floor":30},{"not_picked":["Shockwave","Thunderclap+1","Heavy Blade+1"],"picked":"SKIP","floor":30},{"not_picked":["Headbutt+1","Brutality","Clash+1"],"picked":"SKIP","floor":31},{"not_picked":["Carnage+1","Ghostly Armor+1","Blood for Blood"],"picked":"SKIP","floor":31},{"not_picked":["Bludgeon","Offering"],"picked":"Limit Break","floor":33},{"not_picked":["Inflame+1","Iron Wave"],"picked":"Thunderclap+1","floor":34},{"not_picked":["Wild Strike","True Grit"],"picked":"Sword Boomerang+1","floor":35},{"not_picked":["Power Through+1","Dark Embrace","Wild Strike+1"],"picked":"SKIP","floor":35},{"not_picked":["Armaments+1","Infernal Blade+1","Spot Weakness"],"picked":"SKIP","floor":36},{"not_picked":["Clash","Thunderclap+1","True Grit"],"picked":"SKIP","floor":36},{"not_picked":["Searing Blow+1","Flex","Armaments"],"picked":"SKIP","floor":37},{"not_picked":["Perfected Strike","Ghostly Armor+1","Flame Barrier+1"],"picked":"SKIP","floor":37},{"not_picked":["Warcry+1","Headbutt"],"picked":"Shrug It Off+1","floor":38},{"not_picked":["Ghostly Armor","Rage","Pommel Strike+1"],"picked":"SKIP","floor":39},{"not_picked":["Clash","Armaments","Brutality"],"picked":"SKIP","floor":39},{"not_picked":["Armaments+1","Heavy Blade","Sever Soul"],"picked":"SKIP","floor":40},{"not_picked":["Intimidate","Havoc+1","Fire Breathing+1"],"picked":"SKIP","floor":40},{"not_picked":["Cleave","Perfected Strike+1","Feed"],"picked":"SKIP","floor":42},{"not_picked":["Ghostly Armor","Evolve+1","Flex"],"picked":"SKIP","floor":42},{"not_picked":["Iron Wave+1","Fiend Fire","Sword Boomerang"],"picked":"SKIP","floor":44},{"not_picked":["Wild Strike+1","Thunderclap","Flex+1"],"picked":"SKIP","floor":46},{"not_picked":["Combust+1","Thunderclap","Infernal Blade+1"],"picked":"SKIP","floor":46},{"not_picked":["Dark Shackles","Good Instincts"],"picked":"Flash of Steel","floor":47}],"player_experience":578894,"relics_obtained":[{"floor":7,"key":"Prayer Wheel"},{"floor":9,"key":"Pantograph"},{"floor":12,"key":"Bag of Preparation"},{"floor":23,"key":"Letter Opener"},{"floor":26,"key":"Meat on the Bone"},{"floor":29,"key":"Paper Frog"},{"floor":38,"key":"Unceasing Top"},{"floor":43,"key":"Bottled Flame"},{"floor":44,"key":"Happy Flower"}],"event_choices":[{"damage_healed":0,"gold_gain":75,"player_choice":"Touch","damage_taken":8,"max_hp_gain":0,"max_hp_loss":0,"event_name":"FaceTrader","floor":5,"gold_loss":0},{"damage_healed":0,"gold_gain":0,"player_choice":"Read","damage_taken":0,"max_hp_gain":0,"max_hp_loss":0,"event_name":"The Library","floor":20,"gold_loss":0,"cards_obtained":["Sword Boomerang"]},{"damage_healed":0,"gold_gain":100,"player_choice":"Pray","damage_taken":0,"max_hp_gain":0,"max_hp_loss":0,"event_name":"Golden Shrine","floor":27,"gold_loss":0},{"damage_healed":0,"gold_gain":0,"player_choice":"Fight","damage_taken":0,"max_hp_gain":0,"max_hp_loss":0,"event_name":"MindBloom","floor":38,"gold_loss":0},{"damage_healed":0,"gold_gain":0,"player_choice":"Memory 1","damage_taken":0,"max_hp_gain":0,"max_hp_loss":0,"event_name":"SensoryStone","floor":47,"gold_loss":0}],"is_beta":false,"boss_relics":[{"not_picked":["Velvet Choker","Empty Cage"],"picked":"Sozu"},{"not_picked":["Black Star","Snecko Eye"],"picked":"Tiny House"}],"items_purged_floors":[25],"is_endless":false,"potions_floor_spawned":[1,11,12,13,19,23,29,31,36,37,39,40,46],"ascension_level":0}