{"gold_per_floor":[210,229,229,255,271,271,290,290,290,43,62,62,62,88,88,189,189,201,300,314,314],"floor_reached":21,"playtime":571,"items_purged":[],"score":179,"play_id":"ae5410be-808e-4559-902b-376f36e7f5ef","local_time":"20190505063248","is_ascension_mode":false,"campfire_choices":[{"data":"Sword Boomerang","floor":6.0,"key":"SMITH"},{"data":"Evolve","floor":12.0,"key":"SMITH"},{"floor":15.0,"key":"REST"}],"neow_cost":"NONE","seed_source_timestamp":307847188489386,"circlet_count":0,"master_deck":["Strike_R","Strike_R+1","Strike_R","Strike_R","Strike_R","Defend_R+1","Defend_R","Defend_R","Defend_R","Bash","Sword Boomerang+1","Evolve+1","Juggernaut","Iron Wave","Body Slam"],"special_seed":0,"relics":["Burning Blood","Lantern","Singing Bowl","Kunai","Peace Pipe","Velvet Choker"],"potions_floor_usage":[],"damage_taken":[{"damage":3.0,"enemies":"Small Slimes","floor":1.0,"turns":3.0},{"damage":11.0,"enemies":"Jaw Worm","floor":2.0,"turns":2.0},{"damage":0.0,"enemies":"2 Louse","floor":5.0,"turns":2.0},{"damage":8.0,"enemies":"Large Slime","floor":7.0,"turns":5.0},{"damage":31.0,"enemies":"Gremlin Gang","floor":11.0,"turns":4.0},{"damage":22.0,"enemies":"3 Sentries","floor":14.0,"turns":6.0},{"damage":41.0,"enemies":"Slime Boss","floor":16.0,"turns":13.0},{"damage":14.0,"enemies":"Spheric Guardian","floor":18.0,"turns":4.0},{"damage":0,"enemies":"Chosen","floor":20,"turns":4}],"seed_played":"6746687481863078350","potions_obtained":[{"floor":1.0,"key":"Ancient Potion"},{"floor":11.0,"key":"BloodPotion"},{"floor":16.0,"key":"Block Potion"}],"is_trial":false,"path_per_floor":["M","M","?","T","M","R","M","$","T","$","M","R","?","E","R","B",null,"M","?","M","?"],"character_chosen":"IRONCLAD","items_purchased":["Kunai"],"campfire_rested":1,"item_purchase_floors":[10],"current_hp_per_floor":[80,75,59,59,65,65,63,63,63,63,40,40,40,34,59,24,84,76,76,82,82],"gold":314,"neow_bonus":"HUNDRED_GOLD","is_prod":false,"is_daily":false,"chose_seed":false,"campfire_upgraded":2,"win_rate":0,"timestamp":1557027168,"path_taken":["M","M","?","?","M","R","M","$","T","$","M","R","?","E","R","BOSS","M","?","M","?"],"build_version":"2019-01-23","purchased_purges":0,"victory":false,"max_hp_per_floor":[80,80,80,80,80,80,80,80,80,80,82,82,82,84,84,84,84,84,84,84,84],"card_choices":[{"not_picked":["Dual Wield","Havoc","Wild Strike"],"picked":"SKIP","floor":1.0},{"not_picked":["Twin Strike","Thunderclap"],"picked":"Sword Boomerang","floor":2.0},{"not_picked":["Rupture","Iron Wave","Seeing Red"],"picked":"SKIP","floor":5.0},{"not_picked":["True Grit","Feel No Pain"],"picked":"Evolve","floor":7.0},{"not_picked":["Rampage","Body Slam","Immolate"],"picked":"Singing Bowl","floor":11.0},{"not_picked":["Uppercut","Intimidate","Armaments"],"picked":"Singing Bowl","floor":14.0},{"not_picked":["Fiend Fire","Berserk"],"picked":"Juggernaut","floor":16.0},{"not_picked":["Rupture+1","Clash"],"picked":"Iron Wave","floor":18.0},{"not_picked":["Cleave","Clothesline+1"],"picked":"Body Slam","floor":20}],"player_experience":598772,"relics_obtained":[{"floor":4.0,"key":"Lantern"},{"floor":9.0,"key":"Singing Bowl"},{"floor":14.0,"key":"Peace Pipe"}],"event_choices":[{"damage_healed":0.0,"max_hp_gain":0.0,"max_hp_loss":0.0,"gold_gain":0.0,"event_name":"Shining Light","player_choice":"Entered Light","floor":3.0,"gold_loss":0.0,"damage_taken":16.0,"cards_upgraded":["Defend_R","Strike_R"]},{"damage_healed":0.0,"max_hp_gain":0.0,"max_hp_loss":0.0,"gold_gain":0.0,"event_name":"Dead Adventurer","player_choice":"Searched \u00270\u0027 times","floor":13.0,"gold_loss":0.0,"damage_taken":0.0},{"damage_healed":0,"gold_gain":99,"player_choice":"Stole From Cult","damage_taken":0,"max_hp_gain":0,"max_hp_loss":0,"event_name":"Nest","floor":19,"gold_loss":0}],"is_beta":false,"boss_relics":[{"not_picked":["Black Star","Philosopher\u0027s Stone"],"picked":"Velvet Choker"}],"items_purged_floors":[],"is_endless":false,"potions_floor_spawned":[1,11,16],"ascension_level":0}