{"gold_per_floor":[123,135,147,173,198,239,251,281,293,42,67,87,108,122,122,217,217,232,250,267,113,127,154,154,173,203,217,118,137,162,174,174,278,278,288,136,152,168,188,218,218,250,250,262,262,291,136,152,152,152],"floor_reached":51,"playtime":1415,"items_purged":[],"score":845,"play_id":"21b83cd0-c5e7-4a31-8a16-65afe8f07437","local_time":"20180727104724","is_ascension_mode":false,"campfire_choices":[{"data":"Inflame","floor":7.0,"key":"SMITH"},{"data":"Apotheosis","floor":15.0,"key":"SMITH"},{"data":"Inflame","floor":24.0,"key":"SMITH"},{"data":"Limit Break","floor":32,"key":"SMITH"},{"floor":41,"key":"REST"},{"floor":49,"key":"REST"}],"neow_cost":"NONE","seed_source_timestamp":51568768335557,"circlet_count":0,"master_deck":["Strike_R","Strike_R","Strike_R","Strike_R","Strike_R","Defend_R","Defend_R","Defend_R","Defend_R","Bash","Spot Weakness","Battle Trance","Inflame+1","Thunderclap","Apotheosis+1","Battle Trance","Twin Strike","Twin Strike","Inflame+1","Double Tap","Body Slam","Body Slam","Limit Break+1","Twin Strike","Iron Wave","Battle Trance","Sword Boomerang+1","Twin Strike+1","Iron Wave+1","Clothesline+1"],"special_seed":0,"relics":["Burning Blood","MawBank","Gremlin Horn","Pear","Orichalcum","Odd Mushroom","Mark of Pain","Pen Nib","Bag of Marbles","Tiny Chest","Strawberry","Fusion Hammer","Vajra","Pantograph","Potion Belt","Letter Opener","Toxic Egg 2","Bag of Preparation"],"potions_floor_usage":[42,46,46],"damage_taken":[{"damage":0.0,"enemies":"2 Louse","floor":1.0,"turns":2.0},{"damage":6.0,"enemies":"Cultist","floor":4.0,"turns":3.0},{"damage":7.0,"enemies":"Small Slimes","floor":5.0,"turns":4.0},{"damage":15.0,"enemies":"Gremlin Nob","floor":6.0,"turns":4.0},{"damage":3.0,"enemies":"2 Fungi Beasts","floor":8.0,"turns":4.0},{"damage":20.0,"enemies":"Lagavulin","floor":11.0,"turns":5.0},{"damage":6.0,"enemies":"Lots of Slimes","floor":12.0,"turns":2.0},{"damage":0.0,"floor":13.0,"turns":2.0},{"damage":0.0,"enemies":"Large Slime","floor":14.0,"turns":3.0},{"damage":10.0,"enemies":"The Guardian","floor":16.0,"turns":6.0},{"damage":14.0,"enemies":"2 Thieves","floor":18.0,"turns":2.0},{"damage":4.0,"enemies":"Chosen","floor":19.0,"turns":3.0},{"damage":0.0,"enemies":"Snecko","floor":20.0,"turns":3.0},{"damage":12.0,"enemies":"Sentry and Sphere","floor":22.0,"turns":3.0},{"damage":23.0,"enemies":"Slavers","floor":23.0,"turns":3.0},{"damage":15.0,"enemies":"Snake Plant","floor":25.0,"turns":3.0},{"damage":6.0,"enemies":"Centurion and Healer","floor":27.0,"turns":3.0},{"damage":21.0,"enemies":"Snecko","floor":29.0,"turns":5.0},{"damage":20.0,"enemies":"Book of Stabbing","floor":30.0,"turns":3.0},{"damage":2,"enemies":"Cultist and Chosen","floor":31,"turns":3},{"damage":17,"enemies":"Champ","floor":33,"turns":7},{"damage":15,"enemies":"Flame Bruiser 1 Orb","floor":35,"turns":3},{"damage":5,"enemies":"3 Darklings","floor":37,"turns":4},{"damage":5,"enemies":"Sphere and 2 Shapes","floor":38,"turns":2},{"damage":0,"enemies":"Transient","floor":39,"turns":5},{"damage":8,"enemies":"Giant Head","floor":40,"turns":5},{"damage":32,"enemies":"2 Orb Walkers","floor":42,"turns":3},{"damage":9,"enemies":"Spire Growth","floor":44,"turns":3},{"damage":22,"enemies":"Giant Head","floor":46,"turns":6},{"damage":0,"enemies":"3 Darklings","floor":48,"turns":3},{"damage":47,"enemies":"Time Eater","floor":50,"turns":5}],"seed_played":"3526501062297427925","potions_obtained":[{"floor":4.0,"key":"Ancient Potion"},{"floor":5.0,"key":"Poison Potion"},{"floor":12.0,"key":"SteroidPotion"},{"floor":19.0,"key":"Poison Potion"},{"floor":20.0,"key":"Regen Potion"},{"floor":29.0,"key":"Energy Potion"},{"floor":31,"key":"FairyPotion"},{"floor":33,"key":"Explosive Potion"},{"floor":45,"key":"BloodPotion"},{"floor":45,"key":"Weak Potion"},{"floor":45,"key":"Fire Potion"},{"floor":46,"key":"GamblersBrew"}],"is_trial":false,"path_per_floor":["M","?","$","M","M","E","R","M","T","$","E","M","?","M","R","B",null,"M","M","M","$","M","E","R","M","T","M","$","M","E","M","R","B",null,"M","$","M","M","M","E","R","E","T","M","?","E","$","M","R","B"],"character_chosen":"IRONCLAD","items_purchased":["Apotheosis","Battle Trance","Pen Nib","FairyPotion","Vajra","Bag of Preparation"],"campfire_rested":2,"item_purchase_floors":[10,10,21,28,36,47],"current_hp_per_floor":[80,80,80,80,79,70,70,73,83,83,69,69,75,81,81,77,90,82,84,90,90,84,67,67,58,58,58,58,48,41,45,45,34,97,88,88,89,90,96,94,97,71,71,68,68,52,52,58,87,56],"gold":152,"neow_bonus":"RANDOM_COMMON_RELIC","is_prod":false,"is_daily":false,"chose_seed":false,"campfire_upgraded":4,"win_rate":0,"timestamp":1532677644,"path_taken":["M","?","$","M","M","E","R","M","T","$","E","M","?","M","R","BOSS","M","M","M","$","M","E","R","M","T","M","$","M","E","M","R","BOSS","M","$","M","M","M","E","R","E","T","?","?","E","$","M","R","BOSS"],"build_version":"2018-07-26","purchased_purges":0,"victory":true,"max_hp_per_floor":[80,80,80,80,80,80,80,80,90,90,90,90,90,90,90,90,90,90,90,90,90,90,90,90,90,90,90,90,90,97,97,97,97,97,97,97,97,97,97,97,97,97,97,97,97,97,97,97,97,97],"card_choices":[{"not_picked":["Cleave","Thunderclap"],"picked":"Spot Weakness","floor":1.0},{"not_picked":["Clash","True Grit"],"picked":"Battle Trance","floor":4.0},{"not_picked":["Havoc","Wild Strike"],"picked":"Inflame","floor":5.0},{"not_picked":["Pummel","Shrug It Off"],"picked":"Thunderclap","floor":6.0},{"not_picked":["Hemokinesis","Clothesline","Reckless Charge"],"picked":"SKIP","floor":8.0},{"not_picked":["Sever Soul","Headbutt"],"picked":"Twin Strike","floor":11.0},{"not_picked":["Headbutt","Intimidate"],"picked":"Twin Strike","floor":12.0},{"not_picked":["Battle Trance","Impervious"],"picked":"Inflame","floor":14.0},{"not_picked":["Berserk","Exhume"],"picked":"Double Tap","floor":16.0},{"not_picked":["Shockwave","Power Through","Flex"],"picked":"SKIP","floor":18.0},{"not_picked":["Perfected Strike","Pummel"],"picked":"Body Slam","floor":19.0},{"not_picked":["Shockwave","Twin Strike"],"picked":"Body Slam","floor":20.0},{"not_picked":["Shrug It Off","Flex+1","Dual Wield"],"picked":"SKIP","floor":22.0},{"not_picked":["True Grit","Flame Barrier","Reckless Charge"],"picked":"SKIP","floor":23.0},{"not_picked":["Twin Strike","Sword Boomerang+1"],"picked":"Limit Break","floor":25.0},{"not_picked":["Warcry","Blood for Blood+1"],"picked":"Twin Strike","floor":27.0},{"not_picked":["Evolve","Armaments"],"picked":"Iron Wave","floor":29.0},{"not_picked":["Rampage","Havoc","Armaments"],"picked":"SKIP","floor":30.0},{"not_picked":["Corruption","Evolve"],"picked":"Battle Trance","floor":31},{"not_picked":["Metallicize+1","Pommel Strike+1","Uppercut+1"],"picked":"SKIP","floor":35},{"not_picked":["Twin Strike+1","Clash+1"],"picked":"Sword Boomerang+1","floor":37},{"not_picked":["Pommel Strike+1","Flame Barrier"],"picked":"Twin Strike+1","floor":38},{"not_picked":["Battle Trance+1","Clothesline","Perfected Strike"],"picked":"SKIP","floor":39},{"not_picked":["Clash+1","Perfected Strike+1"],"picked":"Iron Wave+1","floor":40},{"not_picked":["Juggernaut","Spot Weakness+1","Impervious"],"picked":"SKIP","floor":42},{"not_picked":["Heavy Blade","Body Slam+1","Pummel+1"],"picked":"SKIP","floor":44},{"not_picked":["Iron Wave","Anger+1","Body Slam+1"],"picked":"SKIP","floor":46},{"not_picked":["Power Through+1","Wild Strike+1"],"picked":"Clothesline+1","floor":48}],"player_experience":232451,"relics_obtained":[{"floor":6.0,"key":"Gremlin Horn"},{"floor":9.0,"key":"Pear"},{"floor":11.0,"key":"Orichalcum"},{"floor":13.0,"key":"Odd Mushroom"},{"floor":23.0,"key":"Bag of Marbles"},{"floor":26.0,"key":"Tiny Chest"},{"floor":30.0,"key":"Strawberry"},{"floor":40,"key":"Pantograph"},{"floor":42,"key":"Potion Belt"},{"floor":43,"key":"Letter Opener"},{"floor":46,"key":"Toxic Egg 2"}],"event_choices":[{"event_name":"Match and Keep!","player_choice":"0 cards matched","floor":2.0,"damage_taken":0.0},{"event_name":"Mushrooms","player_choice":"Fought Mushrooms","floor":13.0,"damage_taken":0.0},{"event_name":"The Lab","player_choice":"Got Potions","floor":45,"damage_taken":0}],"is_beta":false,"boss_relics":[{"not_picked":["Calling Bell","Velvet Choker"],"picked":"Mark of Pain"},{"not_picked":["Sozu","Black Star"],"picked":"Fusion Hammer"}],"items_purged_floors":[],"is_endless":false,"potions_floor_spawned":[4,5,12,19,20,29,31,33,35,39,40,46],"ascension_level":0}