{"path_per_floor":["M","$","?","M","$","E","R","$","T","E","R","M","?","$","R","B",null,"M","M","$","M","$","R","?","R","T","M","?","M","M","M","R","B",null,"M","?","T","$","M","R","M","M","T","?","M","$","M","M","R","B"],"character_chosen":"THE_SILENT","items_purchased":["Backflip","Adrenaline","Noxious Fumes","Block Potion","Blur"],"gold_per_floor":[109,34,109,119,19,44,44,19,19,49,49,64,64,64,64,165,165,181,194,123,139,20,20,20,20,20,32,32,48,66,78,78,175,175,190,190,190,29,48,48,61,74,74,74,90,90,104,120,120,120],"floor_reached":51,"campfire_rested":3,"playtime":5733,"current_hp_per_floor":[63,63,52,52,52,41,41,41,41,21,39,39,39,39,39,34,63,63,63,63,52,52,52,52,52,52,52,52,50,43,32,50,25,63,63,63,63,63,63,63,63,51,51,51,51,51,47,47,63,46],"items_purged":["Strike_G","Strike_G","Strike_G"],"gold":120,"play_id":"7392a149-2515-4a04-8490-a494977e86a8","is_prod":false,"is_daily":false,"is_ascension_mode":false,"campfire_upgraded":5,"path_taken":["M","$","?","M","?","E","R","$","T","E","R","M","?","$","R","BOSS","M","M","$","M","$","R","?","R","T","M","?","?","M","M","R","BOSS","M","?","?","$","?","R","M","M","T","?","M","?","M","?","R","BOSS"],"build_version":"2018-01-29-BETA1","purchased_purges":3,"victory":true,"master_deck":["Defend_G","Defend_G","Defend_G","Survivor","Neutralize+1","Deadly Poison","Bane","Crippling Poison","Backflip+1","Dagger Spray","Adrenaline","Bane","A Thousand Cuts+1","Acrobatics","Adrenaline","Noxious Fumes+1","Tactician+1","Prepared","Prepared","After Image","Well Laid Plans+1","Blur+1","Footwork"],"max_hp_per_floor":[63,63,63,63,63,63,63,63,63,63,63,63,63,63,63,63,63,63,63,63,63,63,63,63,63,63,63,63,63,63,63,63,63,63,63,63,63,63,63,63,63,63,63,63,63,63,63,63,63,63],"relics":["Ring of the Snake","Bottled Flame","Mercury Hourglass","Bronze Scales","Question Card","Matryoshka","Sozu","Orichalcum","Toxic Egg","Happy Flower","Ice Cream"],"card_choices":[{"not_picked":["Quick Slash","Wraith Form"],"picked":"Deadly Poison"},{"not_picked":["Outmaneuver","Underhanded Strike"],"picked":"Bane"},{"not_picked":["Riddle With Holes","Prepared"],"picked":"Crippling Poison"},{"not_picked":["Unload","Deflect"],"picked":"Dagger Spray"},{"not_picked":["Night Terror","Unload"],"picked":"A Thousand Cuts"},{"not_picked":["Slice","Poisoned Stab","Prepared"],"picked":"Acrobatics"},{"not_picked":["Underhanded Strike","Crippling Poison","PiercingWail"],"picked":"Prepared"},{"not_picked":["Bouncing Flask","Distraction","Night Terror"],"picked":"Prepared"},{"not_picked":["Unload","Storm of Steel","Burst"],"picked":"After Image"},{"not_picked":["Dash","Deflect","Bouncing Flask"],"picked":"Well Laid Plans"},{"not_picked":["Cloak And Dagger","Deflect","Underhanded Strike"],"picked":"Footwork"}],"player_experience":124582,"potions_floor_usage":[6,16,21,27,27,30,31,33,33],"damage_taken":[{"damage":0,"enemies":"2 Louse","floor":1,"turns":3},{"damage":0,"enemies":"Cultist","floor":4,"turns":4},{"damage":11,"enemies":"Lagavulin","floor":6,"turns":7},{"damage":20,"enemies":"Gremlin Nob","floor":10,"turns":4},{"damage":0,"enemies":"Jaw Worm","floor":12,"turns":2},{"damage":5,"enemies":"Hexaghost","floor":16,"turns":9},{"damage":0,"enemies":"Shell Parasite","floor":18,"turns":4},{"damage":0,"enemies":"Chosen","floor":19,"turns":5},{"damage":11,"enemies":"Centurion and Healer","floor":21,"turns":5},{"damage":0,"enemies":"3 Cultists","floor":27,"turns":3},{"damage":2,"enemies":"Snake Plant","floor":29,"turns":3},{"damage":7,"enemies":"Sentry and Sphere","floor":30,"turns":6},{"damage":23,"enemies":"Chosen and Byrds","floor":31,"turns":5},{"damage":25,"enemies":"Collector","floor":33,"turns":8},{"damage":0,"enemies":"Flame Bruiser 1 Orb","floor":35,"turns":4},{"damage":0,"enemies":"3 Shapes","floor":39,"turns":2},{"damage":0,"enemies":"Sphere and 2 Shapes","floor":41,"turns":3},{"damage":12,"enemies":"3 Darklings","floor":42,"turns":3},{"damage":0,"enemies":"Maw","floor":45,"turns":7},{"damage":4,"enemies":"4 Shapes","floor":47,"turns":3},{"damage":0,"enemies":"Flame Bruiser 2 Orb","floor":48,"turns":3},{"damage":17,"enemies":"Time Eater","floor":50,"turns":12}],"event_choices":[{"event_name":"World of Goop","player_choice":"Gather Gold","floor":3,"damage_taken":0},{"event_name":"Match and Keep!","player_choice":"2 cards matched","floor":13,"damage_taken":0},{"event_name":"Purifier","player_choice":"One Purge","floor":24,"damage_taken":0},{"event_name":"The Library","player_choice":"Read","floor":28,"damage_taken":0},{"event_name":"Mysterious Sphere","player_choice":"Ignore","floor":36,"damage_taken":0}],"boss_relics":[{"not_picked":["Eternal Feather","White Beast Statue"],"picked":"Question Card"},{"not_picked":["Pandora\u0027s Box","Calling Bell"],"picked":"Sozu"}],"potions_floor_spawned":[4,10,12,16,18,29,30,31,33,35,39,42],"seed_played":"-2675188244387596738","ascension_level":0,"is_trial":false}