{"gold_per_floor":[218,218,137,147,160,194,194,369,369,369,379,63,73,173,173,268,268,279,295,40,57,74,74,92,92,92,92,92,92,92,105,105,206,206,226,72,72,91,110,110,210,2,2,12,31,31,31,48,48,48],"floor_reached":50,"playtime":1428,"items_purged":["Doubt"],"score":469,"play_id":"355250d5-e68b-455c-aa98-a7f0a93e5f17","local_time":"20190621121451","is_ascension_mode":false,"campfire_choices":[{"data":"Reaper","floor":7,"key":"SMITH"},{"data":"Bash","floor":10,"key":"SMITH"},{"data":"Twin Strike","floor":15,"key":"SMITH"},{"data":"Juggernaut","floor":23,"key":"SMITH"},{"data":"Evolve","floor":25,"key":"SMITH"},{"data":"Iron Wave","floor":28,"key":"SMITH"},{"data":"Headbutt","floor":32,"key":"SMITH"},{"floor":40,"key":"RECALL"}],"neow_cost":"NONE","seed_source_timestamp":651877764239200,"circlet_count":0,"master_deck":["Strike_R+1","Strike_R+1","Strike_R+1","Strike_R+1","Strike_R+1","Defend_R+1","Defend_R+1","Defend_R+1","Bash+1","Sword Boomerang+1","Reaper+1","Twin Strike+1","Juggernaut+1","Iron Wave+1","Headbutt+1","Evolve+1","Flame Barrier+1","Clothesline+1","Shrug It Off+1","Dropkick"],"relics":["Burning Blood","Bottled Flame","Mummified Hand","Kunai","Coffee Dripper","Mercury Hourglass","Strawberry","Pen Nib","Fusion Hammer","Centennial Puzzle","Pocketwatch","Brimstone","Shuriken"],"potions_floor_usage":[16,31,33,50,50],"damage_taken":[{"damage":6,"enemies":"Jaw Worm","floor":1,"turns":3},{"damage":3,"enemies":"Small Slimes","floor":4,"turns":3},{"damage":0,"enemies":"Cultist","floor":5,"turns":2},{"damage":28,"enemies":"Gremlin Nob","floor":6,"turns":4},{"damage":18,"enemies":"Exordium Thugs","floor":11,"turns":5},{"damage":10,"enemies":"Looter","floor":13,"turns":2},{"damage":46,"enemies":"Slime Boss","floor":16,"turns":12},{"damage":24,"enemies":"2 Thieves","floor":18,"turns":4},{"damage":16,"enemies":"3 Byrds","floor":19,"turns":5},{"damage":8,"enemies":"Cultist and Chosen","floor":21,"turns":6},{"damage":27,"enemies":"Snake Plant","floor":22,"turns":4},{"damage":11,"enemies":"Snecko","floor":24,"turns":4},{"damage":2,"enemies":"3 Cultists","floor":31,"turns":4},{"damage":79,"enemies":"Collector","floor":33,"turns":10},{"damage":11,"enemies":"Orb Walker","floor":35,"turns":3},{"damage":18,"enemies":"3 Shapes","floor":38,"turns":3},{"damage":3,"enemies":"3 Darklings","floor":39,"turns":5},{"damage":27,"enemies":"Mind Bloom Boss Battle","floor":41,"turns":5},{"damage":17,"enemies":"Spire Growth","floor":44,"turns":3},{"damage":6,"enemies":"Jaw Worm Horde","floor":45,"turns":3},{"damage":31,"enemies":"Writhing Mass","floor":48,"turns":4},{"damage":74,"enemies":"Time Eater","floor":50,"turns":5}],"seed_played":"-4390204151059322777","potions_obtained":[{"floor":11,"key":"FearPotion"},{"floor":13,"key":"Swift Potion"},{"floor":16,"key":"Regen Potion"},{"floor":18,"key":"Energy Potion"},{"floor":33,"key":"Strength Potion"},{"floor":38,"key":"SteroidPotion"},{"floor":45,"key":"GamblersBrew"}],"is_trial":false,"path_per_floor":["M","?","$","M","M","E","R","?","T","R","M","$","M","?","R","B",null,"M","M","$","M","M","R","M","R","T","$","R","?","?","M","R","B",null,"M","$","?","M","M","R","?","$","T","M","M","?","R","M","R","B"],"character_chosen":"IRONCLAD","items_purchased":["Reaper","Kunai","Mercury Hourglass","Centennial Puzzle","Brimstone"],"campfire_rested":0,"item_purchase_floors":[3,12,20,36,42],"current_hp_per_floor":[80,80,80,80,80,58,58,58,58,58,56,56,52,52,52,27,80,67,63,63,71,50,50,45,45,52,52,52,52,52,71,71,17,87,82,82,82,75,87,87,66,66,66,65,80,80,80,55,55,0],"gold":48,"neow_bonus":"HUNDRED_GOLD","is_prod":false,"is_daily":false,"chose_seed":false,"campfire_upgraded":7,"win_rate":0,"timestamp":1561108491,"path_taken":["M","?","$","M","M","E","R","?","T","R","M","$","M","?","R","BOSS","M","M","$","M","M","R","?","R","T","$","R","?","?","M","R","BOSS","M","$","?","M","M","R","?","?","T","M","M","?","R","M","R","BOSS"],"build_version":"2019-01-23","purchased_purges":1,"victory":false,"max_hp_per_floor":[80,80,80,80,80,80,80,80,80,80,80,80,80,80,80,80,80,80,80,80,80,80,80,80,80,87,87,87,87,87,87,87,87,87,87,87,87,87,87,87,87,87,87,87,87,87,87,87,87,87],"card_choices":[{"not_picked":["True Grit","Twin Strike"],"picked":"Sword Boomerang","floor":1},{"not_picked":["Body Slam","Iron Wave","Sentinel"],"picked":"SKIP","floor":4},{"not_picked":["Iron Wave","Combust","Armaments"],"picked":"SKIP","floor":5},{"not_picked":["Dropkick","Blood for Blood","Clothesline"],"picked":"SKIP","floor":6},{"not_picked":["Fire Breathing","Feel No Pain"],"picked":"Twin Strike","floor":11},{"not_picked":["Clash","Wild Strike","Fire Breathing"],"picked":"SKIP","floor":13},{"not_picked":["Impervious","Barricade"],"picked":"Juggernaut","floor":16},{"not_picked":["True Grit","Body Slam"],"picked":"Iron Wave","floor":18},{"not_picked":["Perfected Strike","Cleave","Clash+1"],"picked":"SKIP","floor":19},{"not_picked":["True Grit+1","Searing Blow+1"],"picked":"Headbutt","floor":21},{"not_picked":["Headbutt","Armaments+1"],"picked":"Evolve","floor":22},{"not_picked":["Combust","Heavy Blade+1","Cleave"],"picked":"SKIP","floor":24},{"not_picked":["Pommel Strike","Havoc","Warcry+1"],"picked":"SKIP","floor":31},{"not_picked":["Heavy Blade","Uppercut+1","True Grit"],"picked":"SKIP","floor":35},{"not_picked":["Anger+1","Fire Breathing"],"picked":"Flame Barrier","floor":38},{"not_picked":["Ghostly Armor","Burning Pact"],"picked":"Clothesline+1","floor":39},{"not_picked":["Body Slam+1","Heavy Blade+1"],"picked":"Shrug It Off+1","floor":41},{"not_picked":["Flex+1","Havoc"],"picked":"Dropkick","floor":44},{"not_picked":["Thunderclap","Double Tap","Perfected Strike+1"],"picked":"SKIP","floor":45},{"not_picked":["Wild Strike+1","Rage+1","Rampage+1"],"picked":"SKIP","floor":48}],"player_experience":635254,"relics_obtained":[{"floor":6,"key":"Bottled Flame"},{"floor":9,"key":"Mummified Hand"},{"floor":26,"key":"Strawberry"},{"floor":41,"key":"Pocketwatch"},{"floor":43,"key":"Shuriken"}],"event_choices":[{"damage_healed":0,"gold_gain":0,"player_choice":"Grow","damage_taken":0,"max_hp_gain":0,"max_hp_loss":0,"event_name":"Living Wall","floor":2,"gold_loss":0,"cards_upgraded":["Sword Boomerang"]},{"damage_healed":0,"gold_gain":175,"player_choice":"AGREE","damage_taken":0,"max_hp_gain":0,"max_hp_loss":0,"event_name":"Liars Game","floor":8,"gold_loss":0,"cards_obtained":["Doubt"]},{"damage_healed":0,"gold_gain":100,"player_choice":"Pray","damage_taken":0,"max_hp_gain":0,"max_hp_loss":0,"event_name":"Golden Shrine","floor":14,"gold_loss":0},{"damage_healed":0,"gold_gain":0,"player_choice":"Opened","damage_taken":0,"relics_obtained":["Pen Nib"],"max_hp_gain":0,"max_hp_loss":0,"event_name":"The Mausoleum","floor":29,"gold_loss":0},{"damage_healed":0,"gold_gain":0,"player_choice":"Simplicity","damage_taken":0,"max_hp_gain":0,"max_hp_loss":0,"event_name":"Back to Basics","floor":30,"gold_loss":0,"cards_upgraded":["Strike_R","Strike_R","Strike_R","Strike_R","Strike_R","Defend_R","Defend_R","Defend_R","Defend_R"]},{"cards_removed":["Defend_R"],"damage_healed":0,"gold_gain":0,"player_choice":"Removed Skill","damage_taken":0,"max_hp_gain":0,"max_hp_loss":0,"event_name":"Falling","floor":37,"gold_loss":0},{"damage_healed":0,"gold_gain":0,"player_choice":"Fight","damage_taken":0,"max_hp_gain":0,"max_hp_loss":0,"event_name":"MindBloom","floor":41,"gold_loss":0},{"damage_healed":0,"gold_gain":0,"player_choice":"Forge","damage_taken":0,"max_hp_gain":0,"max_hp_loss":0,"event_name":"Accursed Blacksmith","floor":46,"gold_loss":0,"cards_upgraded":["Flame Barrier"]}],"is_beta":false,"boss_relics":[{"not_picked":["Astrolabe","Sozu"],"picked":"Coffee Dripper"},{"not_picked":["Snecko Eye","Cursed Key"],"picked":"Fusion Hammer"}],"items_purged_floors":[12],"is_endless":false,"potions_floor_spawned":[11,13,16,18,22,33,38,39,45],"killed_by":"Time Eater","ascension_level":0}