{"gold_per_floor":[116,116,134,150,150,150,177,352,352,367,367,367,379,69,69,69],"floor_reached":16,"playtime":350,"items_purged":["Strike_R"],"score":98,"play_id":"59a3a59d-057d-49fe-960c-357d5e60291c","local_time":"20190726172913","is_ascension_mode":false,"campfire_choices":[{"data":"Flame Barrier","floor":6,"key":"SMITH"},{"data":"Body Slam","floor":11,"key":"SMITH"},{"data":"Defend_R","floor":13,"key":"SMITH"},{"data":"Sword Boomerang","floor":15,"key":"SMITH"}],"neow_cost":"PERCENT_DAMAGE","seed_source_timestamp":259283731421300,"circlet_count":0,"master_deck":["Strike_R","Defend_R","Defend_R","Defend_R+1","Defend_R","Bash","Flame Barrier+1","Cleave","Sword Boomerang+1","Doubt","Body Slam+1"],"relics":["Burning Blood","Matryoshka","Ancient Tea Set","Frozen Egg 2","MawBank","Pantograph","Toxic Egg 2"],"potions_floor_usage":[],"damage_taken":[{"damage":6,"enemies":"Jaw Worm","floor":1,"turns":4},{"damage":0,"enemies":"2 Louse","floor":3,"turns":3},{"damage":0,"enemies":"Small Slimes","floor":4,"turns":4},{"damage":17,"enemies":"3 Sentries","floor":7,"turns":11},{"damage":36,"enemies":"Gremlin Gang","floor":10,"turns":4},{"damage":16,"enemies":"The Guardian","floor":16,"turns":7}],"seed_played":"6692009856291846990","potions_obtained":[{"floor":3,"key":"SpeedPotion"},{"floor":7,"key":"GamblersBrew"},{"floor":10,"key":"Explosive Potion"}],"is_trial":false,"path_per_floor":["M","?","M","M","$","R","E","?","T","M","R","T","R","$","R","B"],"character_chosen":"IRONCLAD","items_purchased":["Toxic Egg 2"],"campfire_rested":0,"item_purchase_floors":[14],"current_hp_per_floor":[56,49,55,61,61,61,50,50,50,20,20,20,20,20,20,29],"gold":69,"neow_bonus":"REMOVE_TWO","is_prod":false,"is_daily":false,"chose_seed":false,"campfire_upgraded":4,"win_rate":0,"timestamp":1564151353,"path_taken":["M","?","M","M","$","R","E","?","T","M","R","?","R","$","R","BOSS"],"build_version":"2019-07-17","purchased_purges":1,"victory":false,"max_hp_per_floor":[80,80,80,80,80,80,80,80,80,80,80,80,80,80,80,80],"card_choices":[{"not_picked":["Shrug It Off","Sword Boomerang"],"picked":"Flame Barrier","floor":1},{"not_picked":["Warcry","Iron Wave","Wild Strike"],"picked":"SKIP","floor":3},{"not_picked":["Reckless Charge","Infernal Blade"],"picked":"Cleave","floor":4},{"not_picked":["Offering","Inflame"],"picked":"Sword Boomerang","floor":7},{"not_picked":["Fire Breathing+1","Cleave"],"picked":"Body Slam","floor":10}],"player_experience":765288,"relics_obtained":[{"floor":7,"key":"Matryoshka"},{"floor":9,"key":"Ancient Tea Set"},{"floor":9,"key":"Frozen Egg 2"},{"floor":12,"key":"MawBank"},{"floor":12,"key":"Pantograph"}],"event_choices":[{"cards_removed":["Strike_R"],"damage_healed":0,"gold_gain":0,"player_choice":"Card Removal","damage_taken":7,"max_hp_gain":0,"max_hp_loss":0,"event_name":"Golden Wing","floor":2,"gold_loss":0},{"damage_healed":0,"gold_gain":175,"player_choice":"AGREE","damage_taken":0,"max_hp_gain":0,"max_hp_loss":0,"event_name":"Liars Game","floor":8,"gold_loss":0,"cards_obtained":["Doubt"]}],"is_beta":false,"boss_relics":[],"items_purged_floors":[14],"is_endless":false,"potions_floor_spawned":[3,7,10],"killed_by":"The Guardian","ascension_level":0}