{"gold_per_floor":[116,126,89,106,37,64,64,84,84,84,97,110,137,155,155,254,254,271,370,370,370,51,51,65,78,78,78,90,155,173,96,96,200,200,220,146,0,53,68,68,80,80,80,98,117,128,141,170,170,170],"floor_reached":51,"playtime":1929,"items_purged":[],"score":738,"play_id":"8dcbb5d3-7438-42f6-935c-9f7f647e2bbc","local_time":"20181007011133","is_ascension_mode":false,"campfire_choices":[{"data":"Zap","floor":7,"key":"SMITH"},{"data":"Seek","floor":10,"key":"SMITH"},{"data":"Loop","floor":15,"key":"SMITH"},{"data":"Loop","floor":23,"key":"SMITH"},{"data":"Self Repair","floor":27,"key":"SMITH"},{"data":"Self Repair","floor":32,"key":"SMITH"},{"data":"Seek","floor":40,"key":"SMITH"},{"data":"Dualcast","floor":42,"key":"SMITH"},{"data":"Conserve Battery","floor":49,"key":"SMITH"}],"neow_cost":"NONE","seed_source_timestamp":2571817104393,"circlet_count":0,"master_deck":["Strike_B","Strike_B","Strike_B","Strike_B","Defend_B","Defend_B","Defend_B","Defend_B","Zap+1","Dualcast+1","Seek+1","Ball Lightning","Self Repair+1","Self Repair+1","Loop+1","Auto Shields","Loop+1","Conserve Battery+1","Loop+1","Ball Lightning","Defragment+1","Capacitor+1","Storm+1","Static Discharge+1","Echo Form+1","Static Discharge+1","Consume+1","Seek+1","Auto Shields+1","Conserve Battery+1","Fusion+1"],"relics":["FrozenCore","Gremlin Horn","Mummified Hand","Frozen Egg 2","Meat on the Bone","Singing Bowl","Tiny Chest","Inserter","Red Mask","FossilizedHelix","Toxic Egg 2","Mercury Hourglass"],"potions_floor_usage":[6,25,29,29,49,50,50],"damage_taken":[{"damage":1,"enemies":"Cultist","floor":1,"turns":3},{"damage":0,"enemies":"2 Louse","floor":2,"turns":2},{"damage":5,"enemies":"Jaw Worm","floor":4,"turns":4},{"damage":28,"enemies":"Gremlin Nob","floor":6,"turns":4},{"damage":8,"enemies":"3 Louse","floor":8,"turns":3},{"damage":10,"enemies":"Large Slime","floor":11,"turns":4},{"damage":5,"enemies":"Looter","floor":12,"turns":3},{"damage":22,"enemies":"3 Sentries","floor":13,"turns":6},{"damage":9,"enemies":"Lots of Slimes","floor":14,"turns":3},{"damage":11,"enemies":"The Guardian","floor":16,"turns":9},{"damage":6,"enemies":"Spheric Guardian","floor":18,"turns":6},{"damage":7,"enemies":"3 Byrds","floor":24,"turns":5},{"damage":19,"enemies":"Cultist and Chosen","floor":25,"turns":5},{"damage":27,"enemies":"3 Cultists","floor":28,"turns":5},{"damage":32,"enemies":"Slavers","floor":29,"turns":6},{"damage":15,"enemies":"Sentry and Sphere","floor":30,"turns":4},{"damage":53,"enemies":"Automaton","floor":33,"turns":7},{"damage":17,"enemies":"3 Darklings","floor":35,"turns":5},{"damage":42,"enemies":"Mysterious Sphere","floor":38,"turns":5},{"damage":0,"enemies":"3 Shapes","floor":39,"turns":3},{"damage":9,"enemies":"Maw","floor":41,"turns":5},{"damage":10,"enemies":"3 Darklings","floor":44,"turns":5},{"damage":0,"enemies":"Transient","floor":45,"turns":5},{"damage":7,"enemies":"4 Shapes","floor":46,"turns":4},{"damage":0,"enemies":"Spire Growth","floor":47,"turns":4},{"damage":31,"enemies":"Nemesis","floor":48,"turns":5},{"damage":28,"enemies":"Time Eater","floor":50,"turns":8}],"seed_played":"-7834351693051735269","potions_obtained":[{"floor":2,"key":"Swift Potion"},{"floor":6,"key":"Regen Potion"},{"floor":11,"key":"Strength Potion"},{"floor":14,"key":"Dexterity Potion"},{"floor":24,"key":"Fruit Juice"},{"floor":29,"key":"SpeedPotion"},{"floor":30,"key":"Regen Potion"},{"floor":35,"key":"Block Potion"},{"floor":46,"key":"Fruit Juice"}],"is_trial":false,"path_per_floor":["M","M","$","M","$","E","R","M","T","R","M","M","E","M","R","B",null,"M","?","?","?","$","R","M","M","T","R","M","E","M","$","R","B",null,"M","$","?","?","M","R","M","R","T","M","M","M","M","E","R","B"],"character_chosen":"DEFECT","items_purchased":["Self Repair","Loop","Defragment+1","Meat on the Bone","Static Discharge+1","Static Discharge+1"],"campfire_rested":0,"item_purchase_floors":[3,5,22,22,31,36],"current_hp_per_floor":[74,74,74,75,75,61,61,67,67,67,71,75,67,72,72,75,75,75,75,75,75,75,75,75,68,68,68,60,60,64,64,64,43,84,86,86,86,54,64,64,75,75,75,87,90,90,92,81,86,83],"gold":170,"neow_bonus":"ONE_RANDOM_RARE_CARD","is_prod":false,"is_daily":false,"chose_seed":false,"campfire_upgraded":9,"win_rate":0,"timestamp":1538863893,"path_taken":["M","M","$","M","$","E","R","M","T","R","M","?","E","M","R","BOSS","M","?","?","?","$","R","?","?","T","R","M","E","M","$","R","BOSS","M","$","?","?","M","R","M","R","T","M","M","M","M","E","R","BOSS"],"build_version":"2018-10-04v2","purchased_purges":0,"victory":true,"max_hp_per_floor":[75,75,75,75,75,75,75,75,75,75,75,75,75,75,75,75,75,75,75,75,75,75,75,75,80,80,80,82,82,84,84,84,84,84,86,86,86,86,86,86,86,86,86,88,90,90,92,92,97,97],"card_choices":[{"not_picked":["Go for the Eyes","Steam"],"picked":"Ball Lightning","floor":1},{"not_picked":["Melter","Reprogram","Turbo"],"picked":"SKIP","floor":2},{"not_picked":["Turbo","Stack"],"picked":"Self Repair","floor":4},{"not_picked":["Cold Snap","Thunder Strike"],"picked":"Auto Shields","floor":6},{"not_picked":["White Noise","Doom and Gloom"],"picked":"Loop","floor":8},{"not_picked":["Hologram","Chaos"],"picked":"Conserve Battery","floor":11},{"not_picked":["Compile Driver","Beam Cell","Barrage"],"picked":"SKIP","floor":12},{"not_picked":["Double Energy","Stack","Steam"],"picked":"SKIP","floor":13},{"not_picked":["Fusion","Stack"],"picked":"Loop+1","floor":14},{"not_picked":["Recycle+1","Cold Snap+1"],"picked":"Ball Lightning","floor":18},{"not_picked":["Coolheaded","Auto Shields"],"picked":"Capacitor+1","floor":24},{"not_picked":["Glacier","Cold Snap+1","Streamline"],"picked":"SKIP","floor":25},{"not_picked":["Double Energy","Steam Power+1","Genetic Algorithm"],"picked":"Singing Bowl","floor":28},{"not_picked":["Capacitor+1","Meteor Strike"],"picked":"Storm+1","floor":29},{"not_picked":["Go for the Eyes","Turbo+1","Compile Driver"],"picked":"Singing Bowl","floor":30},{"not_picked":["Rainbow","Multi-Cast"],"picked":"Echo Form+1","floor":33},{"not_picked":["Steam+1","Gash","Beam Cell+1"],"picked":"Singing Bowl","floor":35},{"not_picked":["Gash","Chaos"],"picked":"Consume+1","floor":38},{"not_picked":["Stack+1","Redo"],"picked":"Seek","floor":39},{"not_picked":["Steam Power+1","Ball Lightning+1"],"picked":"Auto Shields+1","floor":41},{"not_picked":["Capacitor+1","Steam+1","Beam Cell"],"picked":"Singing Bowl","floor":44},{"not_picked":["Steam+1","Redo+1","Auto Shields+1"],"picked":"Singing Bowl","floor":45},{"not_picked":["Streamline+1","Reprogram+1"],"picked":"Conserve Battery+1","floor":46},{"not_picked":["Rebound+1","Redo+1","Ball Lightning"],"picked":"Singing Bowl","floor":47},{"not_picked":["Compile Driver+1","Hello World+1"],"picked":"Fusion+1","floor":48}],"player_experience":375105,"relics_obtained":[{"floor":6,"key":"Gremlin Horn"},{"floor":9,"key":"Mummified Hand"},{"floor":13,"key":"Frozen Egg 2"},{"floor":26,"key":"Singing Bowl"},{"floor":29,"key":"Tiny Chest"},{"floor":38,"key":"FossilizedHelix"},{"floor":43,"key":"Toxic Egg 2"},{"floor":48,"key":"Mercury Hourglass"}],"event_choices":[{"event_name":"Nest","player_choice":"Stole From Cult","floor":19,"damage_taken":0},{"event_name":"Cursed Tome","player_choice":"Ignored","floor":20,"damage_taken":0},{"event_name":"Beggar","player_choice":"Ignored","floor":21,"damage_taken":0},{"event_name":"Tomb of Lord Red Mask","player_choice":"Paid","floor":37,"damage_taken":0},{"event_name":"Mysterious Sphere","player_choice":"Fight","floor":38,"damage_taken":0}],"is_beta":false,"boss_relics":[{"not_picked":["Runic Dome","Astrolabe"],"picked":"FrozenCore"},{"not_picked":["Busted Crown","Tiny House"],"picked":"Inserter"}],"items_purged_floors":[],"is_endless":false,"potions_floor_spawned":[2,6,11,14,24,29,30,35,39,45,46,47],"ascension_level":0}