{"gold_per_floor":[365,376,376,390,406,406,420,420,420,436,436,447,476,397,397,502,502,521,521,538,554,554],"floor_reached":22,"playtime":618,"items_purged":[],"score":190,"play_id":"da63c8b2-15bf-4eba-8126-e9bf4e31ba54","local_time":"20180710022606","is_ascension_mode":false,"campfire_choices":[{"data":"Perfected Strike","floor":6,"key":"SMITH"},{"data":"Bash","floor":8,"key":"SMITH"},{"data":"Spot Weakness","floor":15,"key":"SMITH"}],"neow_cost":"CURSE","seed_source_timestamp":5151343390337,"circlet_count":0,"master_deck":["Strike_R","Strike_R","Strike_R","Strike_R","Strike_R","Defend_R","Defend_R","Defend_R","Defend_R","Bash+1","Clumsy","Armaments+1","Perfected Strike+1","Cleave","Pommel Strike","Offering","Spot Weakness+1","Demon Form","Sword Boomerang","Evolve"],"relics":["Burning Blood","Torii","Mango","Mark of Pain"],"potions_floor_usage":[12,18,20,21,22],"damage_taken":[{"damage":0,"enemies":"2 Louse","floor":1,"turns":3},{"damage":6,"enemies":"Cultist","floor":2,"turns":3},{"damage":11,"enemies":"Jaw Worm","floor":4,"turns":3},{"damage":7,"enemies":"3 Louse","floor":5,"turns":4},{"damage":20,"enemies":"Looter","floor":7,"turns":3},{"damage":0,"enemies":"Large Slime","floor":10,"turns":4},{"damage":0,"enemies":"Lots of Slimes","floor":12,"turns":1},{"damage":36,"enemies":"Lagavulin","floor":13,"turns":5},{"damage":22,"enemies":"Hexaghost","floor":16,"turns":7},{"damage":9,"enemies":"Shell Parasite","floor":18,"turns":4},{"damage":26,"enemies":"3 Byrds","floor":20,"turns":4},{"damage":36,"enemies":"Centurion and Healer","floor":21,"turns":6},{"damage":56,"enemies":"Slaver and Parasite","floor":22,"turns":5}],"seed_played":"134271827165252517","potions_obtained":[{"floor":2,"key":"Explosive Potion"},{"floor":4,"key":"Regen Potion"},{"floor":13,"key":"Weak Potion"},{"floor":16,"key":"SkillPotion"},{"floor":18,"key":"SpeedPotion"}],"is_trial":false,"path_per_floor":["M","M","?","M","M","R","M","R","T","M","$","M","E","$","R","B",null,"M","?","M","M"],"character_chosen":"IRONCLAD","items_purchased":["Spot Weakness"],"campfire_rested":0,"item_purchase_floors":[14],"current_hp_per_floor":[80,80,80,75,74,74,60,60,60,66,66,72,56,56,56,40,94,91,91,71,41,0],"gold":554,"neow_bonus":"TWO_FIFTY_GOLD","is_prod":false,"is_daily":false,"chose_seed":false,"campfire_upgraded":3,"win_rate":0,"timestamp":1531178766,"path_taken":["M","M","?","M","M","R","M","R","T","M","$","M","E","$","R","BOSS","M","?","M","M","M"],"build_version":"2018-07-05","purchased_purges":0,"victory":false,"max_hp_per_floor":[80,80,80,80,80,80,80,80,80,80,80,80,94,94,94,94,94,94,94,94,94,94],"card_choices":[{"not_picked":["Clothesline","Rupture","Havoc"],"picked":"SKIP","floor":1},{"not_picked":["Wild Strike","Clash"],"picked":"Armaments","floor":2},{"not_picked":["Combust","Clothesline"],"picked":"Perfected Strike","floor":4},{"not_picked":["Clothesline","Twin Strike"],"picked":"Cleave","floor":5},{"not_picked":["Carnage","Clothesline","Hemokinesis"],"picked":"SKIP","floor":7},{"not_picked":["True Grit","Headbutt","Cleave"],"picked":"SKIP","floor":10},{"not_picked":["Havoc","Wild Strike"],"picked":"Pommel Strike","floor":12},{"not_picked":["Heavy Blade","Rampage"],"picked":"Offering","floor":13},{"not_picked":["Bludgeon","Exhume"],"picked":"Demon Form","floor":16},{"not_picked":["Combust","Thunderclap"],"picked":"Sword Boomerang","floor":18},{"not_picked":["True Grit+1","Clothesline"],"picked":"Evolve","floor":20},{"not_picked":["Combust","Armaments","Sever Soul"],"picked":"SKIP","floor":21}],"player_experience":188710,"relics_obtained":[{"floor":9,"key":"Torii"},{"floor":13,"key":"Mango"}],"event_choices":[{"event_name":"Accursed Blacksmith","player_choice":"Forge","floor":3,"damage_taken":0},{"event_name":"Drug Dealer","player_choice":"Ignored","floor":19,"damage_taken":0}],"boss_relics":[{"not_picked":["Orrery","Pandora\u0027s Box"],"picked":"Mark of Pain"}],"items_purged_floors":[],"is_endless":false,"potions_floor_spawned":[2,4,13,16,18],"killed_by":"Slaver and Parasite","ascension_level":0}