{"gold_per_floor":[360,378,378,453,71,71,102,102,127,160,160,174,189,208,208,309,309,319,55,74,93,111,126,225,225,279,319,33,33,63,77,77,177,177,187,204,221,221,12,0,0,11,11,25,125,125,139,152,152,152],"floor_reached":51,"playtime":1410,"items_purged":["Injury"],"score":801,"play_id":"919ae759-60bf-40ab-80c0-1c2568f49a2c","local_time":"20181224175254","is_ascension_mode":false,"campfire_choices":[{"floor":6,"key":"REST"},{"floor":11,"key":"REST"},{"data":"Inflame","floor":15,"key":"SMITH"},{"data":"Limit Break","floor":25,"key":"SMITH"},{"floor":29,"key":"REST"},{"data":"Inflame","floor":32,"key":"SMITH"},{"data":"Blind","floor":41,"key":"SMITH"},{"data":"Sword Boomerang","floor":46,"key":"SMITH"},{"data":"Sword Boomerang","floor":49,"key":"SMITH"}],"neow_cost":"PERCENT_DAMAGE","seed_source_timestamp":334377757089064,"circlet_count":0,"master_deck":["Strike_R","Strike_R","Strike_R","Strike_R","Strike_R","Defend_R","Defend_R","Defend_R","Defend_R","Bash","Shrug It Off","Twin Strike","Shrug It Off","Sword Boomerang+1","Inflame+1","Limit Break+1","Sword Boomerang+1","Shrug It Off","Armaments+1","Inflame+1","Twin Strike","Shrug It Off","Sword Boomerang","Thunderclap","Offering","Blind+1","Limit Break+1"],"relics":["Burning Blood","Vajra","ClockworkSouvenir","Blue Candle","Dream Catcher","Incense Burner","Cursed Key","Kunai","MawBank","Ornamental Fan","Regal Pillow","Smiling Mask","Velvet Choker","DollysMirror","Red Mask","Thread and Needle"],"potions_floor_usage":[13,30,33,50,50],"damage_taken":[{"damage":21,"enemies":"Jaw Worm","floor":1,"turns":5},{"damage":7,"enemies":"Small Slimes","floor":2,"turns":4},{"damage":12,"enemies":"Gremlin Nob","floor":7,"turns":4},{"damage":36,"enemies":"Lagavulin","floor":10,"turns":5},{"damage":6,"enemies":"Cultist","floor":12,"turns":3},{"damage":2,"enemies":"Looter","floor":13,"turns":4},{"damage":7,"enemies":"Exordium Wildlife","floor":14,"turns":3},{"damage":40,"enemies":"Hexaghost","floor":16,"turns":11},{"damage":2,"enemies":"Spheric Guardian","floor":18,"turns":4},{"damage":10,"enemies":"Shell Parasite","floor":20,"turns":4},{"damage":0,"enemies":"Snecko","floor":21,"turns":4},{"damage":1,"enemies":"Cultist and Chosen","floor":22,"turns":6},{"damage":18,"enemies":"3 Cultists","floor":23,"turns":5},{"damage":65,"enemies":"Gremlin Leader","floor":27,"turns":9},{"damage":0,"enemies":"Slavers","floor":30,"turns":3},{"damage":19,"enemies":"Sentry and Sphere","floor":31,"turns":6},{"damage":14,"enemies":"Collector","floor":33,"turns":4},{"damage":0,"enemies":"3 Shapes","floor":35,"turns":2},{"damage":5,"enemies":"Orb Walker","floor":36,"turns":3},{"damage":4,"enemies":"4 Shapes","floor":37,"turns":4},{"damage":17,"enemies":"Maw","floor":42,"turns":5},{"damage":5,"enemies":"Jaw Worm Horde","floor":44,"turns":5},{"damage":0,"enemies":"Mind Bloom Boss Battle","floor":45,"turns":4},{"damage":0,"enemies":"Spire Growth","floor":47,"turns":4},{"damage":0,"enemies":"Maw","floor":48,"turns":4},{"damage":26,"enemies":"Awakened One","floor":50,"turns":7}],"seed_played":"399575746916710926","potions_obtained":[{"floor":1,"key":"GamblersBrew"},{"floor":10,"key":"BloodPotion"},{"floor":12,"key":"FearPotion"},{"floor":13,"key":"FearPotion"},{"floor":16,"key":"SteroidPotion"},{"floor":30,"key":"Dexterity Potion"},{"floor":33,"key":"Energy Potion"}],"is_trial":false,"path_per_floor":["M","M","?","?","$","R","E","$","T","E","R","M","M","M","R","B",null,"M","$","M","M","M","M","?","R","T","E","$","R","E","M","R","B",null,"M","M","M","?","$","?","R","M","T","M","?","R","M","M","R","B",null],"character_chosen":"IRONCLAD","items_purchased":["Vajra","ClockworkSouvenir","Shrug It Off","Kunai","Shrug It Off","Shrug It Off","Regal Pillow","Sword Boomerang","DollysMirror"],"campfire_rested":3,"item_purchase_floors":[5,5,5,19,19,28,28,28,39],"current_hp_per_floor":[41,40,40,32,32,56,50,50,50,20,44,44,48,47,47,13,80,80,80,76,80,80,68,68,68,68,9,9,48,54,41,41,33,80,80,80,80,80,80,80,80,69,69,70,76,76,80,80,80,60],"gold":152,"neow_bonus":"TWO_FIFTY_GOLD","is_prod":false,"is_daily":false,"chose_seed":false,"campfire_upgraded":6,"win_rate":0,"timestamp":1545666774,"path_taken":["M","M","?","?","$","R","E","$","T","E","R","M","M","?","R","BOSS","M","$","M","M","M","M","?","R","T","E","$","R","E","M","R","BOSS","M","M","M","?","$","?","R","M","T","M","?","R","M","M","R","BOSS"],"build_version":"2018-12-20","purchased_purges":1,"victory":true,"max_hp_per_floor":[80,80,80,80,80,80,80,80,80,80,80,80,80,80,80,80,80,80,80,80,80,80,80,80,80,80,80,80,80,80,80,80,80,80,80,80,80,80,80,80,80,80,80,80,80,80,80,80,80,80],"card_choices":[{"not_picked":["True Grit","Perfected Strike","Havoc"],"picked":"SKIP","floor":1},{"not_picked":["Feel No Pain","Thunderclap","Pommel Strike"],"picked":"SKIP","floor":2},{"not_picked":["Rupture","Metallicize"],"picked":"Twin Strike","floor":7},{"not_picked":["Searing Blow","Heavy Blade"],"picked":"Shrug It Off","floor":10},{"not_picked":["Cleave","Searing Blow","Bludgeon"],"picked":"SKIP","floor":12},{"not_picked":["Corruption","Pommel Strike"],"picked":"Sword Boomerang","floor":13},{"not_picked":["Disarm","Shrug It Off"],"picked":"Inflame","floor":14},{"not_picked":["Barricade","Reaper"],"picked":"Limit Break","floor":16},{"not_picked":["True Grit","Dual Wield"],"picked":"Sword Boomerang","floor":18},{"not_picked":["Feel No Pain","Havoc","Infernal Blade"],"picked":"SKIP","floor":20},{"not_picked":["Seeing Red","Anger+1"],"picked":"Armaments+1","floor":21},{"not_picked":["Flame Barrier+1","Heavy Blade+1"],"picked":"Inflame","floor":22},{"not_picked":["Dropkick","Dual Wield+1","Iron Wave"],"picked":"SKIP","floor":23},{"not_picked":["Entrench","Havoc"],"picked":"Twin Strike","floor":27},{"not_picked":["Power Through+1","Wild Strike"],"picked":"Thunderclap","floor":29},{"not_picked":["Feed","Ghostly Armor","Spot Weakness+1"],"picked":"SKIP","floor":30},{"not_picked":["Body Slam","Clash","Pommel Strike"],"picked":"SKIP","floor":31},{"not_picked":["Exhume","Barricade"],"picked":"Offering","floor":33},{"not_picked":["Dual Wield+1","Headbutt+1","Rampage"],"picked":"SKIP","floor":35},{"not_picked":["Searing Blow+1","Clothesline","Wild Strike+1"],"picked":"SKIP","floor":36},{"not_picked":["Ghostly Armor","Uppercut+1","Corruption"],"picked":"SKIP","floor":37},{"not_picked":["Swift Strike","Magnetism"],"picked":"Blind","floor":38},{"not_picked":["Pommel Strike","Armaments+1","Feel No Pain"],"picked":"SKIP","floor":42},{"not_picked":["Ghostly Armor","Rupture","Warcry+1"],"picked":"SKIP","floor":44},{"not_picked":["Havoc+1","Pummel+1","Heavy Blade"],"picked":"SKIP","floor":47},{"not_picked":["Iron Wave+1","Heavy Blade","Warcry+1"],"picked":"SKIP","floor":48}],"player_experience":521697,"relics_obtained":[{"floor":7,"key":"Blue Candle"},{"floor":9,"key":"Dream Catcher"},{"floor":10,"key":"Incense Burner"},{"floor":26,"key":"MawBank"},{"floor":27,"key":"Ornamental Fan"},{"floor":30,"key":"Smiling Mask"},{"floor":45,"key":"Thread and Needle"}],"event_choices":[{"damage_healed":0,"gold_gain":0,"player_choice":"Ignored","damage_taken":0,"max_hp_gain":0,"max_hp_loss":0,"event_name":"Shining Light","floor":3,"gold_loss":0},{"damage_healed":0,"gold_gain":75,"player_choice":"Touch","damage_taken":8,"max_hp_gain":0,"max_hp_loss":0,"event_name":"FaceTrader","floor":4,"gold_loss":0},{"damage_healed":0,"gold_gain":99,"player_choice":"Stole From Cult","damage_taken":0,"max_hp_gain":0,"max_hp_loss":0,"event_name":"Nest","floor":24,"gold_loss":0},{"damage_healed":0,"gold_gain":0,"player_choice":"Memory 1","damage_taken":0,"max_hp_gain":0,"max_hp_loss":0,"event_name":"SensoryStone","floor":38,"gold_loss":0},{"damage_healed":0,"gold_gain":0,"player_choice":"Paid","damage_taken":0,"relics_obtained":["Red Mask"],"max_hp_gain":0,"max_hp_loss":0,"event_name":"Tomb of Lord Red Mask","floor":40,"gold_loss":12},{"damage_healed":0,"gold_gain":0,"player_choice":"Fight","damage_taken":0,"max_hp_gain":0,"max_hp_loss":0,"event_name":"MindBloom","floor":45,"gold_loss":0}],"is_beta":false,"boss_relics":[{"not_picked":["Pandora\u0027s Box","Tiny House"],"picked":"Cursed Key"},{"not_picked":["Eternal Feather","Orrery"],"picked":"Velvet Choker"}],"items_purged_floors":[28],"is_endless":false,"potions_floor_spawned":[1,10,12,13,16,22,27,30,31,33,35,37,45],"ascension_level":0}