{"gold_per_floor":[116,116,116,129,148,177,177,197,222,17,37,70,70,46,46,145,145,165,165,181,195,212,212,230,108,188,222,222,236,262,282,282,385,385,398,417,163,163,175,175,200,200,200,218,230,230,276,306,306,306,306,306,256,281,281],"floor_reached":56,"playtime":4794,"items_purged":["Bash","Writhe","Strike_R","Corruption+1"],"score":1484,"play_id":"b3900b75-2c75-4d09-8c17-8374993f020c","local_time":"20190729185546","is_ascension_mode":false,"campfire_choices":[{"data":"Shockwave","floor":7.0,"key":"SMITH"},{"data":"Strike_R","floor":15,"key":"PURGE"},{"data":"Normality","floor":23,"key":"PURGE"},{"data":"Shame","floor":28,"key":"PURGE"},{"data":"Strike_R","floor":32,"key":"PURGE"},{"data":"Strike_R","floor":40,"key":"PURGE"},{"data":"Sword Boomerang+1","floor":42,"key":"PURGE"},{"floor":46,"key":"RECALL"},{"data":"Corruption","floor":49,"key":"SMITH"},{"floor":52,"key":"DIG"}],"neow_cost":"TEN_PERCENT_HP_LOSS","seed_source_timestamp":27335322562633,"circlet_count":0,"master_deck":["Defend_R","Defend_R","Defend_R","Defend_R","Shockwave+1","Second Wind","Havoc","Discovery","Armaments","Flame Barrier","Warcry","Battle Trance","Offering","Corruption+1","Seeing Red+1","Feel No Pain","Battle Trance+1"],"special_seed":0,"relics":["Burning Blood","Dead Branch","Smiling Mask","Lantern","Peace Pipe","Calling Bell","Letter Opener","Boot","Du-Vu Doll","Nilry\u0027s Codex","Mummified Hand","Ginger","Dream Catcher","Sozu","Medical Kit","Art of War","Vajra","Charon\u0027s Ashes","Shovel","Bag of Preparation","Kunai","Turnip"],"potions_floor_usage":[16,22,30,33,55],"damage_taken":[{"damage":1.0,"enemies":"Cultist","floor":1.0,"turns":3.0},{"damage":9.0,"enemies":"2 Louse","floor":4.0,"turns":2.0},{"damage":5.0,"enemies":"Small Slimes","floor":5.0,"turns":4.0},{"damage":53.0,"enemies":"3 Sentries","floor":6.0,"turns":10.0},{"damage":3.0,"enemies":"2 Fungi Beasts","floor":8.0,"turns":3.0},{"damage":2,"enemies":"Blue Slaver","floor":11,"turns":3},{"damage":3,"enemies":"Lagavulin","floor":12,"turns":5},{"damage":0,"enemies":"The Guardian","floor":16,"turns":2},{"damage":25,"enemies":"2 Thieves","floor":18,"turns":4},{"damage":2,"enemies":"Spheric Guardian","floor":20,"turns":4},{"damage":3,"enemies":"3 Cultists","floor":21,"turns":4},{"damage":3,"enemies":"Cultist and Chosen","floor":22,"turns":4},{"damage":20,"enemies":"Snake Plant","floor":24,"turns":4},{"damage":0,"enemies":"Gremlin Leader","floor":27,"turns":3},{"damage":0,"enemies":"Snecko","floor":29,"turns":3},{"damage":0,"enemies":"Slavers","floor":30,"turns":3},{"damage":12,"enemies":"Shelled Parasite and Fungi","floor":31,"turns":3},{"damage":0,"enemies":"Automaton","floor":33,"turns":4},{"damage":0,"enemies":"3 Shapes","floor":35,"turns":1},{"damage":0,"enemies":"Orb Walker","floor":36,"turns":3},{"damage":6,"enemies":"Sphere and 2 Shapes","floor":39,"turns":3},{"damage":0,"enemies":"Reptomancer","floor":41,"turns":1},{"damage":6,"enemies":"4 Shapes","floor":44,"turns":2},{"damage":3,"enemies":"Spire Growth","floor":45,"turns":2},{"damage":1,"enemies":"2 Orb Walkers","floor":47,"turns":1},{"damage":6,"enemies":"Nemesis","floor":48,"turns":3},{"damage":44,"enemies":"Awakened One","floor":50,"turns":6},{"damage":6,"enemies":"Shield and Spear","floor":54,"turns":1},{"damage":28,"enemies":"The Heart","floor":55,"turns":5}],"seed_played":"5195854280559570815","potions_obtained":[{"floor":5.0,"key":"PowerPotion"},{"floor":6.0,"key":"Weak Potion"},{"floor":12,"key":"SkillPotion"},{"floor":21,"key":"EssenceOfSteel"},{"floor":27,"key":"Swift Potion"},{"floor":30,"key":"PowerPotion"}],"is_trial":false,"path_per_floor":["M","?","?","M","M","E","R","M","T","$","M","E","?","$","R","B",null,"M","?","M","M","M","R","M","$","T","E","R","M","E","M","R","B",null,"M","M","$","?","M","R","E","R","T","M","M","R","?","E","R","B",null,"R","$","E","B",null],"character_chosen":"IRONCLAD","items_purchased":["Corruption","Discovery","Warcry","Battle Trance","Medical Kit"],"campfire_rested":0,"item_purchase_floors":[10,10,14,25,37],"current_hp_per_floor":[72,65,65,62,63,16,16,19,19,19,23,26,8,8,8,14,72,53,37,41,44,47,47,33,33,33,39,39,45,51,45,45,51,72,72,72,72,72,72,72,72,72,72,72,72,72,72,72,72,34,72,72,72,72,50],"gold":281,"neow_bonus":"ONE_RARE_RELIC","is_prod":false,"is_daily":false,"chose_seed":false,"campfire_upgraded":2,"win_rate":0,"timestamp":1564419346,"path_taken":["M","?","?","M","M","E","R","M","T","$","M","E","?","$","R","BOSS","M","?","M","M","M","R","M","$","T","E","R","M","E","M","R","BOSS","M","M","$","?","M","R","E","R","T","?","M","R","?","E","R","BOSS","R","$","E","BOSS"],"build_version":"2019-07-17","purchased_purges":4,"victory":true,"max_hp_per_floor":[72,72,72,72,72,72,72,72,72,72,72,72,72,72,72,72,72,72,72,72,72,72,72,72,72,72,72,72,72,72,72,72,72,72,72,72,72,72,72,72,72,72,72,72,72,72,72,72,72,72,72,72,72,72,72],"card_choices":[{"not_picked":["Anger","Battle Trance"],"picked":"Sword Boomerang","floor":1.0},{"not_picked":["Combust","Body Slam"],"picked":"Shockwave","floor":4.0},{"not_picked":["Iron Wave","Flex"],"picked":"Second Wind","floor":5.0},{"not_picked":["True Grit","Cleave"],"picked":"Havoc","floor":6.0},{"not_picked":["Clash","Heavy Blade"],"picked":"Havoc","floor":8.0},{"not_picked":["Brutality","Reckless Charge"],"picked":"Armaments","floor":11},{"not_picked":["Rampage","Reckless Charge"],"picked":"Flame Barrier","floor":12},{"not_picked":["Heavy Blade","Disarm+1","Twin Strike"],"picked":"SKIP","floor":18},{"not_picked":["Shrug It Off+1","Burning Pact","Sword Boomerang"],"picked":"SKIP","floor":20},{"not_picked":["Rupture","Anger","Clash"],"picked":"SKIP","floor":21},{"not_picked":["Hemokinesis","Reckless Charge","Perfected Strike"],"picked":"SKIP","floor":22},{"not_picked":["Hemokinesis","Fire Breathing","Iron Wave"],"picked":"SKIP","floor":24},{"not_picked":["Juggernaut","Disarm+1","Headbutt"],"picked":"SKIP","floor":27},{"not_picked":["Anger","Rage","Havoc"],"picked":"SKIP","floor":29},{"not_picked":["Cleave","Clothesline","Warcry"],"picked":"SKIP","floor":30},{"not_picked":["Thunderclap","Disarm","Sword Boomerang"],"picked":"SKIP","floor":31},{"not_picked":["Thunderclap","Disarm","Sword Boomerang"],"picked":"SKIP","floor":31},{"not_picked":["Impervious","Immolate"],"picked":"Offering","floor":33},{"not_picked":["Infernal Blade","Cleave"],"picked":"Corruption+1","floor":35},{"not_picked":["Havoc","Warcry","Whirlwind"],"picked":"SKIP","floor":36},{"not_picked":["Cleave+1","Uppercut+1"],"picked":"Seeing Red+1","floor":39},{"not_picked":["Havoc+1","Warcry","Demon Form"],"picked":"SKIP","floor":41},{"not_picked":["Perfected Strike+1","Battle Trance+1","Sword Boomerang"],"picked":"SKIP","floor":44},{"not_picked":["Hemokinesis+1","Power Through","Rage"],"picked":"SKIP","floor":45},{"not_picked":["Sentinel","Blood for Blood+1"],"picked":"Feel No Pain","floor":48},{"not_picked":["True Grit+1","Cleave+1"],"picked":"Battle Trance+1","floor":54}],"player_experience":383808,"relics_obtained":[{"floor":6.0,"key":"Smiling Mask"},{"floor":12,"key":"Lantern"},{"floor":17,"key":"Letter Opener"},{"floor":17,"key":"Boot"},{"floor":17,"key":"Du-Vu Doll"},{"floor":19,"key":"Nilry\u0027s Codex"},{"floor":26,"key":"Mummified Hand"},{"floor":27,"key":"Ginger"},{"floor":30,"key":"Dream Catcher"},{"floor":41,"key":"Vajra"},{"floor":43,"key":"Charon\u0027s Ashes"},{"floor":47,"key":"Shovel"},{"floor":48,"key":"Bag of Preparation"},{"floor":52,"key":"Kunai"},{"floor":54,"key":"Turnip"}],"event_choices":[{"cards_removed":["Strike_R"],"damage_healed":0.0,"max_hp_gain":0.0,"max_hp_loss":0.0,"gold_gain":0.0,"event_name":"Golden Wing","player_choice":"Card Removal","floor":2.0,"gold_loss":0.0,"damage_taken":7.0},{"damage_healed":0.0,"max_hp_gain":0.0,"max_hp_loss":0.0,"gold_gain":0.0,"event_name":"Living Wall","player_choice":"Grow","floor":3.0,"gold_loss":0.0,"damage_taken":0.0,"cards_upgraded":["Sword Boomerang"]},{"damage_healed":0,"gold_gain":0,"player_choice":"Success","damage_taken":18,"relics_obtained":["Peace Pipe"],"max_hp_gain":0,"max_hp_loss":0,"event_name":"Scrap Ooze","floor":13,"gold_loss":0},{"damage_healed":0,"gold_gain":0,"player_choice":"Obtained Book","damage_taken":16,"max_hp_gain":0,"max_hp_loss":0,"event_name":"Cursed Tome","floor":19,"gold_loss":0},{"cards_removed":["Havoc"],"damage_healed":0,"gold_gain":0,"player_choice":"Gave Card","damage_taken":0,"relics_obtained":["Art of War"],"max_hp_gain":0,"max_hp_loss":0,"event_name":"WeMeetAgain","floor":38,"gold_loss":0},{"damage_healed":0,"gold_gain":0,"player_choice":"Fight","damage_taken":0,"max_hp_gain":0,"max_hp_loss":0,"event_name":"Mysterious Sphere","floor":47,"gold_loss":0}],"is_beta":false,"boss_relics":[{"not_picked":["Runic Dome","Busted Crown"],"picked":"Calling Bell"},{"not_picked":["Eternal Feather","Mark of Pain"],"picked":"Sozu"}],"items_purged_floors":[10,25,37,53],"is_endless":false,"potions_floor_spawned":[5,6,12,21,27,30,31,39,41,45,47,48],"ascension_level":0}