{"gold_per_floor":[112,112,128,142,142,142,152,76,76,110,122,138,66,82,82,179,179,194,115,126,126,139,139,169,189,213,213],"floor_reached":27,"playtime":854,"items_purged":[],"score":237,"play_id":"d62bfcc2-3c11-4ae1-b041-fddbe7284ba5","local_time":"20181005064502","is_ascension_mode":false,"campfire_choices":[{"data":"Zap","floor":6,"key":"SMITH"},{"data":"Defragment","floor":15,"key":"SMITH"},{"data":"Defragment","floor":23,"key":"SMITH"}],"neow_cost":"PERCENT_DAMAGE","seed_source_timestamp":11828714946722,"circlet_count":0,"master_deck":["Strike_B","Strike_B","Strike_B","Strike_B","Defend_B","Defend_B","Defend_B","Defend_B","Zap+1","Dualcast","Electrodynamics","Auto Shields","Steam","Force Field","Self Repair","Buffer","Conserve Battery","Static Discharge","Defragment+1","Thunder Strike","Redo","Static Discharge","Defragment+1","Conserve Battery+1"],"relics":["Cracked Core","Symbiotic Virus","Bottled Lightning","Eternal Feather","Dream Catcher","Strawberry"],"potions_floor_usage":[10,18,24,24,25],"damage_taken":[{"damage":6,"enemies":"Jaw Worm","floor":1,"turns":3},{"damage":0,"enemies":"Cultist","floor":3,"turns":3},{"damage":0,"enemies":"2 Louse","floor":4,"turns":3},{"damage":3,"enemies":"Exordium Thugs","floor":7,"turns":4},{"damage":6,"enemies":"Lagavulin","floor":10,"turns":8},{"damage":0,"enemies":"2 Fungi Beasts","floor":11,"turns":3},{"damage":11,"enemies":"Large Slime","floor":12,"turns":4},{"damage":0,"enemies":"Exordium Thugs","floor":14,"turns":4},{"damage":21,"enemies":"Hexaghost","floor":16,"turns":9},{"damage":17,"enemies":"2 Thieves","floor":18,"turns":4},{"damage":0,"enemies":"Spheric Guardian","floor":20,"turns":4},{"damage":8,"enemies":"Cultist and Chosen","floor":22,"turns":5},{"damage":21,"enemies":"Book of Stabbing","floor":24,"turns":4},{"damage":0,"enemies":"3 Cultists","floor":25,"turns":3},{"damage":65,"enemies":"Gremlin Leader","floor":27,"turns":4}],"seed_played":"-7784039209560406193","potions_obtained":[{"floor":4,"key":"SpeedPotion"},{"floor":7,"key":"GamblersBrew"},{"floor":10,"key":"SpeedPotion"},{"floor":12,"key":"LiquidBronze"},{"floor":18,"key":"Explosive Potion"}],"is_trial":false,"path_per_floor":["M","?","M","M","$","R","M","$","T","E","M","M","$","M","R","B",null,"M","$","M","?","M","R","E","M","T"],"character_chosen":"DEFECT","items_purchased":["Self Repair","Static Discharge","Static Discharge"],"campfire_rested":0,"item_purchase_floors":[8,13,19],"current_hp_per_floor":[48,48,48,48,48,48,45,45,45,46,53,49,49,56,56,42,75,65,65,72,72,71,75,54,54,61,0],"gold":213,"neow_bonus":"THREE_RARE_CARDS","is_prod":false,"is_daily":false,"chose_seed":false,"campfire_upgraded":3,"win_rate":0,"timestamp":1538711102,"path_taken":["M","?","M","M","?","R","M","$","T","E","M","M","$","M","R","BOSS","M","$","M","?","M","R","E","M","T","E"],"build_version":"2018-10-04","purchased_purges":0,"victory":false,"max_hp_per_floor":[75,75,75,75,75,75,75,75,75,75,75,75,75,75,75,75,75,75,75,75,75,75,75,75,75,82,82],"card_choices":[{"not_picked":["Core Surge","Buffer"],"picked":"Electrodynamics","floor":0},{"not_picked":["Stack","Streamline"],"picked":"Auto Shields","floor":1},{"not_picked":["Cold Snap","Barrage"],"picked":"Steam","floor":3},{"not_picked":["Redo","Rebound","Ball Lightning"],"picked":"SKIP","floor":4},{"not_picked":["Storm","Reprogram"],"picked":"Force Field","floor":7},{"not_picked":["Hologram","Consume"],"picked":"Buffer","floor":10},{"not_picked":["Steam","Stack"],"picked":"Conserve Battery","floor":11},{"not_picked":["Sunder","Ball Lightning","Fusion"],"picked":"SKIP","floor":12},{"not_picked":["Self Repair","Glacier"],"picked":"Defragment","floor":14},{"not_picked":["Fission","Hyperbeam"],"picked":"Thunder Strike","floor":16},{"not_picked":["Steam","Ball Lightning"],"picked":"Redo","floor":18},{"not_picked":["Compile Driver","Coolheaded","White Noise"],"picked":"SKIP","floor":20},{"not_picked":["Cold Snap","Thunder Strike","Self Repair"],"picked":"SKIP","floor":22},{"not_picked":["Chill","Stack+1","Turbo"],"picked":"SKIP","floor":24},{"not_picked":["Capacitor","Ball Lightning+1"],"picked":"Conserve Battery+1","floor":25}],"player_experience":368624,"relics_obtained":[{"floor":9,"key":"Symbiotic Virus"},{"floor":10,"key":"Bottled Lightning"},{"floor":24,"key":"Dream Catcher"},{"floor":26,"key":"Strawberry"}],"event_choices":[{"event_name":"The Woman in Blue","player_choice":"Bought 0 Potions","floor":2,"damage_taken":0},{"event_name":"The Library","player_choice":"Read","floor":21,"damage_taken":0}],"is_beta":false,"boss_relics":[{"not_picked":["Runic Dome","Lizard Tail"],"picked":"Eternal Feather"}],"items_purged_floors":[],"is_endless":false,"potions_floor_spawned":[4,7,10,12,18],"killed_by":"Gremlin Leader","ascension_level":0}