{"path_per_floor":["M","M","M","?","?","R","E","M","T","$","M","M","M","E","R","B",null,"M","?","$","M","?","R","M","R","T","?","?","M","M","T","R","B",null,"M","?","$","T","?","E","$","M","T","M","R","?","R","T","R","B"],"character_chosen":"THE_SILENT","items_purchased":["After Image","Thinking Ahead","Fire Potion","Infinite Blades","Flash of Steel","Lantern"],"gold_per_floor":[110,121,131,206,381,381,410,427,454,71,87,102,120,146,146,248,278,295,295,215,226,226,226,240,240,240,240,240,260,274,301,301,404,404,422,422,77,102,102,129,4,20,45,65,65,0,0,0,0,0],"floor_reached":51,"campfire_rested":2,"playtime":8899,"current_hp_per_floor":[70,70,70,59,59,59,49,49,49,49,39,39,29,18,39,22,75,69,69,69,67,67,67,34,34,34,34,34,18,26,26,48,19,75,75,65,65,65,65,54,54,54,61,57,57,57,57,57,57,42],"items_purged":["Doubt","Decay","Dodge and Roll"],"gold":0,"play_id":"fc9143b7-05c4-4c23-b725-09c47aba27c6","is_prod":false,"is_daily":false,"campfire_rituals":0,"campfire_upgraded":6,"is_hardmode":false,"path_taken":["M","M","M","?","?","R","E","M","T","$","M","M","?","E","R","BOSS","M","?","$","M","?","R","M","R","T","?","?","?","M","?","R","BOSS","M","?","$","?","?","E","$","?","T","M","R","?","R","?","R","BOSS"],"build_version":"2018-01-18-PROD4","purchased_purges":4,"victory":true,"master_deck":["Defend_G","Defend_G","Defend_G","Defend_G","Defend_G","Strike_G","Strike_G","Strike_G","Strike_G","Strike_G","Survivor","Neutralize","Flying Knee","Dagger Throw","Noxious Fumes","Escape Plan","Caltrops","After Image","Thinking Ahead","Escape Plan","Dagger Spray","Infinite Blades","Unload","Dash","Infinite Blades","Dagger Spray","Prepared","Escape Plan","Adrenaline","Blade Dance","Madness","Madness","Flash of Steel","Acrobatics","Infinite Blades"],"max_hp_per_floor":[70,70,70,70,70,70,70,70,70,70,70,70,70,70,70,70,75,75,75,75,75,75,75,75,75,75,75,75,75,75,75,75,75,75,75,75,75,75,75,75,75,75,82,82,82,82,82,82,82,82],"relics":["Ring of the Snake","Orichalcum","Toxic Egg","Bag of Marbles","Tiny House","Ornamental Fan","Bag of Preparation","Sozu","Lantern","Oddly Smooth Stone","Whetstone","Strawberry","Red Mask","Happy Flower"],"campfire_meditates":0,"card_choices":[{"not_picked":["Heel Hook","Dagger Spray"],"picked":"Flying Knee"},{"not_picked":["All Out Attack","Crippling Poison"],"picked":"Dagger Throw"},{"not_picked":["Backflip","Acrobatics"],"picked":"Noxious Fumes"},{"not_picked":["Masterful Stab","Dagger Spray"],"picked":"Escape Plan"},{"not_picked":["Distraction","Malaise"],"picked":"Caltrops"},{"not_picked":["Deflect","All Out Attack"],"picked":"Dodge and Roll"},{"not_picked":["Backstab","Outmaneuver"],"picked":"Escape Plan"},{"not_picked":["Slice","Poisoned Stab"],"picked":"Dagger Spray"},{"not_picked":["Riddle With Holes","Sucker Punch"],"picked":"Infinite Blades"},{"not_picked":["Phantasmal Killer","Bullet Time"],"picked":"Unload"},{"not_picked":["All Out Attack","Leg Sweep"],"picked":"Dash"},{"not_picked":["Flying Knee","Infinite Blades"],"picked":"Dagger Spray"},{"not_picked":["Sucker Punch","Slice"],"picked":"Prepared"},{"not_picked":["Riddle With Holes","Flying Knee"],"picked":"Escape Plan"},{"not_picked":["Envenom","Bullet Time"],"picked":"Adrenaline"},{"not_picked":["Outmaneuver","Dodge and Roll"],"picked":"Blade Dance"},{"not_picked":["Dagger Spray","Outmaneuver"],"picked":"Acrobatics"},{"not_picked":["Dodge and Roll","PiercingWail"],"picked":"Infinite Blades"}],"player_experience":11846,"potions_floor_usage":[7,13,14,14,14,30],"damage_taken":[{"damage":0,"enemies":"Jaw Worm","floor":1,"turns":4},{"damage":0,"enemies":"2 Louse","floor":2,"turns":4},{"damage":0,"enemies":"Blue Slaver","floor":3,"turns":5},{"damage":10,"enemies":"Lagavulin","floor":7,"turns":5},{"damage":0,"enemies":"Looter","floor":8,"turns":4},{"damage":10,"enemies":"3 Louse","floor":11,"turns":4},{"damage":0,"enemies":"Gremlin Gang","floor":12,"turns":8},{"damage":13,"enemies":"Lots of Slimes","floor":13,"turns":3},{"damage":11,"enemies":"3 Sentries","floor":14,"turns":7},{"damage":17,"enemies":"Hexaghost","floor":16,"turns":10},{"damage":6,"enemies":"Spheric Guardian","floor":18,"turns":6},{"damage":2,"enemies":"3 Byrds","floor":21,"turns":6},{"damage":33,"enemies":"Slaver and Parasite","floor":24,"turns":8},{"damage":16,"enemies":"Snake Plant","floor":29,"turns":7},{"damage":7,"enemies":"Snecko","floor":30,"turns":5},{"damage":29,"enemies":"Collector","floor":33,"turns":11},{"damage":0,"enemies":"Orb Walker","floor":35,"turns":3},{"damage":11,"enemies":"2 Orb Walkers","floor":40,"turns":6},{"damage":0,"enemies":"3 Shapes","floor":42,"turns":6},{"damage":4,"enemies":"Sphere and 2 Shapes","floor":44,"turns":7},{"damage":15,"enemies":"Awakened One","floor":50,"turns":17}],"event_choices":[{"event_name":"World of Goop","player_choice":"Gather Gold","floor":4,"damage_taken":0},{"event_name":"Liars Game","player_choice":"agreed","floor":5,"damage_taken":0},{"event_name":"Back to Basics","player_choice":"Simplicity","floor":19,"damage_taken":0},{"event_name":"Drug Dealer","player_choice":"Ignored","floor":22,"damage_taken":0},{"event_name":"Cursed Tome","player_choice":"Ignored","floor":27,"damage_taken":0},{"event_name":"Wheel of Change","player_choice":"Curse","floor":28,"damage_taken":0},{"event_name":"Winding Halls","player_choice":"Embrace Madness","floor":36,"damage_taken":0},{"event_name":"Upgrade Shrine","player_choice":"Upgraded","floor":39,"damage_taken":0},{"event_name":"Tomb of Lord Red Mask","player_choice":"Paid","floor":46,"damage_taken":0}],"boss_relics":[{"not_picked":["Ectoplasm","Philosopher\u0027s Stone"],"picked":"Tiny House"},{"not_picked":["Calling Bell","White Beast Statue"],"picked":"Sozu"}],"potions_floor_spawned":[1,7,8,13,29,40],"seed_played":"-5550438764738348993","is_trial":false}