{"gold_per_floor":[110,122,122,134,134,149,162,176,176,176,205,233,250,260,260,260],"floor_reached":16,"playtime":497,"items_purged":[],"score":106,"play_id":"91694aab-654a-44db-90e6-700b372fcd3c","local_time":"20190622050739","is_ascension_mode":false,"campfire_choices":[{"data":"Armaments","floor":15,"key":"SMITH"}],"neow_cost":"NONE","seed_source_timestamp":713578199703500,"circlet_count":0,"master_deck":["Strike_R","Strike_R","Strike_R","Strike_R","Defend_R","Defend_R","Defend_R","Defend_R","Bash","Battle Trance","Cleave","Armaments+1","Sword Boomerang","Shrug It Off"],"relics":["Burning Blood","Mummified Hand","Self Forming Clay","Odd Mushroom"],"potions_floor_usage":[],"damage_taken":[{"damage":6,"enemies":"2 Louse","floor":1,"turns":3},{"damage":6,"enemies":"Jaw Worm","floor":2,"turns":3},{"damage":7,"enemies":"Small Slimes","floor":4,"turns":3},{"damage":13,"enemies":"Exordium Wildlife","floor":6,"turns":4},{"damage":3,"enemies":"3 Louse","floor":7,"turns":3},{"damage":17,"enemies":"Looter","floor":8,"turns":4},{"damage":21,"enemies":"3 Sentries","floor":11,"turns":7},{"damage":12,"enemies":"The Mushroom Lair","floor":12,"turns":3},{"damage":5,"enemies":"Large Slime","floor":13,"turns":5},{"damage":9,"enemies":"Blue Slaver","floor":14,"turns":5},{"damage":48,"enemies":"Hexaghost","floor":16,"turns":11}],"seed_played":"-3091412836953585707","potions_obtained":[{"floor":4,"key":"SkillPotion"},{"floor":6,"key":"Dexterity Potion"},{"floor":8,"key":"Weak Potion"},{"floor":12,"key":"Regen Potion"}],"is_trial":false,"path_per_floor":["M","M","?","M","$","M","M","M","T","$","E","?","M","M","R","B"],"character_chosen":"IRONCLAD","items_purchased":[],"campfire_rested":0,"item_purchase_floors":[],"current_hp_per_floor":[88,88,81,80,80,73,76,65,65,65,50,44,45,42,42,0],"gold":260,"neow_bonus":"TEN_PERCENT_HP_BONUS","is_prod":false,"is_daily":false,"chose_seed":false,"campfire_upgraded":1,"win_rate":0,"timestamp":1561169259,"path_taken":["M","M","?","M","$","M","M","M","T","$","E","?","M","M","R","BOSS"],"build_version":"2019-01-23","purchased_purges":0,"victory":false,"max_hp_per_floor":[88,88,88,88,88,88,88,88,88,88,88,88,88,88,88,88],"card_choices":[{"not_picked":["Pommel Strike","Infernal Blade"],"picked":"Battle Trance","floor":1},{"not_picked":["Heavy Blade","Thunderclap"],"picked":"Cleave","floor":2},{"not_picked":["Blood for Blood","Shockwave","Flame Barrier"],"picked":"SKIP","floor":4},{"not_picked":["Anger","Fire Breathing","Havoc"],"picked":"SKIP","floor":6},{"not_picked":["Ghostly Armor","Infernal Blade"],"picked":"Armaments","floor":7},{"not_picked":["Burning Pact","Warcry"],"picked":"Sword Boomerang","floor":8},{"not_picked":["Twin Strike","Warcry","Disarm"],"picked":"SKIP","floor":11},{"not_picked":["Pommel Strike","Havoc","Berserk"],"picked":"SKIP","floor":13},{"not_picked":["Cleave","Dropkick"],"picked":"Shrug It Off","floor":14}],"player_experience":646132,"relics_obtained":[{"floor":9,"key":"Mummified Hand"},{"floor":11,"key":"Self Forming Clay"},{"floor":12,"key":"Odd Mushroom"}],"event_choices":[{"cards_removed":["Strike_R"],"damage_healed":0,"gold_gain":0,"player_choice":"Card Removal","damage_taken":7,"max_hp_gain":0,"max_hp_loss":0,"event_name":"Golden Wing","floor":3,"gold_loss":0},{"damage_healed":0,"gold_gain":0,"player_choice":"Fought Mushrooms","damage_taken":0,"max_hp_gain":0,"max_hp_loss":0,"event_name":"Mushrooms","floor":12,"gold_loss":0}],"is_beta":false,"boss_relics":[],"items_purged_floors":[],"is_endless":false,"potions_floor_spawned":[4,6,8,12],"killed_by":"Hexaghost","ascension_level":0}