{"gold_per_floor":[10,10,10,30,48,82,92,92,92,104,119,150,164,35,35,135,135,152,168,203,118,132,163,163,182,182,194,194,194,207,207],"floor_reached":31,"playtime":1103,"items_purged":[],"score":271,"play_id":"985c711f-8f0d-4356-9a0f-7e497bd5526f","local_time":"20190707200304","is_ascension_mode":false,"campfire_choices":[{"data":"Body Slam","floor":8.0,"key":"SMITH"},{"data":"Armaments","floor":15.0,"key":"SMITH"},{"data":"Ghostly Armor","floor":24,"key":"SMITH"},{"data":"Good Instincts","floor":28,"key":"SMITH"}],"neow_cost":"NO_GOLD","seed_source_timestamp":71549749492300,"circlet_count":0,"master_deck":["Strike_R","Strike_R+1","Strike_R","Strike_R","Strike_R","Defend_R","Defend_R","Defend_R","Defend_R","Bash+1","Shrug It Off","Ghostly Armor+1","Body Slam+1","Good Instincts+1","Armaments+1","Impervious","Shrug It Off"],"special_seed":0,"relics":["Burning Blood","Bird Faced Urn","Dodecahedron","Meat on the Bone","Molten Egg 2","Busted Crown","Red Mask","Potion Belt","Singing Bowl","Whetstone"],"potions_floor_usage":[22,30,31,31],"damage_taken":[{"damage":6.0,"enemies":"Cultist","floor":1.0,"turns":3.0},{"damage":6.0,"enemies":"2 Louse","floor":4.0,"turns":3.0},{"damage":1.0,"enemies":"Jaw Worm","floor":5.0,"turns":3.0},{"damage":34.0,"enemies":"Gremlin Nob","floor":6.0,"turns":5.0},{"damage":2.0,"enemies":"Looter","floor":7.0,"turns":4.0},{"damage":14.0,"enemies":"Blue Slaver","floor":10.0,"turns":5.0},{"damage":9.0,"enemies":"Exordium Thugs","floor":11.0,"turns":7.0},{"damage":27.0,"enemies":"3 Sentries","floor":12.0,"turns":10.0},{"damage":2.0,"enemies":"2 Fungi Beasts","floor":13.0,"turns":4.0},{"damage":44.0,"enemies":"Hexaghost","floor":16.0,"turns":10.0},{"damage":0.0,"enemies":"Spheric Guardian","floor":18.0,"turns":3.0},{"damage":7.0,"enemies":"Shell Parasite","floor":19.0,"turns":6.0},{"damage":37.0,"enemies":"Masked Bandits","floor":20.0,"turns":8.0},{"damage":34,"enemies":"Centurion and Healer","floor":22,"turns":10},{"damage":7,"enemies":"Slavers","floor":23,"turns":10},{"damage":14,"enemies":"Shelled Parasite and Fungi","floor":25,"turns":9},{"damage":12,"enemies":"Sentry and Sphere","floor":27,"turns":10},{"damage":16,"enemies":"Snecko","floor":30,"turns":6},{"damage":62,"enemies":"Gremlin Leader","floor":31,"turns":10}],"seed_played":"4472319115535373932","potions_obtained":[{"floor":6.0,"key":"SteroidPotion"},{"floor":7.0,"key":"BloodPotion"},{"floor":10.0,"key":"LiquidBronze"},{"floor":11.0,"key":"PowerPotion"},{"floor":20.0,"key":"Ancient Potion"},{"floor":23,"key":"GamblersBrew"},{"floor":25,"key":"Energy Potion"}],"is_trial":false,"path_per_floor":["M","$","$","M","M","E","M","R","T","M","M","E","M","$","R","B",null,"M","M","?","?","M","E","R","M","T","M","R","?","M","E"],"character_chosen":"IRONCLAD","items_purchased":["Good Instincts","Armaments"],"campfire_rested":0,"item_purchase_floors":[14,14],"current_hp_per_floor":[80,80,80,80,80,52,56,56,56,48,57,48,52,52,52,26,80,80,79,48,48,52,53,53,59,59,55,55,55,57,0],"gold":207,"neow_bonus":"ONE_RARE_RELIC","is_prod":false,"is_daily":false,"chose_seed":false,"campfire_upgraded":4,"win_rate":0,"timestamp":1562518984,"path_taken":["M","?","$","M","M","E","M","R","T","M","M","E","M","$","R","BOSS","M","M","?","?","M","E","R","M","T","M","R","?","M","E"],"build_version":"2019-07-05","purchased_purges":0,"victory":false,"max_hp_per_floor":[80,80,80,80,80,80,80,80,80,80,80,80,80,80,80,80,80,80,80,80,80,80,82,82,84,84,86,86,86,86,86],"card_choices":[{"not_picked":["Warcry","Carnage"],"picked":"Shrug It Off","floor":1.0},{"not_picked":["True Grit","Disarm"],"picked":"Ghostly Armor","floor":4.0},{"not_picked":["Headbutt","Havoc","Perfected Strike"],"picked":"SKIP","floor":5.0},{"not_picked":["Pommel Strike","Shrug It Off"],"picked":"Body Slam","floor":6.0},{"not_picked":["Dark Embrace","Shockwave","Warcry"],"picked":"SKIP","floor":7.0},{"not_picked":["Intimidate","Wild Strike","Thunderclap"],"picked":"SKIP","floor":10.0},{"not_picked":["Corruption","Havoc","Wild Strike"],"picked":"SKIP","floor":11.0},{"not_picked":["Whirlwind","Anger","Sentinel"],"picked":"SKIP","floor":12.0},{"not_picked":["Spot Weakness","Iron Wave+1","Cleave+1"],"picked":"SKIP","floor":13.0},{"not_picked":["Limit Break","Double Tap"],"picked":"Impervious","floor":16.0},{"not_picked":["Iron Wave+1"],"picked":"SKIP","floor":18.0},{"not_picked":["Heavy Blade+1"],"picked":"SKIP","floor":19.0},{"not_picked":["Twin Strike+1"],"picked":"SKIP","floor":22},{"not_picked":["Perfected Strike+1"],"picked":"Singing Bowl","floor":23},{"not_picked":["Bloodletting"],"picked":"Singing Bowl","floor":25},{"not_picked":["Anger+1"],"picked":"Singing Bowl","floor":27},{"not_picked":[],"picked":"Shrug It Off","floor":30}],"player_experience":687552,"relics_obtained":[{"floor":6.0,"key":"Dodecahedron"},{"floor":9.0,"key":"Meat on the Bone"},{"floor":12.0,"key":"Molten Egg 2"},{"floor":20.0,"key":"Red Mask"},{"floor":23,"key":"Singing Bowl"},{"floor":26,"key":"Whetstone"}],"event_choices":[{"damage_healed":0.0,"max_hp_gain":0.0,"max_hp_loss":0.0,"gold_gain":0.0,"event_name":"Masked Bandits","player_choice":"Fought Bandits","floor":20.0,"gold_loss":0.0,"damage_taken":0.0},{"damage_healed":0,"gold_gain":0,"player_choice":"Obtained Relic","damage_taken":0,"relics_obtained":["Potion Belt"],"max_hp_gain":0,"max_hp_loss":0,"event_name":"Addict","floor":21,"gold_loss":85},{"damage_healed":0,"gold_gain":0,"player_choice":"Ignored","damage_taken":0,"max_hp_gain":0,"max_hp_loss":0,"event_name":"Ghosts","floor":29,"gold_loss":0}],"is_beta":false,"boss_relics":[{"not_picked":["Cursed Key","Tiny House"],"picked":"Busted Crown"}],"items_purged_floors":[],"is_endless":false,"potions_floor_spawned":[6,7,10,11,20,23,25],"killed_by":"Gremlin Leader","ascension_level":0}