{"gold_per_floor":[110,15,31,48,58,90,90,110,135,154,154,169,169,187,187,291,291,310,326,326,346,359,359,370,386,411,373,373,129,142,176,176,280,280,293,46,61,81,94,94,22,22,92,106,137,149,179,193,193,193],"floor_reached":51,"playtime":1751,"items_purged":[],"score":919,"play_id":"f7bbade0-cb92-4a69-9b86-cff262dd2be2","local_time":"20180710054846","is_ascension_mode":false,"campfire_choices":[{"data":"Barricade","floor":11.0,"key":"SMITH"},{"data":"Armaments","floor":13.0,"key":"SMITH"},{"data":"Body Slam","floor":15.0,"key":"SMITH"},{"data":"Demon Form","floor":23.0,"key":"SMITH"},{"data":"Body Slam","floor":28.0,"key":"SMITH"},{"data":"Evolve","floor":32.0,"key":"SMITH"},{"data":"Flame Barrier","floor":40.0,"key":"SMITH"},{"data":"Metallicize","floor":42.0,"key":"SMITH"},{"data":"Bash","floor":49.0,"key":"SMITH"}],"neow_cost":"NONE","seed_source_timestamp":16101495525974,"circlet_count":0,"master_deck":["Strike_R","Strike_R","Strike_R","Strike_R","Defend_R","Defend_R","Defend_R","Defend_R","Bash+1","Flame Barrier+1","Body Slam+1","Armaments+1","Body Slam+1","Body Slam+1","Flame Barrier+1","Barricade+1","Demon Form+1","Ghostly Armor+1","Evolve+1","Armaments+1","Metallicize+1","Ghostly Armor+1","Body Slam+1","Shrug It Off+1"],"special_seed":0,"relics":["Burning Blood","Toxic Egg 2","Oddly Smooth Stone","Mark of Pain","Strawberry","Bottled Tornado","Red Mask","Busted Crown","Bottled Lightning","Molten Egg 2","Art of War","Centennial Puzzle"],"potions_floor_usage":[50,50],"damage_taken":[{"damage":8.0,"enemies":"2 Louse","floor":1.0,"turns":3.0},{"damage":7.0,"enemies":"Cultist","floor":3.0,"turns":6.0},{"damage":4.0,"enemies":"Jaw Worm","floor":4.0,"turns":4.0},{"damage":5.0,"enemies":"Looter","floor":5.0,"turns":4.0},{"damage":44.0,"enemies":"Lagavulin","floor":6.0,"turns":10.0},{"damage":0.0,"enemies":"Lots of Slimes","floor":8.0,"turns":4.0},{"damage":2.0,"enemies":"2 Fungi Beasts","floor":10.0,"turns":4.0},{"damage":0.0,"enemies":"Looter","floor":12.0,"turns":3.0},{"damage":6.0,"enemies":"Blue Slaver","floor":14.0,"turns":3.0},{"damage":26.0,"enemies":"Slime Boss","floor":16.0,"turns":12.0},{"damage":4.0,"enemies":"2 Thieves","floor":18.0,"turns":4.0},{"damage":0.0,"enemies":"Chosen","floor":19.0,"turns":3.0},{"damage":6.0,"enemies":"Centurion and Healer","floor":21.0,"turns":7.0},{"damage":10.0,"enemies":"Cultist and Chosen","floor":22.0,"turns":9.0},{"damage":0.0,"enemies":"Snecko","floor":24.0,"turns":4.0},{"damage":6.0,"enemies":"Sentry and Sphere","floor":25.0,"turns":7.0},{"damage":13.0,"enemies":"Snake Plant","floor":30.0,"turns":5.0},{"damage":25.0,"floor":31.0,"turns":5.0},{"damage":0.0,"enemies":"Champ","floor":33.0,"turns":8.0},{"damage":6.0,"enemies":"3 Shapes","floor":35.0,"turns":4.0},{"damage":7.0,"enemies":"3 Darklings","floor":37.0,"turns":6.0},{"damage":0.0,"enemies":"4 Shapes","floor":38.0,"turns":5.0},{"damage":0.0,"enemies":"Sphere and 2 Shapes","floor":39.0,"turns":5.0},{"damage":23.0,"enemies":"3 Darklings","floor":44.0,"turns":6.0},{"damage":0.0,"enemies":"Giant Head","floor":45.0,"turns":6.0},{"damage":0.0,"enemies":"Maw","floor":46.0,"turns":7.0},{"damage":0.0,"enemies":"Nemesis","floor":47.0,"turns":7.0},{"damage":0.0,"enemies":"4 Shapes","floor":48.0,"turns":5.0},{"damage":0,"enemies":"Awakened One","floor":50,"turns":10}],"seed_played":"-7246642891333170319","potions_obtained":[{"floor":4.0,"key":"Swift Potion"},{"floor":8.0,"key":"GamblersBrew"},{"floor":10.0,"key":"Weak Potion"},{"floor":14.0,"key":"Explosive Potion"},{"floor":19.0,"key":"Swift Potion"},{"floor":22.0,"key":"Weak Potion"},{"floor":33.0,"key":"Dexterity Potion"}],"is_trial":false,"path_per_floor":["M","$","M","M","M","E","?","M","T","M","R","M","R","M","R","B",null,"M","M","?","M","M","R","M","M","T","$","R","$","M","?","R","B",null,"M","$","M","M","M","R","$","R","T","M","E","M","E","M","R","B"],"character_chosen":"IRONCLAD","items_purchased":["Armaments","Body Slam","Evolve","Bottled Tornado","Bottled Lightning","Metallicize"],"campfire_rested":0,"item_purchase_floors":[2,2,27,29,36,41],"current_hp_per_floor":[78,78,77,79,80,42,42,48,48,52,52,58,58,58,58,38,80,80,80,80,80,76,76,80,80,87,87,87,87,80,61,61,67,87,87,87,86,87,87,87,87,87,87,70,76,82,87,87,87,87],"gold":193,"neow_bonus":"THREE_CARDS","is_prod":false,"is_daily":false,"chose_seed":false,"campfire_upgraded":9,"win_rate":0,"timestamp":1531190926,"path_taken":["M","$","M","M","M","E","?","M","T","M","R","M","R","M","R","BOSS","M","M","?","M","M","R","M","M","T","$","R","$","M","?","R","BOSS","M","$","M","M","M","R","$","R","T","M","E","M","E","M","R","BOSS"],"build_version":"2018-07-05","purchased_purges":0,"victory":true,"max_hp_per_floor":[80,80,80,80,80,80,80,80,80,80,80,80,80,80,80,80,80,80,80,80,80,80,80,80,80,87,87,87,87,87,87,87,87,87,87,87,87,87,87,87,87,87,87,87,87,87,87,87,87,87],"card_choices":[{"not_picked":["Sword Boomerang","Anger"],"picked":"Flame Barrier","floor":0.0},{"not_picked":["Havoc","Cleave"],"picked":"Body Slam","floor":1.0},{"not_picked":["Blood for Blood","Armaments","Corruption"],"picked":"SKIP","floor":3.0},{"not_picked":["Pommel Strike","Uppercut","Flex"],"picked":"SKIP","floor":4.0},{"not_picked":["Havoc","Disarm"],"picked":"Body Slam","floor":5.0},{"not_picked":["Clothesline","Evolve"],"picked":"Flame Barrier","floor":6.0},{"not_picked":["Intimidate+1","Perfected Strike","Iron Wave"],"picked":"SKIP","floor":8.0},{"not_picked":["Pommel Strike","Armaments+1"],"picked":"Barricade","floor":10.0},{"not_picked":["Rampage","Uppercut","Sever Soul"],"picked":"SKIP","floor":12.0},{"not_picked":["Shockwave+1","Evolve","Anger"],"picked":"SKIP","floor":14.0},{"not_picked":["Fiend Fire","Immolate"],"picked":"Demon Form","floor":16.0},{"not_picked":["Blood for Blood","Second Wind+1"],"picked":"Ghostly Armor+1","floor":18.0},{"not_picked":["Warcry+1","Pommel Strike+1","Havoc+1"],"picked":"SKIP","floor":19.0},{"not_picked":["Cleave","Clash","Clothesline+1"],"picked":"SKIP","floor":21.0},{"not_picked":["Bloodletting+1","True Grit+1","Anger+1"],"picked":"SKIP","floor":22.0},{"not_picked":["Anger","Bloodletting+1","Shockwave+1"],"picked":"SKIP","floor":24.0},{"not_picked":["Pommel Strike","Clothesline","Thunderclap+1"],"picked":"SKIP","floor":25.0},{"not_picked":["Power Through+1","Bloodletting+1","Feed"],"picked":"SKIP","floor":30.0},{"not_picked":["Wild Strike+1"],"picked":"SKIP","floor":35.0},{"not_picked":["Feel No Pain+1"],"picked":"SKIP","floor":37.0},{"not_picked":["Sever Soul"],"picked":"SKIP","floor":38.0},{"not_picked":[],"picked":"Armaments+1","floor":39.0},{"not_picked":[],"picked":"Ghostly Armor+1","floor":44.0},{"not_picked":["Sentinel+1"],"picked":"SKIP","floor":45.0},{"not_picked":["Thunderclap+1"],"picked":"SKIP","floor":46.0},{"not_picked":[],"picked":"Body Slam+1","floor":47.0},{"not_picked":[],"picked":"Shrug It Off+1","floor":48.0}],"player_experience":199205,"relics_obtained":[{"floor":6.0,"key":"Toxic Egg 2"},{"floor":9.0,"key":"Oddly Smooth Stone"},{"floor":26.0,"key":"Strawberry"},{"floor":31.0,"key":"Red Mask"},{"floor":43.0,"key":"Molten Egg 2"},{"floor":45.0,"key":"Art of War"},{"floor":47.0,"key":"Centennial Puzzle"}],"event_choices":[{"event_name":"Bonfire Elementals","player_choice":"BASIC","floor":7.0,"damage_taken":0.0},{"event_name":"Upgrade Shrine","player_choice":"Upgraded","floor":20.0,"damage_taken":0.0},{"event_name":"Masked Bandits","player_choice":"Fought over 142 gold","floor":31.0,"damage_taken":0.0}],"boss_relics":[{"not_picked":["Fusion Hammer","Philosopher\u0027s Stone"],"picked":"Mark of Pain"},{"not_picked":["Runic Pyramid","Cursed Key"],"picked":"Busted Crown"}],"items_purged_floors":[],"is_endless":false,"potions_floor_spawned":[4,8,10,14,19,22,25,33,38,44,45,46],"ascension_level":0}