{"gold_per_floor":[118,135,155,10,27,27,102,163,217,234,234,249,249,145,145,250,250,268,16,16,32,7,32,46,63,111,111,111,126,126,126,126,229,229,239,239,251,264,275,275,275,98,145,171,188,38,38,58,58,58],"floor_reached":51,"playtime":1297,"items_purged":["Strike_R","Strike_R","Strike_R","Strike_R"],"score":714,"play_id":"f00a8e9b-afdc-42e1-9864-260be6f48f4f","local_time":"20190723164007","is_ascension_mode":false,"campfire_choices":[{"data":"Whirlwind","floor":6.0,"key":"SMITH"},{"data":"Demon Form","floor":13.0,"key":"SMITH"},{"data":"Heavy Blade","floor":15.0,"key":"SMITH"},{"data":"Limit Break","floor":28.0,"key":"SMITH"},{"data":"Bash","floor":30.0,"key":"SMITH"},{"data":"Shrug It Off","floor":32.0,"key":"SMITH"},{"data":"Sword Boomerang","floor":40,"key":"SMITH"},{"data":"Shrug It Off","floor":49,"key":"SMITH"}],"neow_cost":"NONE","seed_source_timestamp":88508337494900,"circlet_count":0,"master_deck":["Defend_R","Defend_R","Defend_R","Defend_R","Bash+1","Whirlwind+1","Inflame","Demon Form+1","Heavy Blade+1","Limit Break+1","Shrug It Off+1","Shrug It Off+1","Impervious","Sword Boomerang+1","Battle Trance+1","Impervious"],"special_seed":0,"relics":["Burning Blood","Vajra","Smiling Mask","Bag of Marbles","Matryoshka","Velvet Choker","Membership Card","WingedGreaves","Pen Nib","Centennial Puzzle","Runic Cube","Self Forming Clay","Shuriken","Blood Vial","Blue Candle"],"potions_floor_usage":[44,45,50,50],"damage_taken":[{"damage":6.0,"enemies":"Cultist","floor":1.0,"turns":3.0},{"damage":5.0,"enemies":"Jaw Worm","floor":2.0,"turns":5.0},{"damage":3.0,"enemies":"Small Slimes","floor":3.0,"turns":3.0},{"damage":3.0,"enemies":"Red Slaver","floor":5.0,"turns":4.0},{"damage":17.0,"enemies":"3 Sentries","floor":8.0,"turns":4.0},{"damage":4.0,"enemies":"Blue Slaver","floor":10.0,"turns":3.0},{"damage":1.0,"enemies":"3 Louse","floor":12.0,"turns":2.0},{"damage":36.0,"enemies":"The Guardian","floor":16.0,"turns":7.0},{"damage":10.0,"enemies":"Chosen","floor":18.0,"turns":3.0},{"damage":15.0,"enemies":"2 Thieves","floor":21.0,"turns":2.0},{"damage":45.0,"enemies":"Book of Stabbing","floor":23.0,"turns":5.0},{"damage":2.0,"enemies":"Cultist and Chosen","floor":24.0,"turns":4.0},{"damage":7.0,"enemies":"Snecko","floor":25.0,"turns":4.0},{"damage":15.0,"enemies":"Shelled Parasite and Fungi","floor":29.0,"turns":4.0},{"damage":31.0,"enemies":"Champ","floor":33.0,"turns":7.0},{"damage":8.0,"enemies":"3 Shapes","floor":35.0,"turns":2.0},{"damage":8.0,"enemies":"3 Darklings","floor":37.0,"turns":2.0},{"damage":11,"enemies":"Maw","floor":38,"turns":5},{"damage":4,"enemies":"4 Shapes","floor":39,"turns":5},{"damage":32,"enemies":"Nemesis","floor":44,"turns":5},{"damage":17,"enemies":"Spire Growth","floor":45,"turns":4},{"damage":4,"enemies":"Writhing Mass","floor":48,"turns":4},{"damage":44,"enemies":"Donu and Deca","floor":50,"turns":6}],"seed_played":"2078167464212479001","potions_obtained":[{"floor":2.0,"key":"AttackPotion"},{"floor":5.0,"key":"Fire Potion"},{"floor":10.0,"key":"Poison Potion"},{"floor":12.0,"key":"Regen Potion"},{"floor":23.0,"key":"FearPotion"},{"floor":33.0,"key":"Energy Potion"},{"floor":39,"key":"SpeedPotion"},{"floor":45,"key":"BloodPotion"}],"is_trial":false,"path_per_floor":["M","M","M","$","M","R","?","?","T","M","T","M","R","$","R","B",null,"M","$","?","M","$","E","M","M","T","?","R","M","R","?","R","B",null,"M","?","M","M","M","R","?","$","T","E","M","$","?","M","R","B",null],"character_chosen":"IRONCLAD","items_purchased":["Vajra","Heavy Blade","Membership Card","Shrug It Off","Self Forming Clay","Impervious","FearPotion"],"campfire_rested":0,"item_purchase_floors":[4,14,19,22,42,46,46],"current_hp_per_floor":[88,88,88,88,88,88,77,66,66,68,68,73,73,73,73,43,88,84,84,84,75,75,36,40,39,39,68,68,59,59,59,59,49,88,86,84,82,77,79,79,79,79,79,55,46,46,46,50,50,35],"gold":58,"neow_bonus":"TEN_PERCENT_HP_BONUS","is_prod":false,"is_daily":false,"chose_seed":false,"campfire_upgraded":8,"win_rate":0,"timestamp":1563889207,"path_taken":["M","M","M","$","M","R","?","?","T","M","?","M","R","$","R","BOSS","M","$","?","M","$","E","?","M","T","?","R","M","R","?","R","BOSS","M","?","M","M","M","R","?","$","T","E","?","$","?","M","R","BOSS"],"build_version":"2019-07-17","purchased_purges":4,"victory":true,"max_hp_per_floor":[88,88,88,88,88,88,88,88,88,88,88,88,88,88,88,88,88,88,88,88,88,88,88,88,88,88,88,88,88,88,88,88,88,88,88,84,84,84,84,84,84,84,84,84,84,84,84,84,84,84],"card_choices":[{"not_picked":["Flex","Clothesline","Cleave"],"picked":"SKIP","floor":1.0},{"not_picked":["Cleave","Hemokinesis"],"picked":"Whirlwind","floor":2.0},{"not_picked":["Havoc","Warcry"],"picked":"Inflame","floor":3.0},{"not_picked":["Carnage","Burning Pact","Searing Blow"],"picked":"SKIP","floor":5.0},{"not_picked":["Thunderclap","Headbutt","Havoc"],"picked":"SKIP","floor":10.0},{"not_picked":["Carnage","Havoc"],"picked":"Demon Form","floor":12.0},{"not_picked":["Reaper","Feed"],"picked":"Limit Break","floor":16.0},{"not_picked":["Entrench+1","Inflame","Headbutt+1"],"picked":"SKIP","floor":18.0},{"not_picked":["Metallicize","Anger+1","Twin Strike"],"picked":"SKIP","floor":21.0},{"not_picked":["Second Wind","Pommel Strike+1","Iron Wave"],"picked":"SKIP","floor":23.0},{"not_picked":["Anger+1","Seeing Red","Clothesline+1"],"picked":"SKIP","floor":24.0},{"not_picked":["Perfected Strike+1","Inflame"],"picked":"Shrug It Off","floor":25.0},{"not_picked":["Shockwave","Uppercut","Evolve"],"picked":"SKIP","floor":29.0},{"not_picked":["Exhume","Berserk"],"picked":"Impervious","floor":33.0},{"not_picked":["Dual Wield+1","Seeing Red+1"],"picked":"Sword Boomerang","floor":35.0},{"not_picked":["Clothesline+1","Inflame","Anger"],"picked":"SKIP","floor":37.0},{"not_picked":["Whirlwind","Blood for Blood","Thunderclap+1"],"picked":"SKIP","floor":38},{"not_picked":["Armaments","Wild Strike"],"picked":"Battle Trance","floor":39},{"not_picked":["Burning Pact","Headbutt+1","Cleave+1"],"picked":"SKIP","floor":44},{"not_picked":["Flex","Blood for Blood+1","Clash+1"],"picked":"SKIP","floor":45},{"not_picked":["Thunderclap+1","Corruption","Havoc+1"],"picked":"SKIP","floor":48}],"player_experience":739924,"relics_obtained":[{"floor":8.0,"key":"Smiling Mask"},{"floor":9.0,"key":"Bag of Marbles"},{"floor":11.0,"key":"Matryoshka"},{"floor":23.0,"key":"WingedGreaves"},{"floor":26.0,"key":"Pen Nib"},{"floor":26.0,"key":"Centennial Puzzle"},{"floor":43,"key":"Shuriken"},{"floor":43,"key":"Blood Vial"},{"floor":44,"key":"Blue Candle"}],"event_choices":[{"damage_healed":0.0,"max_hp_gain":0.0,"max_hp_loss":0.0,"gold_gain":75.0,"event_name":"World of Goop","player_choice":"Gather Gold","floor":7.0,"gold_loss":0.0,"damage_taken":11.0},{"damage_healed":0.0,"max_hp_gain":0.0,"max_hp_loss":0.0,"gold_gain":0.0,"event_name":"Dead Adventurer","player_choice":"Searched \u00272\u0027 times","floor":8.0,"gold_loss":0.0,"damage_taken":0.0},{"damage_healed":0.0,"max_hp_gain":0.0,"max_hp_loss":0.0,"gold_gain":0.0,"event_name":"Lab","player_choice":"Got Potions","floor":20.0,"gold_loss":0.0,"damage_taken":0.0},{"damage_healed":29.0,"max_hp_gain":0.0,"max_hp_loss":0.0,"gold_gain":0.0,"event_name":"The Library","player_choice":"Heal","floor":27.0,"gold_loss":0.0,"damage_taken":0.0},{"damage_healed":0.0,"max_hp_gain":0.0,"max_hp_loss":0.0,"gold_gain":0.0,"event_name":"Vampires","player_choice":"Ignored","floor":31.0,"gold_loss":0.0,"damage_taken":0.0},{"damage_healed":0.0,"max_hp_gain":0.0,"max_hp_loss":4.0,"gold_gain":0.0,"event_name":"Winding Halls","player_choice":"Max HP","floor":36.0,"gold_loss":0.0,"damage_taken":0.0},{"damage_healed":0,"gold_gain":0,"player_choice":"Forge","damage_taken":0,"max_hp_gain":0,"max_hp_loss":0,"event_name":"Accursed Blacksmith","floor":41,"gold_loss":0,"cards_upgraded":["Battle Trance"]},{"cards_removed":["Strike_R"],"damage_healed":0,"gold_gain":0,"player_choice":"Offered Basic","damage_taken":0,"max_hp_gain":0,"max_hp_loss":0,"event_name":"Bonfire Elementals","floor":47,"gold_loss":0}],"is_beta":false,"boss_relics":[{"not_picked":["Tiny House","Empty Cage"],"picked":"Velvet Choker"},{"not_picked":["Eternal Feather","Calling Bell"],"picked":"Runic Cube"}],"items_purged_floors":[14,19,42,46],"is_endless":false,"potions_floor_spawned":[2,5,10,12,23,25,33,39,45],"ascension_level":0}