{"path_per_floor":["M","M","$","M","M","R","?","?","T","M","R","M","R","M","R","B",null,"M","M","M","$","M","R","$","R","T","E","M","?"],"character_chosen":"DEFECT","items_purchased":["Sunder","Bottled Tornado","Skim","Tempest"],"gold_per_floor":[211,231,162,172,186,186,186,186,186,201,201,221,221,231,231,332,332,344,361,371,61,79,79,7,7,7,33,52,52,52],"floor_reached":30,"campfire_rested":0,"playtime":1303,"current_hp_per_floor":[74,74,74,68,68,68,73,57,57,54,54,44,44,42,42,27,80,67,65,65,65,56,56,56,56,56,12,3,3,0],"items_purged":[],"gold":52,"score":244,"play_id":"0f5b5b86-b660-48db-8927-e630358fdaa5","local_time":"20180430220216","is_prod":false,"is_daily":false,"chose_seed":false,"is_ascension_mode":false,"campfire_upgraded":6,"timestamp":1525114936,"path_taken":["M","M","$","M","M","R","?","?","T","M","R","M","R","M","R","BOSS","M","M","M","$","M","R","$","R","T","E","M","?","M"],"build_version":"2018-04-27v3","seed_source_timestamp":704152056830228,"purchased_purges":0,"victory":false,"master_deck":["Strike_B","Strike_B","Strike_B","Strike_B","Defend_B+1","Defend_B","Defend_B","Defend_B","Zap+1","Dualcast+1","Tempest+1","Defragment+1","Sunder","Axe Kick","Ball Lightning","Double Energy+1","Auto Shields","Redo","Barrage+1","Leap","Loop","Skim","Biased Cognition+1","Tempest+1"],"max_hp_per_floor":[75,75,75,75,75,75,80,80,80,80,80,80,80,80,80,80,80,80,80,80,80,80,80,80,80,80,80,80,80,80],"relics":["Cracked Core","Centennial Puzzle","Inserter","Bottled Tornado","Question Card","Bottled Flame"],"card_choices":[{"not_picked":["Impulse","Leap"],"picked":"Tempest","floor":1.0},{"not_picked":["Capacitor","Skim"],"picked":"Defragment","floor":2.0},{"not_picked":["Conserve Battery","Hologram"],"picked":"Axe Kick","floor":4.0},{"not_picked":["Go for the Eyes","Seek"],"picked":"Ball Lightning","floor":5.0},{"not_picked":["Barrage","Flux Capacitor"],"picked":"Double Energy","floor":10.0},{"not_picked":["Go for the Eyes","Barrage"],"picked":"Auto Shields","floor":14.0},{"not_picked":["Multi-Cast","Biased Cognition"],"picked":"Redo","floor":16.0},{"not_picked":["Rip and Tear","Scrape"],"picked":"Barrage","floor":18.0},{"not_picked":["Axe Kick","FTL"],"picked":"Leap","floor":19.0},{"not_picked":["Leap","Skim"],"picked":"Loop","floor":20.0},{"not_picked":["FTL","Axe Kick"],"picked":"Biased Cognition","floor":22.0}],"player_experience":103540,"potions_floor_usage":[],"damage_taken":[{"damage":1.0,"enemies":"Cultist","floor":1.0,"turns":3.0},{"damage":0.0,"enemies":"Small Slimes","floor":2.0,"turns":3.0},{"damage":6.0,"enemies":"Jaw Worm","floor":4.0,"turns":3.0},{"damage":0.0,"enemies":"3 Louse","floor":5.0,"turns":2.0},{"damage":3.0,"enemies":"Gremlin Gang","floor":10.0,"turns":4.0},{"damage":10.0,"enemies":"Looter","floor":12.0,"turns":3.0},{"damage":2.0,"enemies":"Blue Slaver","floor":14.0,"turns":2.0},{"damage":15.0,"enemies":"Hexaghost","floor":16.0,"turns":8.0},{"damage":13.0,"enemies":"Chosen","floor":18.0,"turns":4.0},{"damage":2.0,"enemies":"Spheric Guardian","floor":19.0,"turns":3.0},{"damage":0.0,"enemies":"Snake Plant","floor":20.0,"turns":2.0},{"damage":18.0,"enemies":"3 Cultists","floor":22.0,"turns":4.0},{"damage":44,"enemies":"Gremlin Leader","floor":27,"turns":5},{"damage":9,"enemies":"Sentry and Sphere","floor":28,"turns":3},{"damage":3,"enemies":"Snake Plant","floor":30,"turns":1}],"event_choices":[{"event_name":"Big Fish","player_choice":"Donut","floor":7.0,"damage_taken":0.0},{"event_name":"Shining Light","player_choice":"Entered Light","floor":8.0,"damage_taken":0.0},{"event_name":"Addict","player_choice":"Ignored","floor":29,"damage_taken":0}],"boss_relics":[],"potions_floor_spawned":[2,5,10,14,19,20,27],"seed_played":"8208916147244700356","killed_by":"Snake Plant","ascension_level":0,"is_trial":false}