{"gold_per_floor":[118,128,144,60,80,80,80,92,392,392,405,424,441,184,184,289,289,309,309,185,203,203],"floor_reached":22,"playtime":642,"items_purged":["Writhe"],"score":180,"play_id":"48ac1ea8-ed78-4b45-8609-8c71c0c6f44e","local_time":"20181025062316","is_ascension_mode":false,"campfire_choices":[{"data":"Spot Weakness","floor":6.0,"key":"SMITH"},{"data":"Armaments","floor":15,"key":"SMITH"}],"neow_cost":"NONE","seed_source_timestamp":51174286241198,"circlet_count":0,"master_deck":["Strike_R","Strike_R+1","Strike_R","Strike_R","Strike_R","Defend_R","Defend_R","Defend_R","Defend_R","Bash+1","Spot Weakness+1","Shrug It Off","Shrug It Off","Sword Boomerang","Armaments+1","Limit Break","Battle Trance","Rage","Pommel Strike"],"special_seed":0,"relics":["Burning Blood","NeowsBlessing","Old Coin","Matryoshka","Orrery","Ginger"],"potions_floor_usage":[22],"damage_taken":[{"damage":0.0,"enemies":"Cultist","floor":1.0,"turns":1.0},{"damage":0.0,"enemies":"2 Louse","floor":2.0,"turns":1.0},{"damage":0.0,"enemies":"Small Slimes","floor":3.0,"turns":1.0},{"damage":16.0,"enemies":"Exordium Wildlife","floor":5.0,"turns":5.0},{"damage":20,"enemies":"Looter","floor":8,"turns":3},{"damage":0,"enemies":"Blue Slaver","floor":11,"turns":3},{"damage":15,"enemies":"Lots of Slimes","floor":12,"turns":5},{"damage":6,"enemies":"3 Louse","floor":13,"turns":3},{"damage":26,"enemies":"The Guardian","floor":16,"turns":11},{"damage":21,"enemies":"Chosen","floor":18,"turns":7},{"damage":42,"enemies":"3 Byrds","floor":21,"turns":8},{"damage":51,"enemies":"3 Cultists","floor":22,"turns":4}],"seed_played":"-2140704139608552099","potions_obtained":[{"floor":3.0,"key":"EssenceOfSteel"},{"floor":5.0,"key":"BloodPotion"},{"floor":8,"key":"PowerPotion"},{"floor":16,"key":"Regen Potion"}],"is_trial":false,"path_per_floor":["M","M","M","$","M","R","?","M","T","?","M","M","M","$","R","B",null,"M","?","$","M"],"character_chosen":"IRONCLAD","items_purchased":["Spot Weakness","Shrug It Off","Matryoshka","Pommel Strike"],"campfire_rested":0,"item_purchase_floors":[4,4,14,20],"current_hp_per_floor":[80,80,80,80,70,70,70,56,56,40,46,37,37,37,37,17,80,65,65,65,29,0],"gold":203,"neow_bonus":"THREE_ENEMY_KILL","is_prod":false,"is_daily":false,"chose_seed":false,"campfire_upgraded":2,"win_rate":0,"timestamp":1540437796,"path_taken":["M","M","M","$","M","R","?","M","T","?","M","M","M","$","R","BOSS","M","?","$","M","?"],"build_version":"2018-10-18","purchased_purges":1,"victory":false,"max_hp_per_floor":[80,80,80,80,80,80,80,80,80,80,80,80,80,80,80,80,80,80,80,80,80,80],"card_choices":[{"not_picked":["Warcry","Havoc","Thunderclap"],"picked":"SKIP","floor":1.0},{"not_picked":["Burning Pact","Dropkick","Pommel Strike"],"picked":"SKIP","floor":2.0},{"not_picked":["Searing Blow","Uppercut","Pommel Strike"],"picked":"SKIP","floor":3.0},{"not_picked":["Thunderclap","Entrench","Exhume"],"picked":"SKIP","floor":5.0},{"not_picked":["Power Through","Flame Barrier"],"picked":"Shrug It Off","floor":8},{"not_picked":["Iron Wave","Havoc","Fire Breathing"],"picked":"SKIP","floor":11},{"not_picked":["Sever Soul","Iron Wave"],"picked":"Sword Boomerang","floor":12},{"not_picked":["Body Slam","Flex"],"picked":"Armaments","floor":13},{"not_picked":["Exhume","Impervious"],"picked":"Limit Break","floor":16},{"not_picked":["Warcry","Infernal Blade"],"picked":"Battle Trance","floor":17},{"not_picked":["Perfected Strike","Wild Strike"],"picked":"Rage","floor":17},{"not_picked":["Thunderclap","Perfected Strike","Battle Trance+1"],"picked":"SKIP","floor":18},{"not_picked":["Entrench","Thunderclap","Reckless Charge"],"picked":"SKIP","floor":21}],"player_experience":429355,"relics_obtained":[{"floor":9,"key":"Old Coin"}],"event_choices":[{"damage_healed":0.0,"max_hp_gain":0.0,"max_hp_loss":0.0,"gold_gain":0.0,"event_name":"Liars Game","player_choice":"Ignored","floor":7.0,"gold_loss":0.0,"damage_taken":0.0},{"damage_healed":0,"gold_gain":0,"player_choice":"Entered Light","damage_taken":16,"max_hp_gain":0,"max_hp_loss":0,"event_name":"Shining Light","floor":10,"gold_loss":0,"cards_upgraded":["Strike_R","Bash"]},{"damage_healed":0,"gold_gain":0,"player_choice":"Opened","damage_taken":0,"relics_obtained":["Ginger"],"max_hp_gain":0,"max_hp_loss":0,"event_name":"The Mausoleum","floor":19,"gold_loss":0,"cards_obtained":["Writhe"]}],"is_beta":false,"boss_relics":[{"not_picked":["Black Star","Pandora\u0027s Box"],"picked":"Orrery"}],"items_purged_floors":[20],"is_endless":false,"potions_floor_spawned":[3,5,8,13,16,21],"killed_by":"3 Cultists","ascension_level":0}