{"gold_per_floor":[359,124,138,138,10,38,38,38,38,38,48,48,4,19,19,114,114,132,132,151,29,29,61,72,72,72,72,9,9,9,9,9,109,109,129,129,147,162,9,9,23,49,49,66,81,81,94,0,0,0],"floor_reached":51,"playtime":1374,"items_purged":["Strike_R","Regret","Strike_R+1","Strike_R+1"],"score":868,"play_id":"dbaf89be-ea9b-431d-9dd5-5d79b17fe642","local_time":"20190702042055","is_ascension_mode":false,"campfire_choices":[{"data":"Body Slam","floor":7.0,"key":"SMITH"},{"data":"Shrug It Off","floor":10.0,"key":"SMITH"},{"data":"Body Slam","floor":12.0,"key":"SMITH"},{"data":"Ghostly Armor","floor":15.0,"key":"SMITH"},{"floor":29.0,"key":"RECALL"},{"floor":32.0,"key":"REST"}],"neow_cost":"PERCENT_DAMAGE","seed_source_timestamp":192581010132000,"circlet_count":0,"master_deck":["Strike_R+1","Strike_R+1","Defend_R+1","Defend_R+1","Defend_R+1","Defend_R+1","Bash","Body Slam+1","Shrug It Off+1","Body Slam+1","Ghostly Armor+1","Barricade","Entrench","Blind","Entrench","Headbutt"],"special_seed":0,"relics":["Burning Blood","Membership Card","Potion Belt","Whetstone","Pantograph","Anchor","Fusion Hammer","Dodecahedron","Strawberry","Lantern","MutagenicStrength","Coffee Dripper","Bag of Preparation","Self Forming Clay","Bag of Marbles","Red Mask"],"potions_floor_usage":[44,50,50,50,50],"damage_taken":[{"damage":3.0,"enemies":"2 Louse","floor":1.0,"turns":3.0},{"damage":10.0,"enemies":"Jaw Worm","floor":3.0,"turns":4.0},{"damage":49.0,"enemies":"Lagavulin","floor":6.0,"turns":7.0},{"damage":0.0,"enemies":"Cultist","floor":11.0,"turns":4.0},{"damage":0.0,"enemies":"Exordium Wildlife","floor":14.0,"turns":6.0},{"damage":14.0,"enemies":"Hexaghost","floor":16.0,"turns":7.0},{"damage":0.0,"enemies":"Chosen","floor":18.0,"turns":3.0},{"damage":0.0,"enemies":"Shell Parasite","floor":20.0,"turns":4.0},{"damage":0.0,"enemies":"Book of Stabbing","floor":23.0,"turns":4.0},{"damage":0.0,"enemies":"Chosen and Byrds","floor":24.0,"turns":5.0},{"damage":0.0,"enemies":"Automaton","floor":33.0,"turns":7.0},{"damage":0.0,"enemies":"3 Darklings","floor":35.0,"turns":8.0},{"damage":0.0,"enemies":"3 Shapes","floor":37.0,"turns":4.0},{"damage":0.0,"enemies":"Spire Growth","floor":38.0,"turns":3.0},{"damage":0.0,"enemies":"3 Darklings","floor":41.0,"turns":8.0},{"damage":0,"enemies":"Giant Head","floor":42,"turns":4},{"damage":7,"enemies":"4 Shapes","floor":44,"turns":6},{"damage":0,"enemies":"Jaw Worm Horde","floor":45,"turns":4},{"damage":0,"enemies":"3 Darklings","floor":47,"turns":15},{"damage":0,"enemies":"Donu and Deca","floor":50,"turns":6}],"seed_played":"2959488158773876286","potions_obtained":[{"floor":1.0,"key":"Weak Potion"},{"floor":8.0,"key":"Block Potion"},{"floor":8.0,"key":"Dexterity Potion"},{"floor":8.0,"key":"AttackPotion"},{"floor":11.0,"key":"LiquidBronze"},{"floor":23.0,"key":"Swift Potion"},{"floor":24.0,"key":"LiquidBronze"},{"floor":35.0,"key":"GamblersBrew"},{"floor":37.0,"key":"Poison Potion"},{"floor":47,"key":"BloodPotion"}],"is_trial":false,"path_per_floor":["M","$","M","?","$","E","R","?","T","R","M","R","?","M","R","B",null,"M","?","M","$","?","E","M","?","T","?","$","R","?","?","R","B",null,"M","?","M","M","$","R","M","E","T","M","M","$","M","?","R","B",null],"character_chosen":"IRONCLAD","items_purchased":["Membership Card","Whetstone","Dodecahedron","Bag of Preparation"],"campfire_rested":1,"item_purchase_floors":[2,5,21,39],"current_hp_per_floor":[59,59,55,55,55,12,12,12,12,12,18,18,18,24,24,41,80,80,80,80,80,80,87,87,87,87,87,87,87,87,87,87,87,87,87,87,87,87,87,87,87,87,87,86,87,87,87,87,87,87],"gold":0,"neow_bonus":"TWO_FIFTY_GOLD","is_prod":false,"is_daily":false,"chose_seed":false,"campfire_upgraded":4,"win_rate":0,"timestamp":1562030455,"path_taken":["M","$","M","?","$","E","R","?","T","R","?","R","?","M","R","BOSS","M","?","?","$","?","E","M","?","T","?","$","R","?","?","R","BOSS","M","?","M","M","$","R","M","E","T","M","M","$","M","?","R","BOSS"],"build_version":"2019-07-01","purchased_purges":4,"victory":true,"max_hp_per_floor":[80,80,80,80,80,80,80,80,80,80,80,80,80,80,80,80,80,80,80,80,80,80,87,87,87,87,87,87,87,87,87,87,87,87,87,87,87,87,87,87,87,87,87,87,87,87,87,87,87,87],"card_choices":[{"not_picked":["Armaments","Iron Wave"],"picked":"Body Slam","floor":1.0},{"not_picked":["Cleave","Iron Wave","Heavy Blade"],"picked":"SKIP","floor":3.0},{"not_picked":["Dual Wield","Whirlwind"],"picked":"Shrug It Off","floor":6.0},{"not_picked":["Dropkick","Flex"],"picked":"Body Slam","floor":11.0},{"not_picked":["Clothesline","Flex"],"picked":"Ghostly Armor","floor":14.0},{"not_picked":["Exhume","Reaper"],"picked":"Barricade","floor":16.0},{"not_picked":["Cleave","Flex","Armaments"],"picked":"SKIP","floor":18.0},{"not_picked":["Havoc","Uppercut","Intimidate"],"picked":"SKIP","floor":20.0},{"not_picked":["Twin Strike+1","Body Slam","Corruption"],"picked":"SKIP","floor":23.0},{"not_picked":["Clothesline","Dropkick","Clash"],"picked":"SKIP","floor":24.0},{"not_picked":["True Grit","Warcry","Clash+1"],"picked":"SKIP","floor":35.0},{"not_picked":["Good Instincts","Dark Shackles"],"picked":"Blind","floor":36.0},{"not_picked":["Pommel Strike","Intimidate+1","Reckless Charge+1"],"picked":"SKIP","floor":37.0},{"not_picked":["Dual Wield+1","Thunderclap"],"picked":"Entrench","floor":38.0},{"not_picked":["Cleave","Wild Strike+1","Headbutt"],"picked":"SKIP","floor":41.0},{"not_picked":["Cleave","Wild Strike+1"],"picked":"Headbutt","floor":41.0},{"not_picked":["Shrug It Off","Combust","Exhume"],"picked":"SKIP","floor":42},{"not_picked":["Twin Strike+1","Second Wind","Havoc+1"],"picked":"SKIP","floor":44},{"not_picked":["Warcry","Entrench","Inflame+1"],"picked":"SKIP","floor":45},{"not_picked":["Blood for Blood+1","Heavy Blade+1","Clothesline+1"],"picked":"SKIP","floor":47}],"player_experience":666890,"relics_obtained":[{"floor":6.0,"key":"Pantograph"},{"floor":9.0,"key":"Anchor"},{"floor":23.0,"key":"Strawberry"},{"floor":26.0,"key":"Lantern"},{"floor":42,"key":"Self Forming Clay"},{"floor":43,"key":"Bag of Marbles"}],"event_choices":[{"damage_healed":0.0,"max_hp_gain":0.0,"max_hp_loss":0.0,"gold_gain":0.0,"event_name":"Big Fish","player_choice":"Box","floor":4.0,"gold_loss":0.0,"damage_taken":0.0,"relics_obtained":["Potion Belt"],"cards_obtained":["Regret"]},{"damage_healed":0.0,"max_hp_gain":0.0,"max_hp_loss":0.0,"gold_gain":0.0,"event_name":"Lab","player_choice":"Got Potions","floor":8.0,"gold_loss":0.0,"damage_taken":0.0},{"damage_healed":0.0,"max_hp_gain":0.0,"max_hp_loss":0.0,"gold_gain":0.0,"event_name":"World of Goop","player_choice":"Left Gold","floor":13.0,"gold_loss":44.0,"damage_taken":0.0},{"damage_healed":0.0,"max_hp_gain":0.0,"max_hp_loss":0.0,"gold_gain":0.0,"event_name":"The Woman in Blue","player_choice":"Bought 0 Potions","floor":19.0,"gold_loss":0.0,"damage_taken":0.0},{"damage_healed":0.0,"max_hp_gain":0.0,"max_hp_loss":0.0,"gold_gain":0.0,"event_name":"The Mausoleum","player_choice":"Ignored","floor":22.0,"gold_loss":0.0,"damage_taken":0.0},{"damage_healed":0.0,"max_hp_gain":0.0,"max_hp_loss":0.0,"gold_gain":0.0,"event_name":"Back to Basics","player_choice":"Simplicity","floor":25.0,"gold_loss":0.0,"damage_taken":0.0,"cards_upgraded":["Strike_R","Strike_R","Defend_R","Defend_R","Defend_R","Defend_R"]},{"damage_healed":0.0,"max_hp_gain":0.0,"max_hp_loss":0.0,"gold_gain":0.0,"event_name":"Drug Dealer","player_choice":"Inject Mutagens","floor":27.0,"gold_loss":0.0,"damage_taken":0.0,"relics_obtained":["MutagenicStrength"]},{"damage_healed":0.0,"max_hp_gain":0.0,"max_hp_loss":0.0,"gold_gain":0.0,"event_name":"The Library","player_choice":"Read","floor":30.0,"gold_loss":0.0,"damage_taken":0.0,"cards_obtained":["Entrench"]},{"damage_healed":0.0,"max_hp_gain":0.0,"max_hp_loss":0.0,"gold_gain":0.0,"event_name":"Vampires","player_choice":"Ignored","floor":31.0,"gold_loss":0.0,"damage_taken":0.0},{"damage_healed":0.0,"max_hp_gain":0.0,"max_hp_loss":0.0,"gold_gain":0.0,"event_name":"SensoryStone","player_choice":"Memory 1","floor":36.0,"gold_loss":0.0,"damage_taken":0.0},{"damage_healed":0,"gold_gain":0,"player_choice":"Paid","damage_taken":0,"relics_obtained":["Red Mask"],"max_hp_gain":0,"max_hp_loss":0,"event_name":"Tomb of Lord Red Mask","floor":48,"gold_loss":94}],"is_beta":false,"boss_relics":[{"not_picked":["Runic Dome","Pandora\u0027s Box"],"picked":"Fusion Hammer"},{"not_picked":["White Beast Statue","Velvet Choker"],"picked":"Coffee Dripper"}],"items_purged_floors":[2,5,28,39],"is_endless":false,"potions_floor_spawned":[1,11,23,24,35,37,47],"ascension_level":0}