{"gold_per_floor":[114,33,45,64,83,83,83,48,127,146,159,159,70,83,83,83],"floor_reached":16,"playtime":884,"items_purged":["Strike_G"],"score":94,"play_id":"a331e2c2-fdfe-45b2-9a3f-85933641e18d","local_time":"20180628131118","is_ascension_mode":false,"campfire_choices":[{"data":"Backflip","floor":6,"key":"SMITH"},{"data":"Survivor","floor":12,"key":"SMITH"},{"data":"Catalyst","floor":15,"key":"SMITH"}],"neow_cost":"","seed_source_timestamp":0,"circlet_count":0,"master_deck":["Defend_G","Defend_G","Defend_G","Defend_G","Defend_G","Strike_G","Strike_G","Strike_G","Strike_G","Survivor+1","Neutralize","Acrobatics","Noxious Fumes","PiercingWail","Cloak And Dagger","Backflip+1","Dash","Blur","Catalyst+1"],"special_seed":17710,"relics":["Ring of the Snake","The Courier"],"potions_floor_usage":[3,10,14,16],"damage_taken":[{"damage":0.0,"enemies":"2 Louse","floor":1.0,"turns":2.0},{"damage":0,"enemies":"Cultist","floor":3,"turns":4},{"damage":0,"enemies":"Small Slimes","floor":4,"turns":5},{"damage":0,"enemies":"Exordium Wildlife","floor":5,"turns":3},{"damage":0,"enemies":"3 Louse","floor":10,"turns":4},{"damage":0,"enemies":"2 Fungi Beasts","floor":11,"turns":4},{"damage":0,"enemies":"Looter","floor":14,"turns":3},{"damage":2,"enemies":"Slime Boss","floor":16,"turns":9}],"seed_played":"8379956509153837283","potions_obtained":[{"floor":1.0,"key":"Poison Potion"},{"floor":3,"key":"AttackPotion"},{"floor":5,"key":"SpeedPotion"},{"floor":14,"key":"PowerPotion"}],"is_trial":true,"path_per_floor":["M","$","M","M","M","R","?","?","T","M","M","R","$","M","R"],"character_chosen":"THE_SILENT","items_purchased":["Noxious Fumes","Blur"],"campfire_rested":0,"item_purchase_floors":[],"current_hp_per_floor":[1,1,1,1,1,1,1,1,1,1,1,1,1,1,1,0],"gold":83,"neow_bonus":"","is_prod":false,"is_daily":false,"chose_seed":false,"campfire_upgraded":3,"win_rate":0,"timestamp":1530184278,"path_taken":["M","$","M","M","M","R","?","?","T","M","M","R","$","M","R","BOSS"],"build_version":"2018-06-27","purchased_purges":1,"victory":false,"max_hp_per_floor":[1,1,1,1,1,1,1,1,1,1,1,1,1,1,1,1],"card_choices":[{"not_picked":["Flechettes","Underhanded Strike"],"picked":"Acrobatics","floor":1.0},{"not_picked":["Deflect","Bouncing Flask"],"picked":"PiercingWail","floor":3},{"not_picked":["Eviscerate","Endless Agony"],"picked":"Cloak And Dagger","floor":4},{"not_picked":["Slice","Prepared"],"picked":"Backflip","floor":5},{"not_picked":["Flechettes","Bouncing Flask","Bane"],"picked":"SKIP","floor":10},{"not_picked":["Deadly Poison","Acrobatics"],"picked":"Dash","floor":11},{"not_picked":["Skewer","Bane"],"picked":"Catalyst","floor":14}],"player_experience":539077,"relics_obtained":[{"floor":9,"key":"The Courier"}],"event_choices":[{"event_name":"The Woman in Blue","player_choice":"Bought 0 Potions","floor":7,"damage_taken":0},{"event_name":"World of Goop","player_choice":"Left","floor":8,"damage_taken":0}],"boss_relics":[],"items_purged_floors":[13],"is_endless":false,"potions_floor_spawned":[1,3,5,14],"killed_by":"Slime Boss","ascension_level":0}