{"gold_per_floor":[112,131,143,156,174,208,208,236,236,254,254,124,124,124,124,254,254,279,299,299,399,399],"floor_reached":22,"playtime":1590,"items_purged":[],"score":270,"play_id":"c61bec4f-8012-4f3a-9a2e-c06391d5a544","local_time":"20190714014436","is_ascension_mode":true,"campfire_choices":[{"floor":7,"key":"REST"},{"floor":11,"key":"REST"},{"data":"Noxious Fumes","floor":15,"key":"SMITH"}],"neow_cost":"NONE","seed_source_timestamp":17160354072517,"circlet_count":0,"master_deck":["Strike_G+1","Strike_G+1","Strike_G+1","Strike_G+1","Strike_G+1","Defend_G+1","Defend_G+1","Defend_G+1","Defend_G+1","Defend_G+1","Survivor","Neutralize","Purity","Quick Slash","Cloak And Dagger","Flying Knee","Deflect","PiercingWail","Cloak And Dagger","Dagger Throw","Terror","Noxious Fumes+1","Deadly Poison","Parasite","Unload","Regret","Decay","Decay","Catalyst+1","Crippling Poison","Bane+1","PiercingWail"],"relics":["Ring of the Snake","Darkstone Periapt","Oddly Smooth Stone","Pear","Golden Idol","Calling Bell","Art of War","The Courier","Prayer Wheel"],"potions_floor_usage":[4,16,22],"damage_taken":[{"damage":0,"enemies":"Cultist","floor":1,"turns":3},{"damage":0,"enemies":"Small Slimes","floor":2,"turns":3},{"damage":0,"enemies":"2 Louse","floor":3,"turns":3},{"damage":10,"enemies":"Large Slime","floor":4,"turns":7},{"damage":6,"enemies":"Red Slaver","floor":5,"turns":4},{"damage":49,"enemies":"Lagavulin","floor":6,"turns":9},{"damage":24,"enemies":"Gremlin Nob","floor":8,"turns":5},{"damage":5,"enemies":"Lots of Slimes","floor":10,"turns":5},{"damage":21,"enemies":"The Guardian","floor":16,"turns":11},{"damage":18,"enemies":"3 Byrds","floor":18,"turns":7},{"damage":60,"enemies":"Chosen","floor":19,"turns":9},{"damage":11,"enemies":"Shelled Parasite and Fungi","floor":22,"turns":4}],"seed_played":"881838551285709441","potions_obtained":[{"floor":1,"key":"AttackPotion"},{"floor":2,"key":"Ancient Potion"},{"floor":10,"key":"AttackPotion"},{"floor":18,"key":"PowerPotion"}],"is_trial":false,"path_per_floor":["M","M","M","M","M","E","R","E","T","M","R","$","?","?","R","B",null,"M","M","?","?","M"],"character_chosen":"THE_SILENT","items_purchased":["Noxious Fumes","Deadly Poison"],"campfire_rested":2,"item_purchase_floors":[12,12],"current_hp_per_floor":[70,70,70,60,54,5,26,2,12,7,31,31,31,55,55,34,87,69,9,9,9,0],"gold":399,"neow_bonus":"RANDOM_COLORLESS","is_prod":false,"is_daily":false,"chose_seed":false,"campfire_upgraded":1,"win_rate":0,"timestamp":1563061476,"path_taken":["M","M","M","?","M","E","R","E","T","M","R","$","?","?","R","BOSS","M","M","?","?","?"],"build_version":"2019-07-05","purchased_purges":0,"victory":false,"max_hp_per_floor":[70,70,70,70,70,70,70,70,80,80,80,80,74,80,80,80,98,98,98,98,98,98],"card_choices":[{"not_picked":["Prepared","Acrobatics"],"picked":"Quick Slash","floor":1},{"not_picked":["Accuracy","Masterful Stab"],"picked":"Cloak And Dagger","floor":2},{"not_picked":["Eviscerate","Distraction"],"picked":"Flying Knee","floor":3},{"not_picked":["Flechettes","Quick Slash"],"picked":"Deflect","floor":4},{"not_picked":["Endless Agony","Dodge and Roll"],"picked":"PiercingWail","floor":5},{"not_picked":["Masterful Stab","Glass Knife"],"picked":"Cloak And Dagger","floor":6},{"not_picked":["Underhanded Strike","Prepared"],"picked":"Dagger Throw","floor":8},{"not_picked":["Poisoned Stab","Slice"],"picked":"Terror","floor":10},{"not_picked":["Doppelganger","Grand Finale"],"picked":"Unload","floor":16},{"not_picked":["Bane+1","Cloak And Dagger"],"picked":"Catalyst+1","floor":18},{"not_picked":["Flechettes","PiercingWail"],"picked":"Crippling Poison","floor":18},{"not_picked":["Cloak And Dagger","Grand Finale"],"picked":"Bane+1","floor":19},{"not_picked":["Eviscerate","Underhanded Strike"],"picked":"PiercingWail","floor":19}],"player_experience":363195,"relics_obtained":[{"floor":6,"key":"Darkstone Periapt"},{"floor":8,"key":"Oddly Smooth Stone"},{"floor":9,"key":"Pear"},{"floor":17,"key":"Art of War"},{"floor":17,"key":"The Courier"},{"floor":17,"key":"Prayer Wheel"}],"event_choices":[{"damage_healed":0,"gold_gain":0,"player_choice":"Lose Max HP","damage_taken":0,"relics_obtained":["Golden Idol"],"max_hp_gain":0,"max_hp_loss":6,"event_name":"Golden Idol","floor":13,"gold_loss":0},{"damage_healed":18,"gold_gain":0,"player_choice":"Healed and dodged fight","damage_taken":0,"max_hp_gain":0,"max_hp_loss":0,"event_name":"Mushrooms","floor":14,"gold_loss":0,"cards_obtained":["Parasite"]},{"damage_healed":0,"gold_gain":0,"player_choice":"Simplicity","damage_taken":0,"max_hp_gain":0,"max_hp_loss":0,"event_name":"Back to Basics","floor":20,"gold_loss":0,"cards_upgraded":["Strike_G","Strike_G","Strike_G","Strike_G","Strike_G","Defend_G","Defend_G","Defend_G","Defend_G","Defend_G"]},{"damage_healed":0,"gold_gain":100,"player_choice":"Pray","damage_taken":0,"max_hp_gain":0,"max_hp_loss":0,"event_name":"Golden Shrine","floor":21,"gold_loss":0}],"is_beta":false,"boss_relics":[{"not_picked":["Astrolabe","Coffee Dripper"],"picked":"Calling Bell"}],"items_purged_floors":[],"is_endless":false,"potions_floor_spawned":[1,2,10,18],"killed_by":"Shelled Parasite and Fungi","ascension_level":5}