{"path_per_floor":["M","M","M","?","$","R","?","M","T","?","T","M","R","?","R","B",null,"M","?","$","$","M","R","M","R","T","M","R","M","M","M","R","B",null,"M","?","?","M","M","R","?","R","T","?","M","M","$","M","R"],"character_chosen":"THE_SILENT","items_purchased":["Caltrops","Accuracy","Choke"],"gold_per_floor":[118,129,146,146,71,71,71,82,105,180,227,247,247,277,277,374,374,374,374,238,7,0,0,0,0,0,0,0,0,0,0,0,0,0,0,0,0,0,0,0,0,0,0,0,0,0,0,0,0],"floor_reached":50,"campfire_rested":2,"playtime":7093,"current_hp_per_floor":[62,62,62,50,50,50,50,50,57,46,46,41,41,56,56,46,70,70,70,70,70,69,69,53,53,53,43,43,35,27,12,33,8,70,65,65,65,65,65,65,65,65,65,55,28,18,18,12,33],"items_purged":["Strike_G","Strike_G","Defend_G"],"gold":0,"play_id":"21fc37f3-a39f-44ea-93f9-9d463c73ac14","is_prod":false,"is_daily":false,"is_ascension_mode":false,"campfire_upgraded":8,"path_taken":["M","M","M","?","$","R","?","M","T","?","?","M","R","?","R","BOSS","M","?","?","$","M","R","M","R","T","M","R","M","M","M","R","BOSS","M","?","?","?","M","R","?","R","T","?","?","M","$","M","R","BOSS"],"build_version":"2018-01-29-BETA1","purchased_purges":3,"victory":false,"master_deck":["Defend_G","Defend_G","Strike_G","Strike_G+1","Survivor","Neutralize+1","Flying Knee","Accuracy+1","Cloak And Dagger","Storm of Steel","Footwork+1","A Thousand Cuts+1","Backflip+1","Caltrops+1","Accuracy+1","Choke","Acrobatics+1","Endless Agony","Calculated Gamble","Deflect+1","Prepared","Blur+1","Writhe","Setup+1","Madness","Madness","Blur"],"max_hp_per_floor":[63,63,63,63,63,63,63,63,70,70,70,70,70,70,70,70,70,70,70,70,70,70,70,70,70,70,70,70,70,70,70,70,70,70,70,70,70,70,70,70,70,70,70,70,70,70,70,70,70],"relics":["Ring of the Snake","Strawberry","Happy Flower","Odd Mushroom","Ectoplasm","Prayer Wheel","Cursed Key","Red Mask","Bottled Flame"],"card_choices":[{"not_picked":["Deadly Poison","All Out Attack"],"picked":"Flying Knee"},{"not_picked":["Choke","Calculated Gamble"],"picked":"Accuracy"},{"not_picked":["Underhanded Strike","Poisoned Stab"],"picked":"Cloak And Dagger"},{"not_picked":["Eviscerate","Dodge and Roll"],"picked":"Storm of Steel"},{"not_picked":["Acrobatics","Underhanded Strike"],"picked":"Footwork"},{"not_picked":["Wraith Form","Adrenaline"],"picked":"A Thousand Cuts"},{"not_picked":["Deflect","Dagger Throw"],"picked":"Backflip"},{"not_picked":["Backstab","Underhanded Strike"],"picked":"Acrobatics"},{"not_picked":["Dagger Throw","PiercingWail"],"picked":"Endless Agony"},{"not_picked":["Setup","Acrobatics"],"picked":"Calculated Gamble"},{"not_picked":["Prepared","Poisoned Stab"],"picked":"Deflect"},{"not_picked":["Backflip","Terror"],"picked":"Prepared"},{"not_picked":["PiercingWail","Flying Knee"],"picked":"Blur"},{"not_picked":["Accuracy","Flying Knee"],"picked":"Setup"},{"not_picked":["Caltrops","Slice"],"picked":"Blur"}],"player_experience":117489,"potions_floor_usage":[14,14,16,22,29,31,33,45,45,50],"damage_taken":[{"damage":1,"enemies":"Cultist","floor":1,"turns":4},{"damage":0,"enemies":"Jaw Worm","floor":2,"turns":5},{"damage":0,"enemies":"Small Slimes","floor":3,"turns":4},{"damage":0,"enemies":"Looter","floor":8,"turns":3},{"damage":5,"enemies":"Lots of Slimes","floor":12,"turns":4},{"damage":0,"enemies":"The Mushroom Lair","floor":14,"turns":6},{"damage":10,"enemies":"The Guardian","floor":16,"turns":16},{"damage":0,"enemies":"Shell Parasite","floor":18,"turns":6},{"damage":1,"enemies":"2 Thieves","floor":22,"turns":4},{"damage":16,"enemies":"Centurion and Healer","floor":24,"turns":5},{"damage":10,"enemies":"Sentry and Sphere","floor":27,"turns":6},{"damage":8,"enemies":"Snake Plant","floor":29,"turns":4},{"damage":8,"enemies":"Snecko","floor":30,"turns":3},{"damage":15,"enemies":"Cultist and Chosen","floor":31,"turns":5},{"damage":25,"enemies":"Collector","floor":33,"turns":8},{"damage":5,"enemies":"3 Darklings","floor":35,"turns":4},{"damage":0,"enemies":"Flame Bruiser 1 Orb","floor":38,"turns":5},{"damage":0,"enemies":"3 Darklings","floor":39,"turns":4},{"damage":27,"enemies":"Sphere and 2 Shapes","floor":45,"turns":4},{"damage":10,"enemies":"Maw","floor":46,"turns":7},{"damage":6,"enemies":"4 Shapes","floor":48,"turns":5},{"damage":45,"enemies":"Time Eater","floor":50,"turns":10}],"event_choices":[{"event_name":"Shining Light","player_choice":"Entered Light","floor":4,"damage_taken":0},{"event_name":"The Lab","player_choice":"Got Potions","floor":7,"damage_taken":0},{"event_name":"World of Goop","player_choice":"Gather Gold","floor":10,"damage_taken":0},{"event_name":"Mushrooms","player_choice":"Fought Mushrooms","floor":14,"damage_taken":0},{"event_name":"Drug Dealer","player_choice":"Ignored","floor":19,"damage_taken":0},{"event_name":"Tomb of Lord Red Mask","player_choice":"Paid","floor":37,"damage_taken":0},{"event_name":"Mysterious Sphere","player_choice":"Ignore","floor":41,"damage_taken":0},{"event_name":"Winding Halls","player_choice":"Embrace Madness","floor":44,"damage_taken":0}],"boss_relics":[{"not_picked":["Black Star","Tiny House"],"picked":"Ectoplasm"},{"not_picked":["Velvet Choker","Question Card"],"picked":"Cursed Key"}],"potions_floor_spawned":[2,3,12,14,22,24,30,38,39,45],"seed_played":"7291244033969939574","killed_by":"Time Eater","ascension_level":0,"is_trial":false}