{"path_per_floor":["M","$","M","M","?","E","R","M","T","R","M","$","M","M","R","B",null,"M","?","?","M","$","R"],"character_chosen":"THE_SILENT","items_purchased":["Noxious Fumes","Caltrops"],"gold_per_floor":[117,42,55,69,69,97,97,114,114,114,125,46,57,77,77,178,178,188,188,188,205,25,25],"floor_reached":24,"campfire_rested":1,"playtime":2268,"current_hp_per_floor":[70,70,69,69,69,25,25,25,25,25,25,25,20,22,43,36,62,62,62,62,51,51,51],"items_purged":["Strike_G","Strike_G"],"gold":25,"play_id":"204dc4a1-c7f3-473b-b71b-bf98d8211539","is_prod":false,"is_daily":false,"is_ascension_mode":true,"campfire_upgraded":3,"path_taken":["M","$","M","M","?","E","R","M","T","R","M","$","M","M","R","BOSS","M","?","?","M","$","R","E"],"build_version":"2018-01-26-BETA1","purchased_purges":2,"victory":false,"master_deck":["Defend_G","Defend_G","Defend_G","Survivor","Neutralize+1","Sucker Punch","Poisoned Stab","Escape Plan","Phantasmal Killer","Prepared+1","Bouncing Flask","Noxious Fumes+1","Deadly Poison","Accuracy+1","Backstab+1","Heel Hook+1","Reflex","Catalyst","Caltrops"],"max_hp_per_floor":[70,70,70,70,70,70,70,70,70,70,70,70,70,70,70,70,70,70,70,70,70,70,70],"relics":["Ring of the Snake","Ice Cream","Ninja Scroll","Astrolabe"],"card_choices":[{"not_picked":["Bane","Dodge and Roll"],"picked":"Sucker Punch"},{"not_picked":["Flechettes","Cloak And Dagger"],"picked":"Poisoned Stab"},{"not_picked":["Cloak And Dagger","Expertise"],"picked":"Escape Plan"},{"not_picked":["Dagger Throw","Night Terror"],"picked":"Prepared"},{"not_picked":["Dagger Spray","Malaise"],"picked":"Bouncing Flask"},{"not_picked":["Eviscerate","Dagger Spray"],"picked":"Deadly Poison"},{"not_picked":["Dodge and Roll","Bane"],"picked":"Reflex"},{"not_picked":["Dagger Throw","Poisoned Stab"],"picked":"Catalyst"}],"player_experience":68952,"potions_floor_usage":[14,21,24],"damage_taken":[{"damage":0,"enemies":"Small Slimes","floor":1,"turns":5},{"damage":1,"enemies":"Cultist","floor":3,"turns":5},{"damage":0,"enemies":"Jaw Worm","floor":4,"turns":4},{"damage":44,"enemies":"Gremlin Nob","floor":6,"turns":6},{"damage":0,"enemies":"2 Fungi Beasts","floor":8,"turns":4},{"damage":0,"enemies":"Looter","floor":11,"turns":2},{"damage":5,"enemies":"Red Slaver","floor":13,"turns":5},{"damage":13,"enemies":"Large Slime","floor":14,"turns":5},{"damage":7,"enemies":"The Guardian","floor":16,"turns":8},{"damage":0,"enemies":"Chosen","floor":18,"turns":3},{"damage":11,"enemies":"2 Thieves","floor":21,"turns":4},{"damage":58,"enemies":"Gremlin Leader","floor":24,"turns":8}],"event_choices":[{"event_name":"Living Wall","player_choice":"Change","floor":5,"damage_taken":0},{"event_name":"The Mausoleum","player_choice":"No","floor":19,"damage_taken":0},{"event_name":"Vampires","player_choice":"Ignored","floor":20,"damage_taken":0}],"boss_relics":[{"not_picked":["Snecko Eye","Runic Dome"],"picked":"Astrolabe"}],"potions_floor_spawned":[6,8,11],"seed_played":"-5556474567997330046","killed_by":"Gremlin Leader","ascension_level":5,"is_trial":false}