{"path_per_floor":["M","M","$","M","M","E","R","M","T","E","R","E","$","M","R","B",null,"M","$","M","$","M","R","M","E","T","?","E","M","?","M","R","B",null,"M","M","M","$","M","E","R","M","T","R","M","M","M","?","R","B"],"character_chosen":"THE_SILENT","items_purchased":["Poisoned Stab","Cloak And Dagger","Noxious Fumes","Blood Vial","Panache"],"gold_per_floor":[114,126,27,41,55,81,81,94,94,129,129,157,83,101,101,205,205,215,64,80,80,98,98,112,142,168,83,117,129,129,140,140,245,245,255,269,281,93,103,129,129,146,193,193,205,222,240,240,240,240],"floor_reached":51,"campfire_rested":3,"playtime":2607,"item_purchase_floors":[],"current_hp_per_floor":[61,61,61,58,56,40,40,33,33,30,30,39,39,39,39,39,63,63,63,62,62,63,63,63,32,32,32,28,21,21,23,23,8,63,61,62,57,57,58,27,45,47,47,63,63,63,63,63,63,61],"items_purged":[],"gold":240,"score":895,"play_id":"0fee7495-448d-4563-bc89-ad43007de7da","local_time":"20180620004718","is_prod":false,"is_daily":false,"chose_seed":false,"is_ascension_mode":false,"campfire_upgraded":5,"win_rate":0,"timestamp":1529444838,"campfire_choices":[{"data":"Noxious Fumes","floor":7.0,"key":"SMITH"},{"data":"A Thousand Cuts","floor":11.0,"key":"SMITH"},{"data":"Noxious Fumes","floor":15.0,"key":"SMITH"},{"data":"Envenom","floor":23.0,"key":"SMITH"},{"data":"Well Laid Plans","floor":32,"key":"SMITH"},{"floor":41,"key":"REST"},{"floor":44,"key":"REST"},{"floor":49,"key":"REST"}],"path_taken":["M","M","$","M","M","E","R","M","T","E","R","E","$","M","R","BOSS","M","$","M","$","M","R","M","E","T","?","E","M","?","M","R","BOSS","M","M","M","$","M","E","R","M","T","R","M","M","M","?","R","BOSS"],"build_version":"2018-06-14v2","seed_source_timestamp":370190413063061,"purchased_purges":0,"victory":true,"master_deck":["Defend_G","Defend_G","Defend_G","Defend_G","Defend_G","Strike_G","Strike_G","Strike_G","Strike_G","Survivor","Neutralize","A Thousand Cuts+1","Deflect","Backflip","Poisoned Stab","Cloak And Dagger","Noxious Fumes+1","Venomology","Backflip","Noxious Fumes+1","Deflect","Noxious Fumes","Deflect","Backflip+1","Envenom+1","Backflip","Calculated Gamble+1","Terror","Well Laid Plans+1","Backflip","Panache","Deflect+1","Blur","Noxious Fumes","Backflip+1","Apotheosis"],"max_hp_per_floor":[63,63,63,63,63,63,63,63,63,63,63,63,63,63,63,63,63,63,63,63,63,63,63,63,63,63,63,63,63,63,63,63,63,63,63,63,63,63,63,63,63,63,63,63,63,63,63,63,63,63],"special_seed":0,"relics":["Ring of the Snake","Bag of Preparation","Gambling Chip","Thread and Needle","Torii","Orrery","Blood Vial","Du-Vu Doll","Art of War","Blue Candle","Oddly Smooth Stone","Fusion Hammer","Ancient Tea Set","Vajra"],"card_choices":[{"not_picked":["Tools of the Trade","Tactician"],"picked":"A Thousand Cuts","floor":0.0},{"not_picked":["Calculated Gamble","Distraction"],"picked":"Deflect","floor":1.0},{"not_picked":["Bane","Endless Agony"],"picked":"Backflip","floor":2.0},{"not_picked":["Outmaneuver","Flying Knee"],"picked":"Noxious Fumes","floor":4.0},{"not_picked":["Quick Slash","Terror","PiercingWail"],"picked":"SKIP","floor":5.0},{"not_picked":["Outmaneuver","Prepared"],"picked":"Venomology","floor":6.0},{"not_picked":["Flying Knee","Dagger Throw","Poisoned Stab"],"picked":"SKIP","floor":8.0},{"not_picked":["Dagger Spray","Unload","Blade Dance"],"picked":"SKIP","floor":10.0},{"not_picked":["Slice","Acrobatics"],"picked":"Backflip","floor":12.0},{"not_picked":["Backflip","Skewer"],"picked":"Deflect","floor":14.0},{"not_picked":["Calculated Gamble","Predator"],"picked":"Noxious Fumes","floor":17.0},{"not_picked":["Deadly Poison","Sucker Punch"],"picked":"Deflect","floor":17.0},{"not_picked":["Night Terror","PiercingWail"],"picked":"Backflip+1","floor":18.0},{"not_picked":["Underhanded Strike","Distraction+1","PiercingWail+1"],"picked":"SKIP","floor":20.0},{"not_picked":["Quick Slash","Deadly Poison"],"picked":"Envenom","floor":22.0},{"not_picked":["Bouncing Flask","Deadly Poison","Outmaneuver"],"picked":"SKIP","floor":24.0},{"not_picked":["Malaise+1","Acrobatics"],"picked":"Backflip","floor":25.0},{"not_picked":["Venomology","Tactician","Choke"],"picked":"SKIP","floor":28},{"not_picked":["Backflip","Skewer"],"picked":"Calculated Gamble+1","floor":29},{"not_picked":["Predator+1","Reflex"],"picked":"Well Laid Plans","floor":31},{"not_picked":["Blade Dance","Dash"],"picked":"Backflip","floor":35},{"not_picked":["Flechettes","Slice+1","Poisoned Stab"],"picked":"SKIP","floor":36},{"not_picked":["Acrobatics+1","Slice+1","PiercingWail"],"picked":"SKIP","floor":37},{"not_picked":["Underhanded Strike+1","Backflip+1"],"picked":"Deflect+1","floor":39},{"not_picked":["Choke+1","Predator+1"],"picked":"Blur","floor":40},{"not_picked":["Setup+1","Quick Slash+1"],"picked":"Noxious Fumes","floor":42},{"not_picked":["Endless Agony+1","Slice+1"],"picked":"Backflip+1","floor":45},{"not_picked":["Reflex+1","Terror+1","Flying Knee+1"],"picked":"SKIP","floor":46},{"not_picked":["Phantasmal Killer","Quick Slash","Dagger Spray+1"],"picked":"SKIP","floor":47},{"not_picked":["Blind","Transmutation"],"picked":"Apotheosis","floor":48}],"player_experience":151087,"potions_floor_usage":[28,28,29,36,39,50],"damage_taken":[{"damage":2.0,"enemies":"Small Slimes","floor":1.0,"turns":4.0},{"damage":0.0,"enemies":"Cultist","floor":2.0,"turns":5.0},{"damage":3.0,"enemies":"2 Louse","floor":4.0,"turns":3.0},{"damage":2.0,"enemies":"Red Slaver","floor":5.0,"turns":5.0},{"damage":16.0,"enemies":"3 Sentries","floor":6.0,"turns":7.0},{"damage":7.0,"enemies":"Lots of Slimes","floor":8.0,"turns":4.0},{"damage":3.0,"enemies":"Lagavulin","floor":10.0,"turns":6.0},{"damage":5.0,"enemies":"Gremlin Nob","floor":12.0,"turns":4.0},{"damage":0.0,"enemies":"Looter","floor":14.0,"turns":4.0},{"damage":0.0,"enemies":"Hexaghost","floor":16.0,"turns":8.0},{"damage":0.0,"enemies":"Spheric Guardian","floor":18.0,"turns":4.0},{"damage":1.0,"enemies":"2 Thieves","floor":20.0,"turns":5.0},{"damage":0.0,"enemies":"Centurion and Healer","floor":22.0,"turns":6.0},{"damage":0.0,"enemies":"Chosen and Byrds","floor":24.0,"turns":7.0},{"damage":31.0,"enemies":"Gremlin Leader","floor":25.0,"turns":8.0},{"damage":20,"enemies":"Book of Stabbing","floor":28,"turns":6},{"damage":9,"enemies":"Slaver and Parasite","floor":29,"turns":6},{"damage":0,"enemies":"Snecko","floor":31,"turns":6},{"damage":17,"enemies":"Automaton","floor":33,"turns":10},{"damage":2,"enemies":"Orb Walker","floor":35,"turns":5},{"damage":1,"enemies":"3 Darklings","floor":36,"turns":5},{"damage":6,"enemies":"Sphere and 2 Shapes","floor":37,"turns":5},{"damage":1,"enemies":"Maw","floor":39,"turns":7},{"damage":33,"enemies":"2 Orb Walkers","floor":40,"turns":5},{"damage":0,"enemies":"4 Shapes","floor":42,"turns":4},{"damage":0,"enemies":"3 Darklings","floor":45,"turns":3},{"damage":0,"enemies":"Maw","floor":46,"turns":7},{"damage":0,"enemies":"4 Shapes","floor":47,"turns":3},{"damage":2,"enemies":"Donu and Deca","floor":50,"turns":7}],"relics_obtained":[{"floor":6.0,"key":"Bag of Preparation"},{"floor":9.0,"key":"Gambling Chip"},{"floor":10.0,"key":"Thread and Needle"},{"floor":12.0,"key":"Torii"},{"floor":25.0,"key":"Du-Vu Doll"},{"floor":26.0,"key":"Art of War"},{"floor":28,"key":"Oddly Smooth Stone"},{"floor":40,"key":"Ancient Tea Set"},{"floor":43,"key":"Vajra"}],"event_choices":[{"event_name":"Addict","player_choice":"Obtained Relic","floor":27.0,"damage_taken":0.0},{"event_name":"Transmorgrifier","player_choice":"Transform","floor":30,"damage_taken":0},{"event_name":"SensoryStone","player_choice":"Memory 1","floor":48,"damage_taken":0}],"boss_relics":[{"not_picked":["Velvet Choker","Sozu"],"picked":"Orrery"},{"not_picked":["White Beast Statue","Black Star"],"picked":"Fusion Hammer"}],"items_purged_floors":[],"is_endless":false,"potions_floor_spawned":[1,6,8,20,25,31,36,42,45,47],"seed_played":"-790308058588147670","ascension_level":0,"potions_obtained":[{"floor":1.0,"key":"EssenceOfSteel"},{"floor":6.0,"key":"Weak Potion"},{"floor":8.0,"key":"Dexterity Potion"},{"floor":25.0,"key":"AttackPotion"},{"floor":31,"key":"FearPotion"},{"floor":36,"key":"GamblersBrew"},{"floor":47,"key":"GamblersBrew"}],"is_trial":false}