{"gold_per_floor":[210,228,203,213,29,29,56,56,80,80,93,93,18,35,35,136,136,148,163,66,66,66,101,1,1,1,1,34,53,53,67,67,164,164,174,174,193,204,79,108,108,125,125,125,125,155,174,194,194,194],"floor_reached":51,"playtime":1476,"items_purged":["Strike_R","Strike_R","Strike_R"],"score":795,"play_id":"ad2336ae-7f04-486c-be20-648e8905415d","local_time":"20190717095928","is_ascension_mode":false,"campfire_choices":[{"data":"Sword Boomerang","floor":6,"key":"SMITH"},{"data":"Inflame","floor":8,"key":"SMITH"},{"data":"Flame Barrier","floor":10,"key":"SMITH"},{"data":"Battle Trance","floor":12,"key":"SMITH"},{"data":"Shrug It Off","floor":15,"key":"SMITH"},{"data":"Body Slam","floor":25,"key":"SMITH"},{"data":"Barricade","floor":30,"key":"SMITH"},{"data":"Demon Form","floor":32,"key":"SMITH"},{"data":"Body Slam","floor":41,"key":"SMITH"},{"data":"Sword Boomerang","floor":49,"key":"SMITH"}],"neow_cost":"NONE","seed_source_timestamp":250708634952500,"circlet_count":0,"master_deck":["Strike_R","Strike_R","Defend_R","Defend_R","Defend_R","Defend_R","Bash","Sword Boomerang+1","Battle Trance+1","Shrug It Off+1","Flame Barrier+1","Inflame+1","Demon Form+1","Sword Boomerang+1","Blind+1","Body Slam+1","Barricade+1","Body Slam+1"],"relics":["Burning Blood","Bag of Preparation","Anchor","Bag of Marbles","Cursed Key","Mercury Hourglass","Boot","Coffee Dripper","Happy Flower","PreservedInsect"],"potions_floor_usage":[7,7,23,23,50,50,50],"damage_taken":[{"damage":1,"enemies":"Cultist","floor":1,"turns":3},{"damage":0,"enemies":"2 Louse","floor":2,"turns":2},{"damage":3,"enemies":"Jaw Worm","floor":4,"turns":3},{"damage":16,"enemies":"Lagavulin","floor":7,"turns":7},{"damage":6,"enemies":"Lots of Slimes","floor":11,"turns":5},{"damage":16,"enemies":"Exordium Thugs","floor":14,"turns":4},{"damage":41,"enemies":"Hexaghost","floor":16,"turns":11},{"damage":0,"enemies":"Shell Parasite","floor":18,"turns":3},{"damage":0,"enemies":"3 Byrds","floor":19,"turns":4},{"damage":17,"enemies":"Slavers","floor":23,"turns":5},{"damage":2,"enemies":"Gremlin Leader","floor":28,"turns":5},{"damage":0,"enemies":"Cultist and Chosen","floor":29,"turns":4},{"damage":6,"enemies":"Sentry and Sphere","floor":31,"turns":5},{"damage":3,"enemies":"Automaton","floor":33,"turns":7},{"damage":0,"enemies":"3 Darklings","floor":35,"turns":5},{"damage":0,"enemies":"3 Shapes","floor":37,"turns":3},{"damage":16,"enemies":"Transient","floor":38,"turns":5},{"damage":0,"enemies":"Giant Head","floor":40,"turns":6},{"damage":5,"enemies":"Sphere and 2 Shapes","floor":42,"turns":3},{"damage":34,"enemies":"Reptomancer","floor":46,"turns":5},{"damage":7,"enemies":"3 Darklings","floor":47,"turns":3},{"damage":0,"enemies":"Transient","floor":48,"turns":5},{"damage":1,"enemies":"Time Eater","floor":50,"turns":7}],"seed_played":"8198839281712872403","potions_obtained":[{"floor":4,"key":"EntropicBrew"},{"floor":14,"key":"SteroidPotion"},{"floor":23,"key":"PowerPotion"},{"floor":29,"key":"SteroidPotion"}],"is_trial":false,"path_per_floor":["M","M","$","M","$","R","E","R","T","R","M","R","$","M","R","B",null,"M","M","$","?","?","E","$","R","T","?","E","M","R","M","R","B",null,"M","?","M","M","$","E","R","M","T","T","$","E","M","M","R","B",null],"character_chosen":"IRONCLAD","items_purchased":["Shrug It Off","Bag of Preparation","Inflame","Blind"],"campfire_rested":0,"item_purchase_floors":[3,5,5,20],"current_hp_per_floor":[80,80,80,80,80,80,70,70,70,70,70,70,70,60,60,25,80,80,80,80,80,80,69,69,69,69,69,73,79,79,79,79,80,80,80,80,80,70,70,76,76,77,77,77,77,49,48,54,54,59],"gold":194,"neow_bonus":"HUNDRED_GOLD","is_prod":false,"is_daily":false,"chose_seed":false,"campfire_upgraded":10,"win_rate":0,"timestamp":1563346768,"path_taken":["M","M","$","?","$","R","E","R","T","R","M","R","$","M","R","BOSS","M","?","$","?","?","E","$","R","T","?","E","M","R","?","R","BOSS","M","?","M","M","$","E","R","?","T","?","$","E","M","M","R","BOSS"],"build_version":"2019-07-10","purchased_purges":3,"victory":true,"max_hp_per_floor":[80,80,80,80,80,80,80,80,80,80,80,80,80,80,80,80,80,80,80,80,80,80,80,80,80,80,80,80,80,80,80,80,80,80,80,80,80,80,80,80,80,80,80,80,80,80,80,80,80,80],"card_choices":[{"not_picked":["Armaments","Bloodletting"],"picked":"Sword Boomerang","floor":1},{"not_picked":["Warcry","Iron Wave"],"picked":"Battle Trance","floor":2},{"not_picked":["Impervious","Cleave"],"picked":"Flame Barrier","floor":4},{"not_picked":["Clash","Anger","Iron Wave"],"picked":"SKIP","floor":7},{"not_picked":["Flex","Second Wind","Wild Strike"],"picked":"SKIP","floor":11},{"not_picked":["Havoc","Shockwave","Feel No Pain"],"picked":"SKIP","floor":14},{"not_picked":["Impervious","Offering"],"picked":"Demon Form","floor":16},{"not_picked":["Shrug It Off","Iron Wave","Bloodletting"],"picked":"SKIP","floor":18},{"not_picked":["Corruption","Flame Barrier"],"picked":"Sword Boomerang","floor":19},{"not_picked":["Rupture","Cleave"],"picked":"Barricade","floor":23},{"not_picked":["Twin Strike","Rage","Iron Wave"],"picked":"SKIP","floor":28},{"not_picked":["Power Through","Uppercut+1","Cleave"],"picked":"SKIP","floor":29},{"not_picked":["Flame Barrier+1","Hemokinesis"],"picked":"Body Slam","floor":31},{"not_picked":["Second Wind+1","Infernal Blade","Carnage+1"],"picked":"SKIP","floor":35},{"not_picked":["Sword Boomerang+1","Flex","Dual Wield"],"picked":"SKIP","floor":37},{"not_picked":["Clothesline+1","Cleave","Shrug It Off+1"],"picked":"SKIP","floor":38},{"not_picked":["Shrug It Off+1","Perfected Strike","Whirlwind+1"],"picked":"SKIP","floor":40},{"not_picked":["Shrug It Off+1","Armaments","Pommel Strike+1"],"picked":"SKIP","floor":42},{"not_picked":["Burning Pact+1","True Grit+1","Blood for Blood"],"picked":"SKIP","floor":46},{"not_picked":["Shrug It Off+1","Sever Soul+1","Wild Strike"],"picked":"SKIP","floor":47},{"not_picked":["Uppercut+1","Anger+1","Body Slam"],"picked":"SKIP","floor":48}],"player_experience":170772,"relics_obtained":[{"floor":7,"key":"Anchor"},{"floor":9,"key":"Bag of Marbles"},{"floor":23,"key":"Mercury Hourglass"},{"floor":28,"key":"Boot"},{"floor":40,"key":"Happy Flower"},{"floor":46,"key":"PreservedInsect"}],"event_choices":[{"damage_healed":0,"gold_gain":0,"player_choice":"Read","damage_taken":0,"max_hp_gain":0,"max_hp_loss":0,"event_name":"The Library","floor":21,"gold_loss":0,"cards_obtained":["Body Slam"]},{"damage_healed":0,"gold_gain":0,"player_choice":"Ignored","damage_taken":0,"max_hp_gain":0,"max_hp_loss":0,"event_name":"Ghosts","floor":22,"gold_loss":0},{"damage_healed":0,"gold_gain":0,"player_choice":"Upgraded","damage_taken":0,"max_hp_gain":0,"max_hp_loss":0,"event_name":"Upgrade Shrine","floor":27,"gold_loss":0,"cards_upgraded":["Blind"]},{"damage_healed":0,"gold_gain":0,"player_choice":"Bought 0 Potions","damage_taken":0,"max_hp_gain":0,"max_hp_loss":0,"event_name":"The Woman in Blue","floor":36,"gold_loss":0}],"is_beta":true,"boss_relics":[{"not_picked":["Philosopher\u0027s Stone","White Beast Statue"],"picked":"Cursed Key"},{"not_picked":["Calling Bell","Snecko Eye"],"picked":"Coffee Dripper"}],"items_purged_floors":[13,24,39],"is_endless":false,"potions_floor_spawned":[4,14,18,23,29,31,35,38,42,47],"ascension_level":0}