{"gold_per_floor":[117,117,71,146,165,194,369,369,369,369,384,399,78,89,89,89],"floor_reached":16,"playtime":368,"items_purged":["Doubt"],"score":100,"play_id":"c67b5f13-e0e7-47b6-ad28-98a0004baab1","local_time":"20190126155821","is_ascension_mode":false,"campfire_choices":[{"data":"Armaments","floor":8,"key":"SMITH"},{"data":"Battle Trance","floor":10,"key":"SMITH"},{"data":"Apotheosis","floor":15,"key":"SMITH"}],"neow_cost":"NONE","seed_source_timestamp":585196750782577,"circlet_count":0,"master_deck":["Strike_R","Strike_R","Strike_R","Strike_R","Strike_R","Defend_R","Defend_R","Defend_R","Defend_R","Bash+1","Armaments+1","Battle Trance+1","Thunderclap","Apotheosis+1","Spot Weakness"],"relics":["Burning Blood","Matryoshka","Blue Candle","Pantograph"],"potions_floor_usage":[],"damage_taken":[{"damage":2,"enemies":"Small Slimes","floor":1,"turns":4},{"damage":0,"enemies":"2 Louse","floor":5,"turns":2},{"damage":29,"enemies":"Gremlin Nob","floor":6,"turns":5},{"damage":1,"enemies":"Cultist","floor":11,"turns":3},{"damage":1,"enemies":"Exordium Wildlife","floor":12,"turns":4},{"damage":15,"enemies":"3 Louse","floor":14,"turns":3},{"damage":89,"enemies":"Hexaghost","floor":16,"turns":9}],"seed_played":"7202577230742477655","potions_obtained":[{"floor":11,"key":"Explosive Potion"},{"floor":12,"key":"Energy Potion"}],"is_trial":false,"path_per_floor":["M","?","$","?","M","E","?","R","T","R","M","M","$","M","R","B"],"character_chosen":"IRONCLAD","items_purchased":["Armaments","Apotheosis","Spot Weakness"],"campfire_rested":0,"item_purchase_floors":[3,13,13],"current_hp_per_floor":[88,88,88,80,86,63,63,63,63,63,68,73,73,64,64,0],"gold":89,"neow_bonus":"TEN_PERCENT_HP_BONUS","is_prod":false,"is_daily":false,"chose_seed":false,"campfire_upgraded":3,"win_rate":0,"timestamp":1548511101,"path_taken":["M","?","$","?","?","E","?","R","T","R","M","M","$","M","R","BOSS"],"build_version":"2019-01-23","purchased_purges":1,"victory":false,"max_hp_per_floor":[88,88,88,88,88,88,88,88,88,88,88,88,88,88,88,88],"card_choices":[{"not_picked":["Iron Wave","Twin Strike","True Grit"],"picked":"SKIP","floor":1},{"not_picked":["Shrug It Off","Cleave"],"picked":"Battle Trance","floor":5},{"not_picked":["Warcry","Shrug It Off","Havoc"],"picked":"SKIP","floor":6},{"not_picked":["Body Slam","Berserk"],"picked":"Thunderclap","floor":11},{"not_picked":["Blood for Blood","Flex","Dual Wield"],"picked":"SKIP","floor":12},{"not_picked":["Flex","Armaments","True Grit"],"picked":"SKIP","floor":14}],"player_experience":575057,"relics_obtained":[{"floor":6,"key":"Matryoshka"},{"floor":9,"key":"Blue Candle"},{"floor":9,"key":"Pantograph"}],"event_choices":[{"damage_healed":0,"gold_gain":0,"player_choice":"Grow","damage_taken":0,"max_hp_gain":0,"max_hp_loss":0,"event_name":"Living Wall","floor":2,"gold_loss":0,"cards_upgraded":["Bash"]},{"damage_healed":0,"gold_gain":75,"player_choice":"Touch","damage_taken":8,"max_hp_gain":0,"max_hp_loss":0,"event_name":"FaceTrader","floor":4,"gold_loss":0},{"damage_healed":0,"gold_gain":175,"player_choice":"AGREE","damage_taken":0,"max_hp_gain":0,"max_hp_loss":0,"event_name":"Liars Game","floor":7,"gold_loss":0,"cards_obtained":["Doubt"]}],"is_beta":false,"boss_relics":[],"items_purged_floors":[13],"is_endless":false,"potions_floor_spawned":[11,12],"killed_by":"Hexaghost","ascension_level":0}