{"path_per_floor":["M","M","M","$","?","E","R","?","T","R","M","R","E","M","R","B",null,"M","M","$","$","M","E","?","R","T","R","E","R","M","M","R","B",null,"M","?","?","?","M","R","M","E","T","E","M","R","?","M","R","B"],"character_chosen":"THE_SILENT","items_purchased":["Backflip","Flash of Steel","Backstab"],"gold_per_floor":[115,126,142,20,95,123,123,123,123,123,136,136,167,181,181,277,277,266,281,82,4,18,45,45,45,68,68,100,100,113,124,124,227,227,243,243,243,243,255,255,269,304,304,329,347,347,347,364,364,364],"floor_reached":51,"campfire_rested":4,"playtime":6080,"item_purchase_floors":[4,20,21],"current_hp_per_floor":[70,70,70,70,59,23,23,46,46,46,46,46,32,32,32,17,70,53,42,42,42,27,6,6,27,27,48,25,61,61,61,61,11,70,69,69,69,69,63,63,63,70,70,59,59,59,59,64,80,58],"items_purged":["Strike_G","Defend_G"],"gold":364,"score":980,"play_id":"f6e1c3de-7f5b-4830-b7e3-45e08e4357ae","local_time":"20180621022815","is_prod":false,"is_daily":false,"chose_seed":false,"is_ascension_mode":false,"campfire_upgraded":7,"win_rate":0,"timestamp":1529540895,"campfire_choices":[{"data":"Leg Sweep","floor":7,"key":"SMITH"},{"data":"Backflip","floor":10,"key":"SMITH"},{"data":"All Out Attack","floor":12,"key":"SMITH"},{"data":"Dash","floor":15,"key":"SMITH"},{"floor":25,"key":"REST"},{"floor":27,"key":"REST"},{"floor":29,"key":"REST"},{"data":"Envenom","floor":32,"key":"SMITH"},{"data":"Noxious Fumes","floor":40,"key":"SMITH"},{"data":"Survivor","floor":46,"key":"SMITH"},{"floor":49,"key":"REST"}],"path_taken":["M","M","M","$","?","E","R","?","T","R","M","R","E","?","R","BOSS","M","M","?","$","M","E","?","R","T","R","E","R","M","M","R","BOSS","M","?","?","?","M","R","M","E","T","E","M","R","?","M","R","BOSS"],"build_version":"2018-06-19v2","seed_source_timestamp":7002343249901,"purchased_purges":2,"circlet_count":0,"victory":true,"master_deck":["Defend_G","Defend_G","Defend_G","Strike_G","Strike_G","Survivor+1","Neutralize+1","Slice","Slice","Backflip+1","Leg Sweep+1","All Out Attack+1","Dash+1","Deflect","Tools of the Trade+1","Dagger Spray+1","Dagger Spray+1","Quick Slash","Flash of Steel","Backstab","Predator+1","Calculated Gamble+1","Escape Plan+1","Envenom+1","Adrenaline+1","Dodge and Roll+1","Venomology+1","Malaise+1","Adrenaline+1","Noxious Fumes+1","Blur+1","Catalyst+1","Noxious Fumes+1","Terror+1"],"max_hp_per_floor":[70,70,70,70,70,70,70,70,70,70,70,70,70,70,70,70,70,70,70,70,70,70,70,70,70,70,70,70,70,70,70,70,70,70,70,70,70,70,70,70,70,80,80,80,80,80,80,80,80,80],"special_seed":17702,"relics":["Ring of the Snake","Question Card","Matryoshka","Prayer Wheel","White Beast Statue","Gambling Chip","Mercury Hourglass","Snake Skull","Regal Pillow","Astrolabe","Pear","Orichalcum","Lantern","The Courier","Bird Faced Urn"],"card_choices":[{"not_picked":["PiercingWail","Deadly Poison"],"picked":"Slice","floor":1},{"not_picked":["Prepared","Masterful Stab"],"picked":"Slice","floor":2},{"not_picked":["Cloak And Dagger","Prepared","Catalyst"],"picked":"SKIP","floor":3},{"not_picked":["Caltrops","Masterful Stab"],"picked":"Leg Sweep","floor":6},{"not_picked":["Prepared","Backflip","Expertise"],"picked":"All Out Attack","floor":11},{"not_picked":["Bane","Flying Knee","Backflip"],"picked":"Dash","floor":13},{"not_picked":["Dagger Throw","Blade Dance","Poisoned Stab"],"picked":"Acrobatics","floor":14},{"not_picked":["Flying Knee","Sucker Punch","Storm of Steel"],"picked":"Deflect","floor":14},{"not_picked":["Unload","Doppelganger","Grand Finale"],"picked":"Tools of the Trade","floor":16},{"not_picked":["Acrobatics","Deadly Poison+1","Catalyst"],"picked":"Dagger Spray+1","floor":18},{"not_picked":["Bouncing Flask+1","Underhanded Strike+1","Outmaneuver"],"picked":"Dagger Spray+1","floor":18},{"not_picked":["Poisoned Stab","Cloak And Dagger","Burst"],"picked":"Quick Slash","floor":19},{"not_picked":["Blade Dance","Dagger Throw","Bane","Outmaneuver+1"],"picked":"SKIP","floor":19},{"not_picked":["Sucker Punch","Cloak And Dagger+1","Slice"],"picked":"Predator+1","floor":22},{"not_picked":["Masterful Stab","Slice","Blade Dance","Dagger Spray"],"picked":"SKIP","floor":22},{"not_picked":["Die Die Die","Terror","Skewer"],"picked":"Calculated Gamble+1","floor":23},{"not_picked":["Outmaneuver","Slice","Acrobatics"],"picked":"Escape Plan+1","floor":28},{"not_picked":["Flying Knee","Quick Slash+1","Infinite Blades","Dagger Throw"],"picked":"SKIP","floor":30},{"not_picked":["Acrobatics+1","Outmaneuver","Reflex","Choke"],"picked":"SKIP","floor":30},{"not_picked":["Dodge and Roll","Malaise+1","Sucker Punch"],"picked":"Envenom","floor":31},{"not_picked":["Setup+1","Slice","Dash+1","Choke+1"],"picked":"SKIP","floor":31},{"not_picked":["Tools of the Trade","Envenom","Storm of Steel"],"picked":"Adrenaline","floor":33},{"not_picked":["PiercingWail+1","Calculated Gamble","Underhanded Strike+1","Acrobatics+1"],"picked":"SKIP","floor":35},{"not_picked":["Slice+1","Reflex","Underhanded Strike","PiercingWail+1"],"picked":"SKIP","floor":35},{"not_picked":["Distraction","Endless Agony","Dash"],"picked":"Noxious Fumes","floor":39},{"not_picked":["Leg Sweep","Slice","Prepared","Cloak And Dagger+1"],"picked":"SKIP","floor":39},{"not_picked":["Crippling Poison+1","Adrenaline","Acrobatics"],"picked":"Blur+1","floor":41},{"not_picked":["Backflip+1","Flechettes","Outmaneuver+1","Cloak And Dagger"],"picked":"SKIP","floor":41},{"not_picked":["Deadly Poison+1","Dagger Spray+1","Dagger Throw"],"picked":"Catalyst+1","floor":42},{"not_picked":["Deflect+1","Prepared+1","Dagger Spray+1","Sucker Punch+1"],"picked":"SKIP","floor":44},{"not_picked":["Flechettes+1","Escape Plan","Bane"],"picked":"Noxious Fumes+1","floor":45},{"not_picked":["Quick Slash+1","PiercingWail","Blur","Underhanded Strike+1"],"picked":"SKIP","floor":45},{"not_picked":["Catalyst+1","Dagger Spray+1","Sucker Punch"],"picked":"Terror+1","floor":47},{"not_picked":["Phantasmal Killer","Dagger Throw+1","Backstab","Cloak And Dagger"],"picked":"SKIP","floor":48},{"not_picked":["Heel Hook","Outmaneuver","Setup","Catalyst"],"picked":"SKIP","floor":48}],"player_experience":437921,"potions_floor_usage":[3,16,18,18,19,23,23,28,30,31,39,42,42,44,50,50,50,50],"damage_taken":[{"damage":0,"enemies":"Small Slimes","floor":1,"turns":5},{"damage":0,"enemies":"Cultist","floor":2,"turns":4},{"damage":0,"enemies":"2 Louse","floor":3,"turns":3},{"damage":36,"enemies":"Gremlin Nob","floor":6,"turns":6},{"damage":0,"enemies":"Looter","floor":11,"turns":3},{"damage":14,"enemies":"3 Sentries","floor":13,"turns":6},{"damage":0,"enemies":"3 Louse","floor":14,"turns":2},{"damage":15,"enemies":"Hexaghost","floor":16,"turns":13},{"damage":17,"enemies":"2 Thieves","floor":18,"turns":4},{"damage":11,"enemies":"Chosen","floor":19,"turns":6},{"damage":15,"enemies":"Sentry and Sphere","floor":22,"turns":5},{"damage":21,"enemies":"Slavers","floor":23,"turns":4},{"damage":23,"enemies":"Gremlin Leader","floor":28,"turns":5},{"damage":0,"enemies":"Slaver and Parasite","floor":30,"turns":6},{"damage":0,"enemies":"3 Cultists","floor":31,"turns":4},{"damage":50,"enemies":"Automaton","floor":33,"turns":9},{"damage":1,"enemies":"3 Shapes","floor":35,"turns":2},{"damage":6,"enemies":"3 Darklings","floor":39,"turns":3},{"damage":0,"enemies":"Transient","floor":41,"turns":5},{"damage":3,"enemies":"2 Orb Walkers","floor":42,"turns":4},{"damage":11,"enemies":"Nemesis","floor":44,"turns":7},{"damage":0,"enemies":"4 Shapes","floor":45,"turns":3},{"damage":0,"floor":47,"turns":4},{"damage":1,"enemies":"Maw","floor":48,"turns":5},{"damage":24,"enemies":"Time Eater","floor":50,"turns":10}],"relics_obtained":[{"floor":6,"key":"Question Card"},{"floor":9,"key":"Matryoshka"},{"floor":13,"key":"Prayer Wheel"},{"floor":23,"key":"Gambling Chip"},{"floor":26,"key":"Mercury Hourglass"},{"floor":26,"key":"Snake Skull"},{"floor":28,"key":"Regal Pillow"},{"floor":42,"key":"Pear"},{"floor":43,"key":"Orichalcum"},{"floor":43,"key":"Lantern"},{"floor":44,"key":"The Courier"},{"floor":47,"key":"Bird Faced Urn"}],"event_choices":[{"event_name":"World of Goop","player_choice":"Gather Gold","floor":5,"damage_taken":0},{"event_name":"Big Fish","player_choice":"Banana","floor":8,"damage_taken":0},{"event_name":"Upgrade Shrine","player_choice":"Upgraded","floor":24,"damage_taken":0},{"event_name":"Accursed Blacksmith","player_choice":"Forge","floor":36,"damage_taken":0},{"event_name":"Duplicator","player_choice":"One dupe","floor":37,"damage_taken":0},{"event_name":"Purifier","player_choice":"One Purge","floor":38,"damage_taken":0},{"event_name":"MindBloom","player_choice":"Fight","floor":47,"damage_taken":0}],"boss_relics":[{"not_picked":["Snecko Eye","Velvet Choker"],"picked":"White Beast Statue"},{"not_picked":["Fusion Hammer","Calling Bell"],"picked":"Astrolabe"}],"items_purged_floors":[4,20],"is_endless":false,"potions_floor_spawned":[1,2,13,14,16,18,19,22,23,28,30,31,33,35,39,41,42,44,45,47,48],"seed_played":"-8049899877110158161","ascension_level":0,"potions_obtained":[{"floor":1,"key":"Energy Potion"},{"floor":2,"key":"SmokeBomb"},{"floor":13,"key":"GamblersBrew"},{"floor":14,"key":"Strength Potion"},{"floor":16,"key":"FearPotion"},{"floor":18,"key":"Block Potion"},{"floor":19,"key":"Poison Potion"},{"floor":22,"key":"PowerPotion"},{"floor":23,"key":"SkillPotion"},{"floor":28,"key":"Explosive Potion"},{"floor":30,"key":"AttackPotion"},{"floor":31,"key":"SmokeBomb"},{"floor":33,"key":"Energy Potion"},{"floor":35,"key":"GhostInAJar"},{"floor":39,"key":"Strength Potion"},{"floor":42,"key":"FairyPotion"},{"floor":44,"key":"Weak Potion"},{"floor":45,"key":"Block Potion"}],"is_trial":false}