{"gold_per_floor":[114,124,140,12,27,27,52,52,128,128,128,159,159,159,159,263,263,278,50,60,79,79,110,110,143,143,143,176,176,176,191,191,290,290,306,325,225,237,251,251,262,289,316,316,316,316,333,20,20,20],"floor_reached":51,"playtime":2618,"items_purged":["Strike_R","Anger"],"score":998,"play_id":"82942582-652c-49e3-9b3d-e57a941c4434","local_time":"20190213202840","is_ascension_mode":true,"campfire_choices":[{"data":"Barricade","floor":6.0,"key":"SMITH"},{"data":"Body Slam","floor":8,"key":"SMITH"},{"data":"Intimidate","floor":11,"key":"SMITH"},{"floor":15,"key":"REST"},{"data":"Shrug It Off","floor":24,"key":"SMITH"},{"data":"Body Slam","floor":27,"key":"SMITH"},{"data":"Iron Wave","floor":32,"key":"SMITH"},{"data":"Iron Wave","floor":40,"key":"SMITH"},{"data":"Iron Wave","floor":45,"key":"SMITH"},{"data":"Metallicize","floor":49,"key":"SMITH"}],"neow_cost":"NONE","seed_source_timestamp":10842640849896,"circlet_count":0,"master_deck":["Strike_R","Strike_R","Defend_R","Defend_R","Defend_R","Defend_R","Bash","Body Slam+1","Spot Weakness","Barricade+1","Shrug It Off+1","Body Slam+1","Reaper","Iron Wave+1","Impervious","Metallicize+1","Shrug It Off+1","Cleave","Juggernaut","Iron Wave+1","Impervious","Iron Wave+1","Shrug It Off+1","Iron Wave+1","Shame"],"special_seed":0,"relics":["Burning Blood","Nunchaku","Mummified Hand","Omamori","Cursed Key","Oddly Smooth Stone","Pantograph","Kunai","Sundial","Charon\u0027s Ashes","White Beast Statue","Blood Vial","Juzu Bracelet","Unceasing Top"],"potions_floor_usage":[7,14,25,33,35,39,41,42,47,50,50],"damage_taken":[{"damage":14.0,"enemies":"2 Louse","floor":1.0,"turns":4.0},{"damage":6.0,"enemies":"Cultist","floor":2.0,"turns":4.0},{"damage":0.0,"enemies":"Small Slimes","floor":3.0,"turns":3.0},{"damage":7.0,"enemies":"3 Louse","floor":5.0,"turns":3.0},{"damage":40,"enemies":"Gremlin Nob","floor":7,"turns":5},{"damage":27,"enemies":"3 Sentries","floor":12,"turns":10},{"damage":35,"enemies":"Gremlin Nob","floor":14,"turns":5},{"damage":56,"enemies":"Slime Boss","floor":16,"turns":15},{"damage":27,"enemies":"2 Thieves","floor":18,"turns":5},{"damage":6,"enemies":"Chosen","floor":20,"turns":5},{"damage":0,"enemies":"Sentry and Sphere","floor":21,"turns":4},{"damage":0,"enemies":"Gremlin Leader","floor":23,"turns":5},{"damage":28,"enemies":"Slavers","floor":25,"turns":5},{"damage":33,"enemies":"Gremlin Leader","floor":28,"turns":6},{"damage":4,"enemies":"Snake Plant","floor":31,"turns":3},{"damage":6,"enemies":"Champ","floor":33,"turns":8},{"damage":23,"enemies":"3 Darklings","floor":35,"turns":5},{"damage":1,"enemies":"Orb Walker","floor":36,"turns":4},{"damage":13,"enemies":"Writhing Mass","floor":38,"turns":7},{"damage":0,"enemies":"Spire Growth","floor":39,"turns":5},{"damage":9,"enemies":"Sphere and 2 Shapes","floor":41,"turns":5},{"damage":38,"enemies":"Reptomancer","floor":42,"turns":5},{"damage":0,"enemies":"4 Shapes","floor":47,"turns":3},{"damage":0,"enemies":"Time Eater","floor":50,"turns":7}],"seed_played":"-6416649577695882838","potions_obtained":[{"floor":2.0,"key":"PowerPotion"},{"floor":3.0,"key":"SmokeBomb"},{"floor":5.0,"key":"Fruit Juice"},{"floor":12,"key":"SteroidPotion"},{"floor":20,"key":"Fire Potion"},{"floor":21,"key":"Ancient Potion"},{"floor":31,"key":"PowerPotion"},{"floor":33,"key":"EntropicBrew"},{"floor":35,"key":"Block Potion"},{"floor":36,"key":"Dexterity Potion"},{"floor":38,"key":"PowerPotion"},{"floor":39,"key":"Poison Potion"},{"floor":41,"key":"EssenceOfSteel"},{"floor":42,"key":"Dexterity Potion"},{"floor":47,"key":"Fire Potion"}],"is_trial":false,"path_per_floor":["M","M","M","$","M","R","E","R","T","?","R","E","?","E","R","B",null,"M","$","M","M","$","E","R","E","T","R","E","?","?","M","R","B",null,"M","M","$","M","M","R","M","E","T","?","R","?","M","$","R","B",null],"character_chosen":"IRONCLAD","items_purchased":["Shrug It Off","Oddly Smooth Stone","Metallicize","Unceasing Top"],"campfire_rested":1,"item_purchase_floors":[4,19,19,48],"current_hp_per_floor":[72,72,78,78,82,82,48,48,48,48,48,44,44,19,44,8,85,75,75,82,85,85,85,85,82,82,82,55,55,47,49,49,84,85,68,73,73,73,83,83,82,55,55,55,55,55,63,63,63,85],"gold":20,"neow_bonus":"THREE_CARDS","is_prod":false,"is_daily":false,"chose_seed":false,"campfire_upgraded":9,"win_rate":0,"timestamp":1550086120,"path_taken":["M","M","M","$","M","R","E","R","T","?","R","E","?","E","R","BOSS","M","$","M","?","$","E","R","E","T","R","E","?","?","?","R","BOSS","M","M","$","M","M","R","M","E","T","?","R","?","M","$","R","BOSS"],"build_version":"2019-01-23","purchased_purges":2,"victory":true,"max_hp_per_floor":[80,80,80,80,85,85,85,85,85,85,85,85,85,85,85,85,85,85,85,85,85,85,85,85,85,85,85,85,85,85,85,85,85,85,85,85,85,85,85,85,85,85,85,85,85,85,85,85,85,85],"card_choices":[{"not_picked":["Rage","Sword Boomerang"],"picked":"Body Slam","floor":0.0},{"not_picked":["Anger","Heavy Blade"],"picked":"Intimidate","floor":1.0},{"not_picked":["Body Slam","Anger"],"picked":"Spot Weakness","floor":2.0},{"not_picked":["Warcry","Ghostly Armor"],"picked":"Barricade","floor":3.0},{"not_picked":["Dropkick","Clash"],"picked":"Body Slam","floor":5.0},{"not_picked":["Second Wind","Flex"],"picked":"Reaper","floor":7},{"not_picked":["Entrench","Burning Pact"],"picked":"Iron Wave","floor":12},{"not_picked":["Dark Embrace","Double Tap"],"picked":"Impervious","floor":16},{"not_picked":["Body Slam","Headbutt","Heavy Blade"],"picked":"SKIP","floor":18},{"not_picked":["Iron Wave","Fiend Fire"],"picked":"Shrug It Off+1","floor":20},{"not_picked":["Disarm","Uppercut","Flex"],"picked":"SKIP","floor":21},{"not_picked":["Clothesline","Combust"],"picked":"Cleave","floor":23},{"not_picked":["Flex","Limit Break"],"picked":"Juggernaut","floor":25},{"not_picked":["True Grit","Sword Boomerang+1"],"picked":"Iron Wave","floor":28},{"not_picked":["Pummel","Twin Strike"],"picked":"Iron Wave","floor":31},{"not_picked":["Carnage","Heavy Blade+1"],"picked":"Shrug It Off+1","floor":35},{"not_picked":["Sentinel+1","Sword Boomerang"],"picked":"Iron Wave+1","floor":36},{"not_picked":["Dropkick+1","Sword Boomerang+1","Warcry"],"picked":"SKIP","floor":38},{"not_picked":["Feel No Pain","Body Slam","Burning Pact+1"],"picked":"SKIP","floor":39},{"not_picked":["Limit Break","Rage+1","Thunderclap"],"picked":"SKIP","floor":41},{"not_picked":["Dual Wield+1","Thunderclap","Body Slam"],"picked":"SKIP","floor":42},{"not_picked":["Heavy Blade+1","Thunderclap","Wild Strike+1"],"picked":"SKIP","floor":47}],"player_experience":271314,"relics_obtained":[{"floor":7,"key":"Nunchaku"},{"floor":9,"key":"Mummified Hand"},{"floor":12,"key":"Omamori"},{"floor":23,"key":"Pantograph"},{"floor":25,"key":"Kunai"},{"floor":26,"key":"Sundial"},{"floor":28,"key":"Charon\u0027s Ashes"},{"floor":42,"key":"Blood Vial"},{"floor":43,"key":"Juzu Bracelet"}],"event_choices":[{"damage_healed":0,"gold_gain":0,"player_choice":"Ignored","damage_taken":0,"max_hp_gain":0,"max_hp_loss":0,"event_name":"Liars Game","floor":10,"gold_loss":0},{"damage_healed":0,"gold_gain":0,"player_choice":"Cursed","damage_taken":0,"max_hp_gain":0,"max_hp_loss":0,"event_name":"Wheel of Change","floor":13,"gold_loss":0,"cards_obtained":["Decay"]},{"damage_healed":0,"gold_gain":0,"cards_transformed":["Strike_R","Strike_R"],"player_choice":"Became Test Subject","damage_taken":0,"max_hp_gain":0,"max_hp_loss":0,"event_name":"Drug Dealer","floor":29,"gold_loss":0,"cards_obtained":["Impervious","Anger"]},{"damage_healed":0,"gold_gain":0,"player_choice":"","damage_taken":8,"max_hp_gain":0,"max_hp_loss":0,"event_name":"Knowing Skull","floor":30,"potions_obtained":[],"gold_loss":0,"cards_obtained":[]},{"damage_healed":0,"gold_gain":0,"player_choice":"Memory 1","damage_taken":0,"max_hp_gain":0,"max_hp_loss":0,"event_name":"SensoryStone","floor":44,"gold_loss":0},{"cards_removed":["Intimidate"],"damage_healed":0,"gold_gain":0,"player_choice":"Removed Skill","damage_taken":0,"max_hp_gain":0,"max_hp_loss":0,"event_name":"Falling","floor":46,"gold_loss":0}],"is_beta":false,"boss_relics":[{"not_picked":["Astrolabe","Mark of Pain"],"picked":"Cursed Key"},{"not_picked":["Runic Cube","Philosopher\u0027s Stone"],"picked":"White Beast Statue"}],"items_purged_floors":[4,37],"is_endless":false,"potions_floor_spawned":[2,3,5,12,14,20,21,31,33,35,36,38,39,41,42,47],"ascension_level":3}