{"gold_per_floor":[365,290,290,307,307,340,340,368,448,448,466,466,466,310,310,415,415,428,448,148,166,181,181,104,104,104,122,138,138,150,170,170,268,268,278,294,314,330,17,17,17,17,17,17,17,37,37,87,87,87],"floor_reached":51,"playtime":1225,"items_purged":["Doubt"],"score":682,"play_id":"ea480177-7e02-4066-96ce-e0893771bcde","local_time":"20180816052949","is_ascension_mode":false,"campfire_choices":[{"data":"Armaments","floor":7.0,"key":"SMITH"},{"data":"Bash","floor":12.0,"key":"SMITH"},{"data":"Rage","floor":15.0,"key":"SMITH"},{"data":"Demon Form","floor":23.0,"key":"SMITH"},{"data":"Rage","floor":29.0,"key":"SMITH"},{"data":"Reaper","floor":32.0,"key":"SMITH"},{"data":"Sword Boomerang","floor":40.0,"key":"SMITH"},{"floor":42.0,"key":"REST"},{"floor":45.0,"key":"REST"},{"floor":47.0,"key":"REST"},{"data":"Thunderclap","floor":49.0,"key":"SMITH"}],"neow_cost":"CURSE","seed_source_timestamp":131393164244195,"circlet_count":0,"master_deck":["Strike_R","Strike_R","Strike_R","Strike_R","Defend_R","Defend_R","Defend_R","Defend_R","Bash+1","Armaments+1","Bludgeon+1","Cleave","Rage+1","Thunderclap+1","Demon Form+1","Rage+1","Reaper+1","Twin Strike+1","Sword Boomerang+1"],"special_seed":0,"relics":["Burning Blood","Ancient Tea Set","Bag of Marbles","Tiny Chest","Dodecahedron","Anchor","Busted Crown","Ginger","Pen Nib","Mark of Pain","Prayer Wheel","Unceasing Top","Bottled Flame","Art of War"],"potions_floor_usage":[50,50],"damage_taken":[{"damage":5.0,"enemies":"2 Louse","floor":1.0,"turns":3.0},{"damage":6.0,"enemies":"Cultist","floor":4.0,"turns":3.0},{"damage":29.0,"enemies":"3 Sentries","floor":6.0,"turns":7.0},{"damage":13.0,"enemies":"Lagavulin","floor":8.0,"turns":4.0},{"damage":0.0,"enemies":"Small Slimes","floor":11.0,"turns":2.0},{"damage":31.0,"enemies":"The Guardian","floor":16.0,"turns":7.0},{"damage":0.0,"enemies":"Spheric Guardian","floor":18.0,"turns":3.0},{"damage":0.0,"enemies":"3 Byrds","floor":19.0,"turns":4.0},{"damage":7.0,"enemies":"3 Cultists","floor":21.0,"turns":5.0},{"damage":0.0,"enemies":"Centurion and Healer","floor":22.0,"turns":5.0},{"damage":1.0,"enemies":"Snake Plant","floor":27.0,"turns":3.0},{"damage":5.0,"enemies":"Snecko","floor":28.0,"turns":3.0},{"damage":0.0,"enemies":"Sentry and Sphere","floor":30.0,"turns":2.0},{"damage":25.0,"enemies":"3 Cultists","floor":31.0,"turns":5.0},{"damage":53.0,"enemies":"Champ","floor":33.0,"turns":7.0},{"damage":0.0,"enemies":"Orb Walker","floor":35.0,"turns":2.0},{"damage":21.0,"enemies":"3 Darklings","floor":36.0,"turns":5.0},{"damage":35.0,"enemies":"Sphere and 2 Shapes","floor":37.0,"turns":6.0},{"damage":21.0,"enemies":"Maw","floor":38.0,"turns":5.0},{"damage":17.0,"floor":41.0,"turns":5.0},{"damage":25.0,"enemies":"Transient","floor":46.0,"turns":5.0},{"damage":93,"enemies":"Time Eater","floor":50,"turns":7}],"seed_played":"5347816196990165569","potions_obtained":[{"floor":1.0,"key":"Explosive Potion"},{"floor":8.0,"key":"Regen Potion"},{"floor":11.0,"key":"Swift Potion"},{"floor":13.0,"key":"PowerPotion"},{"floor":31.0,"key":"Swift Potion"},{"floor":37.0,"key":"Swift Potion"}],"is_trial":false,"path_per_floor":["M","$","?","M","?","E","R","E","T","T","M","R","?","$","R","B",null,"M","M","$","M","M","R","$","?","T","M","M","R","M","M","R","B",null,"M","M","M","M","$","R","?","R","T","$","R","M","R","T","R","B"],"character_chosen":"IRONCLAD","items_purchased":["Anchor","Ginger","Rage","Prayer Wheel"],"campfire_rested":3,"item_purchase_floors":[14,20,24,39],"current_hp_per_floor":[80,80,80,80,80,57,57,50,50,50,56,56,56,56,56,31,80,80,80,80,79,80,80,80,80,80,80,80,80,80,68,68,21,80,80,80,51,36,36,36,37,61,61,61,80,61,80,80,80,15],"gold":87,"neow_bonus":"TWO_FIFTY_GOLD","is_prod":false,"is_daily":false,"chose_seed":false,"campfire_upgraded":8,"win_rate":0,"timestamp":1534386589,"path_taken":["M","$","?","M","?","E","R","E","T","?","M","R","?","?","R","BOSS","M","M","$","M","M","R","$","?","T","M","M","R","?","M","R","BOSS","M","M","M","M","$","R","?","R","T","$","R","M","R","?","R","BOSS"],"build_version":"2018-08-09","purchased_purges":1,"victory":true,"max_hp_per_floor":[80,80,80,80,80,80,80,80,80,80,80,80,80,80,80,80,80,80,80,80,80,80,80,80,80,80,80,80,80,80,80,80,80,80,80,80,80,80,80,80,80,80,80,80,80,80,80,80,80,80],"card_choices":[{"not_picked":["Warcry","Disarm"],"picked":"Armaments","floor":1.0},{"not_picked":["Havoc","Clothesline"],"picked":"Cleave","floor":4.0},{"not_picked":["Body Slam","Cleave"],"picked":"Rage","floor":6.0},{"not_picked":["Juggernaut","Entrench","Bloodletting"],"picked":"SKIP","floor":8.0},{"not_picked":["Warcry","Clothesline"],"picked":"Thunderclap","floor":11.0},{"not_picked":["Exhume","Double Tap"],"picked":"Demon Form","floor":16.0},{"not_picked":["Metallicize"],"picked":"SKIP","floor":18.0},{"not_picked":["Cleave"],"picked":"SKIP","floor":19.0},{"not_picked":["Iron Wave"],"picked":"SKIP","floor":21.0},{"not_picked":["Thunderclap+1"],"picked":"SKIP","floor":22.0},{"not_picked":["Armaments+1"],"picked":"SKIP","floor":27.0},{"not_picked":[],"picked":"Twin Strike+1","floor":28.0},{"not_picked":["Disarm"],"picked":"SKIP","floor":30.0},{"not_picked":["Perfected Strike"],"picked":"SKIP","floor":31.0},{"not_picked":["Havoc"],"picked":"SKIP","floor":35.0},{"not_picked":[],"picked":"Sword Boomerang","floor":36.0},{"not_picked":["Reckless Charge"],"picked":"SKIP","floor":37.0},{"not_picked":["Sword Boomerang"],"picked":"SKIP","floor":38.0},{"not_picked":["Pommel Strike"],"picked":"SKIP","floor":46.0},{"not_picked":["Feel No Pain+1"],"picked":"SKIP","floor":46.0}],"player_experience":330372,"relics_obtained":[{"floor":6.0,"key":"Ancient Tea Set"},{"floor":8.0,"key":"Bag of Marbles"},{"floor":9.0,"key":"Tiny Chest"},{"floor":10.0,"key":"Dodecahedron"},{"floor":26.0,"key":"Pen Nib"},{"floor":41.0,"key":"Unceasing Top"},{"floor":43.0,"key":"Bottled Flame"},{"floor":48.0,"key":"Art of War"}],"event_choices":[{"event_name":"Transmorgrifier","player_choice":"Transform","floor":3.0,"damage_taken":0.0},{"event_name":"Living Wall","player_choice":"Grow","floor":5.0,"damage_taken":0.0},{"event_name":"The Lab","player_choice":"Got Potions","floor":13.0,"damage_taken":0.0},{"event_name":"Match and Keep!","player_choice":"1 cards matched","floor":25.0,"damage_taken":0.0},{"event_name":"MindBloom","player_choice":"Fight","floor":41.0,"damage_taken":0.0}],"is_beta":false,"boss_relics":[{"not_picked":["Eternal Feather","Runic Cube"],"picked":"Busted Crown"},{"not_picked":["White Beast Statue","Tiny House"],"picked":"Mark of Pain"}],"items_purged_floors":[2],"is_endless":false,"potions_floor_spawned":[1,8,11,18,21,27,31,37,41],"ascension_level":0}