{"path_per_floor":["M","M","?","$","M","E","M","E","T","R","$","M","M","M","R","B",null,"M","M","$","M","$","R","?","M","T","$"],"character_chosen":"IRONCLAD","items_purchased":["Thunderclap","Iron Wave","Seeing Red+1","Apotheosis+1","Inflame"],"gold_per_floor":[111,127,127,33,46,77,89,114,114,114,43,63,74,94,94,194,224,242,252,74,89,50,50,50,61,61,61,61],"floor_reached":28,"campfire_rested":0,"playtime":700,"item_purchase_floors":[4,4,11,20,22],"current_hp_per_floor":[72,72,77,77,77,72,74,40,40,40,40,32,34,38,38,8,92,92,92,92,60,60,60,42,38,38,38,0],"items_purged":[],"gold":61,"score":257,"play_id":"f9d83784-178f-4b80-b9ac-25f43925d69b","local_time":"20180621235605","is_prod":false,"is_daily":false,"chose_seed":false,"is_ascension_mode":false,"campfire_upgraded":3,"win_rate":0,"timestamp":1529614565,"campfire_choices":[{"data":"Perfected Strike","floor":10,"key":"SMITH"},{"data":"Perfected Strike","floor":15,"key":"SMITH"},{"data":"Demon Form","floor":23,"key":"SMITH"}],"path_taken":["M","M","?","$","M","E","M","E","T","R","$","M","M","M","R","BOSS","M","M","$","M","$","R","?","M","T","$","M"],"build_version":"2018-06-14v2","seed_source_timestamp":160070386909866,"purchased_purges":0,"victory":false,"master_deck":["Strike_R","Strike_R","Strike_R","Strike_R","Strike_R","Defend_R","Defend_R","Defend_R","Defend_R","Bash","Cleave","Offering","Thunderclap+1","Iron Wave","Perfected Strike+1","Seeing Red+1","Armaments+1","Perfected Strike+1","Demon Form+1","Shrug It Off+1","Inflame","Apotheosis+1","Spot Weakness+1","Inflame"],"max_hp_per_floor":[72,72,77,77,77,87,87,87,87,87,87,87,87,87,87,87,92,92,92,92,92,92,92,97,97,97,97,97],"relics":["Burning Blood","Peace Pipe","Pear","Potion Belt","Toxic Egg 2","Tiny House","Matryoshka"],"card_choices":[{"not_picked":["Pommel Strike","Body Slam"],"picked":"Cleave","floor":1},{"not_picked":["Hemokinesis","Flex"],"picked":"Offering","floor":2},{"not_picked":["Clothesline","True Grit","Second Wind"],"picked":"SKIP","floor":5},{"not_picked":["True Grit","Thunderclap","Dropkick"],"picked":"SKIP","floor":6},{"not_picked":["Anger","Metallicize"],"picked":"Perfected Strike","floor":7},{"not_picked":["Pommel Strike","True Grit","Corruption"],"picked":"SKIP","floor":8},{"not_picked":["Wild Strike","Thunderclap"],"picked":"Armaments+1","floor":12},{"not_picked":["Havoc+1","Berserk"],"picked":"Perfected Strike","floor":13},{"not_picked":["Carnage","Thunderclap","Bloodletting+1"],"picked":"SKIP","floor":14},{"not_picked":["Exhume+1","Double Tap+1"],"picked":"Demon Form","floor":16},{"not_picked":["Cleave","Feel No Pain"],"picked":"Shrug It Off+1","floor":17},{"not_picked":["Bloodletting+1","Rampage","Sword Boomerang+1"],"picked":"SKIP","floor":18},{"not_picked":["Twin Strike","Barricade"],"picked":"Inflame","floor":19},{"not_picked":["Heavy Blade+1","Rampage"],"picked":"Spot Weakness+1","floor":21},{"not_picked":["Body Slam","Cleave+1","Thunderclap+1"],"picked":"SKIP","floor":25}],"player_experience":155478,"potions_floor_usage":[7,16,19,25,25],"damage_taken":[{"damage":6,"enemies":"Cultist","floor":1,"turns":3},{"damage":6,"enemies":"Jaw Worm","floor":2,"turns":3},{"damage":2,"enemies":"2 Louse","floor":5,"turns":2},{"damage":21,"enemies":"3 Sentries","floor":6,"turns":6},{"damage":4,"enemies":"Looter","floor":7,"turns":2},{"damage":40,"enemies":"Lagavulin","floor":8,"turns":5},{"damage":14,"enemies":"3 Louse","floor":12,"turns":2},{"damage":4,"enemies":"Lots of Slimes","floor":13,"turns":2},{"damage":2,"enemies":"Blue Slaver","floor":14,"turns":3},{"damage":36,"enemies":"Hexaghost","floor":16,"turns":9},{"damage":4,"enemies":"Shell Parasite","floor":18,"turns":2},{"damage":4,"enemies":"Chosen","floor":19,"turns":4},{"damage":38,"enemies":"Snake Plant","floor":21,"turns":4},{"damage":15,"enemies":"Snecko","floor":25,"turns":4},{"damage":41,"enemies":"Chosen and Byrds","floor":28,"turns":5}],"relics_obtained":[{"floor":6,"key":"Pear"},{"floor":8,"key":"Potion Belt"},{"floor":9,"key":"Toxic Egg 2"},{"floor":26,"key":"Matryoshka"}],"event_choices":[{"event_name":"Big Fish","player_choice":"Donut","floor":3,"damage_taken":0},{"event_name":"Forgotten Altar","player_choice":"Shed Blood","floor":24,"damage_taken":0}],"boss_relics":[{"not_picked":["Eternal Feather","Snecko Eye"],"picked":"Tiny House"}],"items_purged_floors":[],"is_endless":false,"potions_floor_spawned":[6,12,13,19,21],"seed_played":"2168743582379684529","killed_by":"Chosen and Byrds","ascension_level":0,"potions_obtained":[{"floor":6,"key":"Block Potion"},{"floor":12,"key":"Poison Potion"},{"floor":13,"key":"Regen Potion"},{"floor":17,"key":"Fire Potion"},{"floor":19,"key":"SpeedPotion"},{"floor":21,"key":"AttackPotion"}],"is_trial":false}