{"gold_per_floor":[118,118,118,132,148,162,162,177,201,218,252,202,202,215,215,312,312],"floor_reached":17,"playtime":593,"items_purged":[],"score":159,"play_id":"b6b078f5-f1eb-4e55-a062-332f04a9559f","local_time":"20190218194221","is_ascension_mode":false,"campfire_choices":[{"data":"Blind","floor":7,"key":"SMITH"},{"data":"Armaments","floor":13,"key":"SMITH"},{"data":"Battle Trance","floor":15,"key":"SMITH"}],"neow_cost":"NONE","seed_source_timestamp":243809925040924,"circlet_count":0,"master_deck":["Strike_R","Strike_R","Strike_R","Strike_R","Strike_R","Defend_R","Defend_R","Defend_R","Defend_R","Bash","Shrug It Off","Battle Trance+1","Blind+1","Armaments+1","Feed"],"special_seed":0,"relics":["Burning Blood","Bag of Marbles","Anchor"],"potions_floor_usage":[],"damage_taken":[{"damage":0.0,"enemies":"Small Slimes","floor":1.0,"turns":4.0},{"damage":4,"enemies":"Cultist","floor":4,"turns":4},{"damage":0,"enemies":"Jaw Worm","floor":5,"turns":3},{"damage":2,"enemies":"Large Slime","floor":6,"turns":7},{"damage":10,"enemies":"Blue Slaver","floor":8,"turns":4},{"damage":6,"enemies":"Exordium Thugs","floor":10,"turns":5},{"damage":48,"enemies":"Gremlin Nob","floor":11,"turns":6},{"damage":0,"enemies":"3 Louse","floor":14,"turns":3},{"damage":39,"enemies":"The Guardian","floor":16,"turns":14}],"seed_played":"3124756187526987465","potions_obtained":[{"floor":4,"key":"Weak Potion"},{"floor":6,"key":"FearPotion"},{"floor":8,"key":"Regen Potion"}],"is_trial":false,"path_per_floor":["M","?","$","M","M","M","R","M","T","M","E","$","R","M","R","B",null],"character_chosen":"IRONCLAD","items_purchased":["Armaments"],"campfire_rested":0,"item_purchase_floors":[12],"current_hp_per_floor":[88,88,88,88,88,88,88,84,84,84,42,42,42,48,48,15,15],"gold":312,"neow_bonus":"TEN_PERCENT_HP_BONUS","is_prod":false,"is_daily":false,"chose_seed":false,"campfire_upgraded":3,"win_rate":0,"timestamp":1550511741,"path_taken":["M","?","$","?","?","M","R","M","T","?","E","$","R","M","R","BOSS"],"build_version":"2019-01-23","purchased_purges":0,"victory":false,"max_hp_per_floor":[88,88,88,88,88,88,88,88,88,88,88,88,88,88,88,88,88],"card_choices":[{"not_picked":["Clothesline","Perfected Strike"],"picked":"Shrug It Off","floor":1.0},{"not_picked":["Twin Strike","Wild Strike","Blood for Blood"],"picked":"SKIP","floor":4},{"not_picked":["True Grit","Iron Wave","Flex"],"picked":"SKIP","floor":5},{"not_picked":["True Grit","Clothesline","Warcry"],"picked":"SKIP","floor":6},{"not_picked":["Wild Strike","Pommel Strike","Reaper"],"picked":"SKIP","floor":8},{"not_picked":["Searing Blow","Pummel","Havoc"],"picked":"SKIP","floor":10},{"not_picked":["Havoc","Thunderclap","Flex"],"picked":"SKIP","floor":11},{"not_picked":["Cleave","Iron Wave","Dark Embrace"],"picked":"SKIP","floor":14},{"not_picked":["Offering","Immolate"],"picked":"Feed","floor":16}],"player_experience":583874,"relics_obtained":[{"floor":9,"key":"Bag of Marbles"},{"floor":11,"key":"Anchor"}],"event_choices":[{"damage_healed":0,"gold_gain":0,"player_choice":"2 cards matched","damage_taken":0,"max_hp_gain":0,"max_hp_loss":0,"event_name":"Match and Keep!","floor":2,"gold_loss":0,"cards_obtained":["Battle Trance","Blind"]}],"is_beta":false,"boss_relics":[],"items_purged_floors":[],"is_endless":false,"potions_floor_spawned":[4,6,8,14,16],"ascension_level":0}