{"gold_per_floor":[116,40,40,40,53,78,90,113,206,218,244,256,278,92,92,190,190,201,211,1,13,23,58,83,83,83,83,111,40,55,66,66,161,161,171,189,202,41,41,41,53,70,119,119,133,133,133,167,167,167],"floor_reached":50,"playtime":1568,"items_purged":["Strike_B"],"score":564,"play_id":"f488c841-8eea-4a01-8613-40864d39f2e0","local_time":"20190726190555","is_ascension_mode":false,"campfire_choices":[{"floor":7.0,"key":"REST"},{"data":"Go for the Eyes","floor":12.0,"key":"SMITH"},{"data":"Defragment","floor":15.0,"key":"SMITH"},{"floor":25.0,"key":"REST"},{"floor":32.0,"key":"REST"},{"floor":40.0,"key":"REST"},{"floor":46.0,"key":"REST"},{"floor":49,"key":"RECALL"}],"neow_cost":"TEN_PERCENT_HP_LOSS","seed_source_timestamp":263857719480699,"circlet_count":0,"master_deck":["Strike_B","Strike_B","Strike_B","Defend_B","Defend_B+1","Defend_B","Defend_B","Zap","Dualcast","All For One+1","Gash","Scrape","Gash","Go for the Eyes+1","Leap","Steam","Defragment+1","Reboot","Go for the Eyes","Beam Cell","FTL","Hologram","Finesse","All For One","Self Repair","Machine Learning","FTL+1","Stack+1","Scrape","Finesse","Leap+1"],"special_seed":0,"relics":["Cracked Core","MawBank","Shuriken","Fusion Hammer","Pantograph","Gremlin Horn","Bottled Tornado","Black Star","Boot","Happy Flower","Mummified Hand","Pen Nib"],"potions_floor_usage":[50],"damage_taken":[{"damage":0.0,"enemies":"Cultist","floor":1.0,"turns":3.0},{"damage":2.0,"enemies":"2 Louse","floor":5.0,"turns":2.0},{"damage":37.0,"enemies":"Lagavulin","floor":6.0,"turns":7.0},{"damage":0.0,"enemies":"Small Slimes","floor":8.0,"turns":3.0},{"damage":3.0,"enemies":"Gremlin Gang","floor":11.0,"turns":3.0},{"damage":9.0,"enemies":"Exordium Thugs","floor":13.0,"turns":3.0},{"damage":20.0,"enemies":"The Guardian","floor":16.0,"turns":9.0},{"damage":0.0,"enemies":"3 Byrds","floor":18.0,"turns":4.0},{"damage":0.0,"enemies":"Shell Parasite","floor":19.0,"turns":4.0},{"damage":3.0,"enemies":"Chosen and Byrds","floor":21.0,"turns":3.0},{"damage":7.0,"enemies":"Cultist and Chosen","floor":22.0,"turns":3.0},{"damage":4.0,"enemies":"Book of Stabbing","floor":23.0,"turns":4.0},{"damage":0.0,"enemies":"Gremlin Leader","floor":28.0,"turns":4.0},{"damage":20.0,"enemies":"3 Cultists","floor":30.0,"turns":5.0},{"damage":10.0,"enemies":"Snecko","floor":31.0,"turns":4.0},{"damage":19.0,"enemies":"Automaton","floor":33.0,"turns":8.0},{"damage":33.0,"enemies":"3 Darklings","floor":35.0,"turns":4.0},{"damage":7.0,"enemies":"Orb Walker","floor":36.0,"turns":2.0},{"damage":0.0,"enemies":"Transient","floor":37.0,"turns":5.0},{"damage":5.0,"enemies":"Sphere and 2 Shapes","floor":41.0,"turns":3.0},{"damage":18.0,"enemies":"Maw","floor":42.0,"turns":7.0},{"damage":37.0,"enemies":"Jaw Worm Horde","floor":45.0,"turns":4.0},{"damage":39.0,"enemies":"Reptomancer","floor":48.0,"turns":3.0},{"damage":31,"enemies":"Donu and Deca","floor":50,"turns":6}],"seed_played":"5299183970603785171","potions_obtained":[{"floor":6.0,"key":"SkillPotion"},{"floor":10.0,"key":"Regen Potion"},{"floor":10.0,"key":"SteroidPotion"},{"floor":13.0,"key":"Block Potion"},{"floor":16.0,"key":"PowerPotion"},{"floor":18.0,"key":"Block Potion"},{"floor":30.0,"key":"Dexterity Potion"},{"floor":35.0,"key":"SteroidPotion"}],"is_trial":false,"path_per_floor":["M","$","?","$","M","E","R","M","T","?","M","R","M","$","R","B",null,"M","M","$","M","M","E","T","R","T","?","E","$","M","M","R","B",null,"M","M","M","$","?","R","M","M","T","?","M","R","?","E","R","B"],"character_chosen":"DEFECT","items_purchased":["Scrape","Steam","Defragment","FTL","Hologram","Finesse","Self Repair","Scrape","Finesse"],"campfire_rested":5,"item_purchase_floors":[2,14,14,20,20,20,29,38,38],"current_hp_per_floor":[68,68,54,54,52,15,35,35,35,35,32,32,23,23,23,12,68,68,68,68,65,58,54,54,68,68,68,68,68,55,45,65,56,68,42,35,42,42,42,62,64,53,53,53,23,42,42,3,3,0],"gold":167,"neow_bonus":"THREE_RARE_CARDS","is_prod":false,"is_daily":false,"chose_seed":false,"campfire_upgraded":2,"win_rate":0,"timestamp":1564157155,"path_taken":["M","?","?","$","M","E","R","M","T","?","M","R","M","$","R","BOSS","M","?","$","?","M","E","?","R","T","?","E","$","M","M","R","BOSS","M","M","M","$","?","R","M","?","T","?","M","R","?","E","R","BOSS"],"build_version":"2019-07-17","purchased_purges":1,"victory":false,"max_hp_per_floor":[68,68,68,68,68,68,68,68,68,68,68,68,68,68,68,68,68,68,68,68,68,68,68,68,68,68,68,68,68,68,68,68,68,68,68,68,68,68,68,68,68,68,68,65,65,65,65,65,65,65],"card_choices":[{"not_picked":["Echo Form","Meteor Strike"],"picked":"All For One","floor":0.0},{"not_picked":["Cold Snap","Beam Cell"],"picked":"Gash","floor":1.0},{"not_picked":["Stack","Scrape","Darkness"],"picked":"SKIP","floor":5.0},{"not_picked":["Redo","Streamline"],"picked":"Gash","floor":6.0},{"not_picked":["Coolheaded","Recycle"],"picked":"Go for the Eyes","floor":8.0},{"not_picked":["Chaos","Barrage","Double Energy"],"picked":"SKIP","floor":11.0},{"not_picked":["Ball Lightning","Glacier"],"picked":"Leap","floor":13.0},{"not_picked":["Creative AI","Multi-Cast"],"picked":"Reboot","floor":16.0},{"not_picked":["Streamline","Coolheaded"],"picked":"Go for the Eyes","floor":18.0},{"not_picked":["Chaos","Go for the Eyes+1"],"picked":"Beam Cell","floor":19.0},{"not_picked":["Compile Driver","White Noise+1","Rebound+1"],"picked":"SKIP","floor":21.0},{"not_picked":["Turbo","Barrage+1","Compile Driver"],"picked":"SKIP","floor":22.0},{"not_picked":["Recycle","Cold Snap","Chaos"],"picked":"SKIP","floor":23.0},{"not_picked":["Coolheaded","Cold Snap"],"picked":"All For One","floor":28.0},{"not_picked":["Go for the Eyes","Ball Lightning+1","Sweeping Beam+1"],"picked":"SKIP","floor":30.0},{"not_picked":["Lockon","Blizzard","Rebound"],"picked":"SKIP","floor":31.0},{"not_picked":["Fission","Seek"],"picked":"Machine Learning","floor":33.0},{"not_picked":["Coolheaded","Conserve Battery"],"picked":"FTL+1","floor":35.0},{"not_picked":["Leap","Rip and Tear","Loop"],"picked":"SKIP","floor":36.0},{"not_picked":["Coolheaded","Blizzard"],"picked":"Stack+1","floor":37.0},{"not_picked":["Redo+1","Conserve Battery+1","Scrape"],"picked":"SKIP","floor":41.0},{"not_picked":["Rebound","Melter+1","Beam Cell+1"],"picked":"SKIP","floor":42.0},{"not_picked":["Consume","Reprogram","Rebound+1"],"picked":"SKIP","floor":45.0},{"not_picked":["Double Energy+1","Go for the Eyes+1"],"picked":"Leap+1","floor":48.0}],"player_experience":769607,"relics_obtained":[{"floor":6.0,"key":"MawBank"},{"floor":9.0,"key":"Shuriken"},{"floor":23.0,"key":"Pantograph"},{"floor":26.0,"key":"Gremlin Horn"},{"floor":28.0,"key":"Bottled Tornado"},{"floor":43.0,"key":"Boot"},{"floor":48.0,"key":"Mummified Hand"},{"floor":48.0,"key":"Pen Nib"}],"event_choices":[{"damage_healed":0.0,"max_hp_gain":0.0,"max_hp_loss":0.0,"gold_gain":0.0,"event_name":"Shining Light","player_choice":"Entered Light","floor":3.0,"gold_loss":0.0,"damage_taken":14.0,"cards_upgraded":["All For One","Defend_B"]},{"damage_healed":0.0,"max_hp_gain":0.0,"max_hp_loss":0.0,"gold_gain":0.0,"event_name":"Lab","player_choice":"Got Potions","floor":10.0,"gold_loss":0.0,"damage_taken":0.0},{"damage_healed":0.0,"max_hp_gain":0.0,"max_hp_loss":0.0,"gold_gain":0.0,"event_name":"SecretPortal","player_choice":"Ignored","floor":39.0,"gold_loss":0.0,"damage_taken":0.0},{"damage_healed":0.0,"max_hp_gain":0.0,"max_hp_loss":3.0,"gold_gain":0.0,"event_name":"Winding Halls","player_choice":"Max HP","floor":44.0,"gold_loss":0.0,"damage_taken":0.0},{"damage_healed":0.0,"max_hp_gain":0.0,"max_hp_loss":0.0,"gold_gain":0.0,"event_name":"WeMeetAgain","player_choice":"Gave Potion","floor":47.0,"gold_loss":0.0,"damage_taken":0.0,"relics_obtained":["Happy Flower"]}],"is_beta":false,"boss_relics":[{"not_picked":["Eternal Feather","Inserter"],"picked":"Fusion Hammer"},{"not_picked":["Pandora\u0027s Box","Orrery"],"picked":"Black Star"}],"items_purged_floors":[14],"is_endless":false,"potions_floor_spawned":[6,13,16,18,21,23,30,35,37,45],"killed_by":"Donu and Deca","ascension_level":0}