{"path_per_floor":["M","M","M","M","M","R","E","?","T","R","M","$","M","$","R","B",null,"M","M","$","M","M","R","M","M","T","?","?","R","?"],"character_chosen":"IRONCLAD","items_purchased":["Paper Frog","Lantern","Battle Trance","Fire Breathing"],"gold_per_floor":[365,382,402,419,432,432,465,465,465,465,484,484,504,33,33,128,128,145,165,86,106,120,120,139,158,158,158,158,158,158,158],"floor_reached":31,"campfire_rested":2,"playtime":956,"item_purchase_floors":[],"current_hp_per_floor":[72,71,72,65,60,60,35,21,21,42,34,34,33,33,54,34,72,56,42,42,36,21,29,22,7,7,7,7,15,7,0],"items_purged":[],"gold":158,"score":266,"play_id":"91f7cd1e-a751-4df1-ae12-18bc9c9738d6","local_time":"20180620000037","is_prod":false,"is_daily":false,"chose_seed":false,"is_ascension_mode":false,"campfire_upgraded":3,"win_rate":0,"timestamp":1529442037,"campfire_choices":[{"data":"Armaments","floor":6.0,"key":"SMITH"},{"floor":10.0,"key":"REST"},{"floor":15.0,"key":"REST"},{"data":"Spot Weakness","floor":23,"key":"SMITH"},{"data":"Demon Form","floor":29,"key":"SMITH"}],"path_taken":["M","M","M","M","M","R","E","?","T","R","M","$","M","$","R","BOSS","M","M","$","?","M","R","M","M","T","?","?","R","?","?"],"build_version":"2018-06-14v2","seed_source_timestamp":369177537065834,"purchased_purges":0,"victory":false,"master_deck":["Defend_R","Defend_R","Defend_R","Defend_R","Bash","Whirlwind+1","Seeing Red","Perfected Strike","Armaments+1","Spot Weakness+1","Flame Barrier","Battle Trance","Impervious","Battle Trance+1","Perfected Strike","Fire Breathing","Perfected Strike","Demon Form+1","Bite","Bite","Bite","Bite","Bite"],"max_hp_per_floor":[72,72,72,72,72,72,72,72,72,72,72,72,72,72,72,72,72,72,72,72,72,72,72,72,72,72,72,50,50,55,55],"special_seed":0,"relics":["Burning Blood","Bottled Flame","Darkstone Periapt","Paper Frog","Lantern","Eternal Feather","Girya"],"card_choices":[{"not_picked":["Flex","Searing Blow"],"picked":"Whirlwind","floor":1.0},{"not_picked":["Metallicize","Sever Soul"],"picked":"Seeing Red","floor":2.0},{"not_picked":["Rampage","Flex"],"picked":"Perfected Strike","floor":3.0},{"not_picked":["Anger","Flex"],"picked":"Armaments","floor":4.0},{"not_picked":["True Grit","Power Through"],"picked":"Spot Weakness","floor":5.0},{"not_picked":["Shockwave","Carnage","Blood for Blood"],"picked":"SKIP","floor":7.0},{"not_picked":["Combust","Hemokinesis","Fire Breathing"],"picked":"SKIP","floor":11.0},{"not_picked":["Anger","Warcry"],"picked":"Flame Barrier","floor":13.0},{"not_picked":["Immolate","Brutality"],"picked":"Impervious","floor":16},{"not_picked":["Blood for Blood","Cleave+1"],"picked":"Battle Trance+1","floor":18},{"not_picked":["Disarm","Rupture"],"picked":"Perfected Strike","floor":19},{"not_picked":["Bloodletting","Pummel","Rampage+1"],"picked":"SKIP","floor":21},{"not_picked":["Clash","Heavy Blade+1","Cleave"],"picked":"SKIP","floor":22},{"not_picked":["Havoc+1","Iron Wave"],"picked":"Perfected Strike","floor":24},{"not_picked":["Warcry","Battle Trance+1"],"picked":"Demon Form","floor":25}],"player_experience":150131,"potions_floor_usage":[19,24,31,31],"damage_taken":[{"damage":6.0,"enemies":"Small Slimes","floor":1.0,"turns":3.0},{"damage":7.0,"enemies":"2 Louse","floor":2.0,"turns":2.0},{"damage":0.0,"enemies":"Cultist","floor":3.0,"turns":2.0},{"damage":13.0,"enemies":"Blue Slaver","floor":4.0,"turns":5.0},{"damage":11.0,"enemies":"Exordium Wildlife","floor":5.0,"turns":5.0},{"damage":31.0,"enemies":"Lagavulin","floor":7.0,"turns":5.0},{"damage":14.0,"enemies":"Red Slaver","floor":11.0,"turns":6.0},{"damage":7.0,"enemies":"Large Slime","floor":13.0,"turns":6.0},{"damage":26,"enemies":"The Guardian","floor":16,"turns":15},{"damage":22,"enemies":"Spheric Guardian","floor":18,"turns":4},{"damage":20,"enemies":"2 Thieves","floor":19,"turns":2},{"damage":12,"enemies":"Snecko","floor":21,"turns":5},{"damage":21,"enemies":"Sentry and Sphere","floor":22,"turns":5},{"damage":13,"enemies":"Centurion and Healer","floor":24,"turns":6},{"damage":21,"enemies":"Snake Plant","floor":25,"turns":4},{"damage":15,"enemies":"Cultist and Chosen","floor":31,"turns":2}],"relics_obtained":[{"floor":7.0,"key":"Bottled Flame"},{"floor":9.0,"key":"Darkstone Periapt"},{"floor":26,"key":"Girya"}],"event_choices":[{"event_name":"Shining Light","player_choice":"Entered Light","floor":8.0,"damage_taken":0.0},{"event_name":"Beggar","player_choice":"Ignored","floor":27,"damage_taken":0},{"event_name":"Vampires","player_choice":"Became a vampire","floor":28,"damage_taken":0},{"event_name":"Forgotten Altar","player_choice":"Shed Blood","floor":30,"damage_taken":0}],"boss_relics":[{"not_picked":["Pandora\u0027s Box","Black Star"],"picked":"Eternal Feather"}],"items_purged_floors":[],"is_endless":false,"potions_floor_spawned":[1,2,13,21,24,25],"seed_played":"-5312930292201476986","killed_by":"Cultist and Chosen","ascension_level":0,"potions_obtained":[{"floor":1.0,"key":"Poison Potion"},{"floor":2.0,"key":"SpeedPotion"},{"floor":13.0,"key":"Explosive Potion"},{"floor":21,"key":"LiquidBronze"},{"floor":24,"key":"EssenceOfSteel"},{"floor":25,"key":"SkillPotion"}],"is_trial":false}