{"gold_per_floor":[115,126,145,161,174,174,205,221,221,252,252,269,295,314,314,410,410,427,439,364,364,379,379,414,414,465,465,482,498,831,565,565,565],"floor_reached":33,"playtime":6100,"items_purged":["Defend_R"],"score":342,"play_id":"2b57a7c8-a915-499c-b5d8-ab07bc059981","local_time":"20190706034550","is_ascension_mode":true,"campfire_choices":[{"floor":6,"key":"REST"},{"floor":11,"key":"REST"},{"data":"Armaments","floor":15,"key":"SMITH"},{"floor":23,"key":"REST"},{"floor":25,"key":"REST"},{"floor":27,"key":"REST"},{"data":"Mind Blast","floor":32,"key":"SMITH"}],"neow_cost":"PERCENT_DAMAGE","seed_source_timestamp":54758724065825,"circlet_count":0,"master_deck":["Strike_R","Strike_R","Strike_R","Strike_R","Strike_R","Bash","Mayhem","Mind Blast+1","Armaments+1","Perfected Strike","Headbutt","Body Slam","Metallicize","Iron Wave","Dropkick","Shrug It Off","Pommel Strike","Double Tap","Anger+1","Dropkick","Hemokinesis","Pommel Strike","Clothesline+1","Perfected Strike+1","Twin Strike+1","Thunderclap+1","Rage+1","Wild Strike+1"],"relics":["Burning Blood","Dodecahedron","Champion Belt","Shuriken","Philosopher\u0027s Stone","Molten Egg 2","Anchor","Old Coin","Bag of Preparation"],"potions_floor_usage":[12,13,13,14,24,30],"damage_taken":[{"damage":1,"enemies":"Cultist","floor":1,"turns":4},{"damage":8,"enemies":"Jaw Worm","floor":2,"turns":4},{"damage":5,"enemies":"2 Louse","floor":3,"turns":3},{"damage":13,"enemies":"Red Slaver","floor":4,"turns":3},{"damage":24,"enemies":"Exordium Thugs","floor":5,"turns":5},{"damage":20,"enemies":"Lagavulin","floor":7,"turns":7},{"damage":18,"enemies":"Large Slime","floor":8,"turns":5},{"damage":22,"enemies":"Gremlin Nob","floor":10,"turns":5},{"damage":11,"enemies":"3 Louse","floor":12,"turns":4},{"damage":4,"enemies":"Lagavulin","floor":13,"turns":5},{"damage":0,"enemies":"Exordium Thugs","floor":14,"turns":4},{"damage":39,"enemies":"The Guardian","floor":16,"turns":9},{"damage":18,"enemies":"Spheric Guardian","floor":18,"turns":4},{"damage":26,"enemies":"2 Thieves","floor":19,"turns":3},{"damage":35,"enemies":"Centurion and Healer","floor":22,"turns":4},{"damage":27,"enemies":"Book of Stabbing","floor":24,"turns":4},{"damage":14,"enemies":"Snecko","floor":28,"turns":3},{"damage":28,"enemies":"Snake Plant","floor":29,"turns":4},{"damage":5,"enemies":"Slavers","floor":30,"turns":4},{"damage":41,"enemies":"Automaton","floor":33,"turns":4}],"seed_played":"7558241962036667937","potions_obtained":[{"floor":1,"key":"Fire Potion"},{"floor":8,"key":"LiquidBronze"},{"floor":10,"key":"Dexterity Potion"},{"floor":12,"key":"EssenceOfSteel"},{"floor":13,"key":"Strength Potion"},{"floor":19,"key":"Fire Potion"},{"floor":24,"key":"GamblersBrew"}],"is_trial":false,"path_per_floor":["M","M","M","M","M","R","E","M","T","E","R","M","E","M","R","B",null,"M","M","?","?","M","R","E","R","T","R","M","M","E","$","R","B"],"character_chosen":"IRONCLAD","items_purchased":["Bag of Preparation","Wild Strike+1"],"campfire_rested":5,"item_purchase_floors":[31,31],"current_hp_per_floor":[61,59,60,53,35,59,45,33,33,17,41,36,38,44,44,11,80,68,48,48,48,19,43,22,46,46,70,62,40,41,41,41,0],"gold":565,"neow_bonus":"RANDOM_COLORLESS_2","is_prod":false,"is_daily":false,"chose_seed":false,"campfire_upgraded":2,"win_rate":0,"timestamp":1562402750,"path_taken":["M","M","M","M","M","R","E","M","T","E","R","?","E","M","R","BOSS","M","M","?","?","?","R","E","R","T","R","?","M","E","$","R","BOSS"],"build_version":"2019-07-01","purchased_purges":1,"victory":false,"max_hp_per_floor":[80,80,80,80,80,80,80,80,80,80,80,80,80,80,80,80,80,80,80,80,80,80,80,80,80,80,80,80,80,80,80,80,80],"card_choices":[{"not_picked":["True Grit","Heavy Blade"],"picked":"Armaments","floor":1},{"not_picked":["Armaments","Sword Boomerang"],"picked":"Perfected Strike","floor":2},{"not_picked":["Sword Boomerang","Sentinel"],"picked":"Headbutt","floor":3},{"not_picked":["Flex","Warcry"],"picked":"Body Slam","floor":4},{"not_picked":["Clothesline","Exhume"],"picked":"Metallicize","floor":5},{"not_picked":["Havoc","Whirlwind"],"picked":"Iron Wave","floor":7},{"not_picked":["Second Wind","Feel No Pain"],"picked":"Dropkick","floor":8},{"not_picked":["Heavy Blade","Carnage"],"picked":"Shrug It Off","floor":10},{"not_picked":["True Grit","Anger","Whirlwind"],"picked":"SKIP","floor":12},{"not_picked":["Dual Wield","Heavy Blade","Thunderclap"],"picked":"SKIP","floor":13},{"not_picked":["Anger","Twin Strike"],"picked":"Pommel Strike","floor":14},{"not_picked":["Exhume","Immolate"],"picked":"Double Tap","floor":16},{"not_picked":["Headbutt","Heavy Blade"],"picked":"Anger+1","floor":18},{"not_picked":["Dual Wield","Rupture"],"picked":"Dropkick","floor":19},{"not_picked":["Thunderclap","Perfected Strike"],"picked":"Clothesline+1","floor":22},{"not_picked":["Havoc","Cleave+1"],"picked":"Perfected Strike","floor":24},{"not_picked":["Sword Boomerang+1","Intimidate"],"picked":"Twin Strike+1","floor":28},{"not_picked":["True Grit+1","Body Slam+1"],"picked":"Thunderclap+1","floor":29},{"not_picked":["Exhume","Shrug It Off"],"picked":"Rage+1","floor":30}],"player_experience":301508,"relics_obtained":[{"floor":7,"key":"Dodecahedron"},{"floor":10,"key":"Champion Belt"},{"floor":13,"key":"Shuriken"},{"floor":24,"key":"Molten Egg 2"},{"floor":26,"key":"Anchor"},{"floor":30,"key":"Old Coin"}],"event_choices":[{"cards_removed":["Defend_R"],"damage_healed":0,"gold_gain":0,"player_choice":"Gave Gold","damage_taken":0,"max_hp_gain":0,"max_hp_loss":0,"event_name":"Beggar","floor":20,"gold_loss":75},{"damage_healed":0,"gold_gain":0,"cards_transformed":["Defend_R","Defend_R"],"player_choice":"Became Test Subject","damage_taken":0,"max_hp_gain":0,"max_hp_loss":0,"event_name":"Drug Dealer","floor":21,"gold_loss":0,"cards_obtained":["Hemokinesis","Pommel Strike"]}],"is_beta":false,"boss_relics":[{"not_picked":["Runic Dome","Eternal Feather"],"picked":"Philosopher\u0027s Stone"}],"items_purged_floors":[31],"is_endless":false,"potions_floor_spawned":[1,8,10,12,13,19,24],"killed_by":"Automaton","ascension_level":2}