{"gold_per_floor":[109,39,55,71,71,71,99,99,99,99,111,111,29,29,29,149,149,173,88,13,32,32,32,65,65,65,90,90,13,13,38,38,158,158,171,192,10,10,30,30,61,61,61,61,61,394,406,19,19,19],"floor_reached":51,"playtime":4544,"items_purged":["Injury","Writhe"],"score":827,"play_id":"3d3b5373-1787-4715-aef9-89d0b52c035f","local_time":"20190729123048","is_ascension_mode":true,"campfire_choices":[{"data":"Dualcast","floor":6,"key":"SMITH"},{"data":"Coolheaded","floor":8,"key":"SMITH"},{"floor":15,"key":"RECALL"},{"data":"Defragment","floor":23,"key":"SMITH"},{"data":"Heatsinks","floor":25,"key":"SMITH"},{"data":"Loop","floor":30,"key":"SMITH"},{"floor":32,"key":"REST"},{"data":"Electrodynamics","floor":40,"key":"SMITH"},{"data":"Capacitor","floor":42,"key":"SMITH"},{"data":"Storm","floor":44,"key":"SMITH"},{"data":"Echo Form","floor":49,"key":"SMITH"}],"neow_cost":"TEN_PERCENT_HP_LOSS","seed_source_timestamp":1371788980227377,"circlet_count":0,"master_deck":["Strike_B","Strike_B","Strike_B","Defend_B","Defend_B","Defend_B","Zap","Dualcast+1","Genetic Algorithm","Turbo","Conserve Battery","Cold Snap","Coolheaded+1","Cold Snap","Heatsinks+1","Defragment+1","Echo Form+1","Beam Cell+1","Double Energy+1","Go for the Eyes+1","Barrage+1","Loop+1","Blizzard+1","Electrodynamics+1","Skim+1","Ball Lightning+1","Storm+1","Stack+1","Capacitor+1","Defragment+1","Go for the Eyes+1","Reprogram"],"relics":["Cracked Core","Bird Faced Urn","Pantograph","Molten Egg 2","Nuclear Battery","Pen Nib","Unceasing Top","Bottled Flame","Ornamental Fan","Inserter","Bronze Scales","Kunai","StoneCalendar"],"potions_floor_usage":[7,21,27,50],"damage_taken":[{"damage":0,"enemies":"Small Slimes","floor":1,"turns":3},{"damage":2,"enemies":"Jaw Worm","floor":3,"turns":5},{"damage":0,"enemies":"Cultist","floor":4,"turns":4},{"damage":14,"enemies":"Lagavulin","floor":7,"turns":9},{"damage":3,"enemies":"Exordium Thugs","floor":11,"turns":5},{"damage":15,"enemies":"The Guardian","floor":16,"turns":17},{"damage":12,"enemies":"Spheric Guardian","floor":18,"turns":5},{"damage":21,"enemies":"3 Byrds","floor":21,"turns":7},{"damage":19,"enemies":"Book of Stabbing","floor":24,"turns":8},{"damage":12,"enemies":"Snake Plant","floor":27,"turns":5},{"damage":14,"enemies":"Centurion and Healer","floor":31,"turns":5},{"damage":68,"enemies":"Champ","floor":33,"turns":12},{"damage":20,"enemies":"Orb Walker","floor":35,"turns":5},{"damage":29,"enemies":"3 Darklings","floor":36,"turns":5},{"damage":0,"enemies":"Transient","floor":39,"turns":5},{"damage":0,"enemies":"Nemesis","floor":41,"turns":4},{"damage":0,"enemies":"Maw","floor":47,"turns":4},{"damage":33,"enemies":"Donu and Deca","floor":50,"turns":6}],"seed_played":"-5955448645990464555","potions_obtained":[{"floor":1,"key":"Explosive Potion"},{"floor":16,"key":"SpeedPotion"},{"floor":24,"key":"Block Potion"},{"floor":33,"key":"Dexterity Potion"},{"floor":39,"key":"SmokeBomb"},{"floor":47,"key":"Weak Potion"}],"is_trial":false,"path_per_floor":["M","$","M","M","?","R","E","R","T","?","M","T","$","?","R","B",null,"M","?","$","M","?","R","E","R","T","M","?","$","R","M","R","B",null,"M","M","$","?","M","R","E","R","T","R","?","?","M","$","R","B",null],"character_chosen":"DEFECT","items_purchased":["Turbo","Conserve Battery","Defragment","Loop","Storm","Cold Snap+1","StoneCalendar","Go for the Eyes+1","Reprogram"],"campfire_rested":1,"item_purchase_floors":[2,2,13,29,37,37,48,48,48],"current_hp_per_floor":[68,68,66,66,59,59,45,45,45,45,42,42,42,42,42,53,68,59,59,59,44,44,44,33,33,33,31,31,31,31,25,45,6,68,54,37,37,37,49,49,61,61,61,61,61,61,65,65,65,40],"gold":19,"neow_bonus":"ONE_RARE_RELIC","is_prod":false,"is_daily":false,"chose_seed":false,"campfire_upgraded":9,"win_rate":0,"timestamp":1564421448,"path_taken":["M","$","M","M","?","R","E","R","T","?","?","?","$","?","R","BOSS","M","?","$","M","?","R","E","R","T","M","?","?","R","?","R","BOSS","M","M","$","?","M","R","E","R","T","R","?","?","M","$","R","BOSS"],"build_version":"2019-07-17","purchased_purges":2,"victory":true,"max_hp_per_floor":[68,68,68,68,68,68,68,68,68,68,68,68,68,68,68,68,68,68,68,68,68,68,68,68,68,68,68,68,68,68,68,68,68,68,68,68,68,65,65,65,65,65,65,65,65,65,65,65,65,65],"card_choices":[{"not_picked":["Hologram","Stack"],"picked":"Genetic Algorithm","floor":1},{"not_picked":["Redo","Melter"],"picked":"Cold Snap","floor":3},{"not_picked":["Steam","Leap"],"picked":"Coolheaded","floor":4},{"not_picked":["Sweeping Beam","Scrape"],"picked":"Cold Snap","floor":7},{"not_picked":["Compile Driver","Stack"],"picked":"Heatsinks","floor":11},{"not_picked":["Meteor Strike+1","Buffer"],"picked":"Echo Form","floor":16},{"not_picked":["Sweeping Beam+1","Coolheaded"],"picked":"Beam Cell+1","floor":18},{"not_picked":["Barrage+1","Doom and Gloom+1"],"picked":"Double Energy+1","floor":21},{"not_picked":["Leap","Rebound+1"],"picked":"Go for the Eyes+1","floor":24},{"not_picked":["Rebound+1","Sweeping Beam+1"],"picked":"Barrage+1","floor":27},{"not_picked":["Hologram","Coolheaded"],"picked":"Blizzard+1","floor":31},{"not_picked":["Fission","Echo Form"],"picked":"Electrodynamics","floor":33},{"not_picked":["Sweeping Beam+1","Coolheaded"],"picked":"Skim+1","floor":35},{"not_picked":["Static Discharge","Steam"],"picked":"Ball Lightning+1","floor":36},{"not_picked":["Auto Shields+1","Redo"],"picked":"Stack+1","floor":39},{"not_picked":["Doom and Gloom+1","Melter+1"],"picked":"Capacitor","floor":41},{"not_picked":["Sweeping Beam+1","Barrage+1"],"picked":"Defragment+1","floor":47}],"player_experience":114331,"relics_obtained":[{"floor":7,"key":"Pantograph"},{"floor":12,"key":"Molten Egg 2"},{"floor":24,"key":"Unceasing Top"},{"floor":26,"key":"Bottled Flame"},{"floor":41,"key":"Bronze Scales"},{"floor":43,"key":"Kunai"}],"event_choices":[{"cards_removed":["Strike_B"],"damage_healed":0,"gold_gain":0,"player_choice":"Card Removal","damage_taken":7,"max_hp_gain":0,"max_hp_loss":0,"event_name":"Golden Wing","floor":5,"gold_loss":0},{"cards_removed":["Defend_B"],"damage_healed":0,"gold_gain":0,"player_choice":"Offered Basic","damage_taken":0,"max_hp_gain":0,"max_hp_loss":0,"event_name":"Bonfire Elementals","floor":10,"gold_loss":0},{"damage_healed":0,"gold_gain":0,"player_choice":"Take Wound","damage_taken":0,"relics_obtained":["Golden Idol"],"max_hp_gain":0,"max_hp_loss":0,"event_name":"Golden Idol","floor":14,"gold_loss":0,"cards_obtained":["Injury"]},{"damage_healed":0,"gold_gain":0,"player_choice":"Obtained Relic","damage_taken":0,"relics_obtained":["Pen Nib"],"max_hp_gain":0,"max_hp_loss":0,"event_name":"Addict","floor":19,"gold_loss":85},{"damage_healed":0,"gold_gain":0,"player_choice":"Ignored","damage_taken":0,"max_hp_gain":0,"max_hp_loss":0,"event_name":"Ghosts","floor":22,"gold_loss":0},{"damage_healed":0,"gold_gain":0,"player_choice":"Opened","damage_taken":0,"relics_obtained":["Ornamental Fan"],"max_hp_gain":0,"max_hp_loss":0,"event_name":"The Mausoleum","floor":28,"gold_loss":0,"cards_obtained":["Writhe"]},{"damage_healed":0,"gold_gain":0,"player_choice":"Max HP","damage_taken":0,"max_hp_gain":0,"max_hp_loss":3,"event_name":"Winding Halls","floor":38,"gold_loss":0},{"cards_removed":["Cold Snap"],"damage_healed":0,"gold_gain":0,"player_choice":"Removed Attack","damage_taken":0,"max_hp_gain":0,"max_hp_loss":0,"event_name":"Falling","floor":45,"gold_loss":0},{"damage_healed":0,"gold_gain":333,"player_choice":"Gave Idol","damage_taken":0,"max_hp_gain":0,"max_hp_loss":0,"event_name":"The Moai Head","floor":46,"relics_lost":["Golden Idol"],"gold_loss":0}],"is_beta":false,"boss_relics":[{"not_picked":["Black Star","FrozenCore"],"picked":"Nuclear Battery"},{"not_picked":["Snecko Eye","Eternal Feather"],"picked":"Inserter"}],"items_purged_floors":[20,37],"is_endless":false,"potions_floor_spawned":[1,16,24,33,39,47],"ascension_level":4}