{"gold_per_floor":[12,24,1,21,38,38,57,90,90,90],"floor_reached":10,"playtime":291,"items_purged":[],"score":74,"play_id":"48b3df4f-d0e7-4a5d-9009-55c11c1a9b0a","local_time":"20180629143554","is_ascension_mode":true,"campfire_choices":[{"data":"Armaments","floor":6.0,"key":"SMITH"}],"neow_cost":"","seed_source_timestamp":225239955408523,"circlet_count":0,"master_deck":["Strike_R","Strike_R","Strike_R","Strike_R","Strike_R","Defend_R","Defend_R","Defend_R","Defend_R","Bash","Spot Weakness","Spot Weakness","Armaments+1","Shrug It Off","Cleave","Shrug It Off","Body Slam"],"special_seed":0,"relics":["Burning Blood","Ginger","Boot","Singing Bowl"],"potions_floor_usage":[],"damage_taken":[{"damage":0.0,"enemies":"Small Slimes","floor":1.0,"turns":3.0},{"damage":15.0,"enemies":"Jaw Worm","floor":2.0,"turns":5.0},{"damage":10.0,"enemies":"Cultist","floor":4.0,"turns":4.0},{"damage":16.0,"enemies":"Exordium Wildlife","floor":5.0,"turns":4.0},{"damage":12.0,"enemies":"Large Slime","floor":7.0,"turns":5.0},{"damage":33.0,"enemies":"Lagavulin","floor":8.0,"turns":8.0},{"damage":37,"enemies":"Gremlin Nob","floor":10,"turns":4}],"seed_played":"-2381697789604773417","potions_obtained":[{"floor":2.0,"key":"Swift Potion"},{"floor":7.0,"key":"Fire Potion"}],"is_trial":false,"path_per_floor":["M","M","$","M","M","R","M","E","T"],"character_chosen":"IRONCLAD","items_purchased":["Armaments"],"campfire_rested":0,"item_purchase_floors":[],"current_hp_per_floor":[80,71,71,67,57,57,51,24,24,0],"gold":90,"neow_bonus":"","is_prod":false,"is_daily":false,"chose_seed":false,"campfire_upgraded":1,"win_rate":0,"timestamp":1530272154,"path_taken":["M","M","$","M","M","R","M","E","T","E"],"build_version":"2018-06-28","purchased_purges":0,"victory":false,"max_hp_per_floor":[80,80,80,80,80,80,80,80,80,80],"card_choices":[{"not_picked":["Anger","Corruption"],"picked":"Spot Weakness","floor":1.0},{"not_picked":["Dropkick","Clothesline"],"picked":"Spot Weakness","floor":2.0},{"not_picked":["Shockwave","Twin Strike"],"picked":"Shrug It Off","floor":4.0},{"not_picked":["Clash","Shockwave"],"picked":"Cleave","floor":5.0},{"not_picked":["Uppercut","Wild Strike"],"picked":"Shrug It Off","floor":7.0},{"not_picked":["Infernal Blade","Ghostly Armor"],"picked":"Body Slam","floor":8.0}],"player_experience":167394,"relics_obtained":[{"floor":8.0,"key":"Boot"},{"floor":9.0,"key":"Singing Bowl"}],"event_choices":[],"boss_relics":[],"items_purged_floors":[],"is_endless":false,"potions_floor_spawned":[2,7],"killed_by":"Gremlin Nob","ascension_level":1}