{"gold_per_floor":[115,115,129,141,151,184,107,122,122,139,154,154,154,182,182,277,277,289,178,188,188,208,208,87,87,169,169,184,184,196,213,213,316,316,332,59,59,78,78,89,89,89,114,126,176,189,37,51,51,51],"floor_reached":51,"playtime":1461,"items_purged":["Strike_B"],"score":688,"play_id":"4adf012a-4736-4398-8527-3fc02388d408","local_time":"20181013034554","is_ascension_mode":false,"campfire_choices":[{"data":"Defragment","floor":12.0,"key":"SMITH"},{"data":"Zap","floor":15.0,"key":"SMITH"},{"data":"Static Discharge","floor":23.0,"key":"SMITH"},{"data":"Storm","floor":27.0,"key":"SMITH"},{"floor":32,"key":"REST"},{"floor":41,"key":"REST"},{"floor":49,"key":"REST"}],"neow_cost":"NONE","seed_source_timestamp":31391228486721,"circlet_count":0,"master_deck":["Strike_B","Strike_B","Defend_B","Defend_B","Defend_B","Defend_B","Zap+1","Dualcast","Leap","Static Discharge+1","Defragment+1","Leap","FTL","Electrodynamics","Steam","Capacitor","Auto Shields","Storm+1","Leap","Steam","Machine Learning","Conserve Battery+1","Leap+1","Machine Learning","Defragment"],"special_seed":0,"relics":["Cracked Core","Blood Vial","Bronze Scales","Bottled Lightning","Bottled Flame","Lizard Tail","Molten Egg 2","Gremlin Horn","Sozu","Runic Capacitor","Strawberry","Incense Burner","Regal Pillow"],"potions_floor_usage":[30,33,33],"damage_taken":[{"damage":1.0,"enemies":"Jaw Worm","floor":1.0,"turns":4.0},{"damage":0.0,"enemies":"Small Slimes","floor":3.0,"turns":4.0},{"damage":0.0,"enemies":"2 Louse","floor":4.0,"turns":3.0},{"damage":3.0,"enemies":"Red Slaver","floor":5.0,"turns":4.0},{"damage":27.0,"enemies":"Gremlin Nob","floor":6.0,"turns":4.0},{"damage":1.0,"enemies":"Looter","floor":8.0,"turns":3.0},{"damage":8.0,"enemies":"Gremlin Gang","floor":10.0,"turns":3.0},{"damage":7.0,"enemies":"Exordium Wildlife","floor":11.0,"turns":3.0},{"damage":13.0,"enemies":"3 Sentries","floor":14.0,"turns":7.0},{"damage":4.0,"enemies":"Hexaghost","floor":16.0,"turns":8.0},{"damage":8.0,"enemies":"Shell Parasite","floor":18.0,"turns":6.0},{"damage":3.0,"enemies":"Chosen","floor":20.0,"turns":5.0},{"damage":16.0,"enemies":"3 Cultists","floor":22.0,"turns":3.0},{"damage":20,"enemies":"Centurion and Healer","floor":28,"turns":7},{"damage":9,"enemies":"Snake Plant","floor":30,"turns":3},{"damage":0,"enemies":"3 Cultists","floor":31,"turns":3},{"damage":78,"enemies":"Champ","floor":33,"turns":10},{"damage":2,"enemies":"Orb Walker","floor":35,"turns":4},{"damage":27,"enemies":"3 Darklings","floor":38,"turns":3},{"damage":16,"enemies":"Spire Growth","floor":40,"turns":4},{"damage":18,"enemies":"Reptomancer","floor":44,"turns":6},{"damage":13,"enemies":"Mysterious Sphere","floor":45,"turns":4},{"damage":13,"enemies":"Sphere and 2 Shapes","floor":46,"turns":6},{"damage":17,"enemies":"4 Shapes","floor":48,"turns":3},{"damage":41,"enemies":"Time Eater","floor":50,"turns":9}],"seed_played":"-9113126719727940305","potions_obtained":[{"floor":3.0,"key":"SteroidPotion"},{"floor":4.0,"key":"Explosive Potion"},{"floor":8.0,"key":"Explosive Potion"},{"floor":11.0,"key":"Swift Potion"},{"floor":16.0,"key":"Block Potion"},{"floor":18.0,"key":"SkillPotion"},{"floor":22.0,"key":"EssenceOfSteel"},{"floor":30,"key":"Block Potion"}],"is_trial":false,"path_per_floor":["M","$","M","M","M","E","$","M","T","M","M","R","?","E","R","B",null,"M","$","M","$","M","R","$","?","T","R","M","T","M","M","R","B",null,"M","$","?","M","?","M","R","?","T","M","?","M","$","M","R","B"],"character_chosen":"DEFECT","items_purchased":["Static Discharge","Capacitor","Auto Shields","Storm","Leap","Runic Capacitor","Regal Pillow"],"campfire_rested":3,"item_purchase_floors":[7,19,19,24,24,36,47],"current_hp_per_floor":[74,74,75,75,72,47,47,48,48,42,37,37,37,26,26,24,75,67,67,66,66,52,52,52,52,52,52,34,34,27,29,51,37,75,73,73,71,44,44,30,51,51,58,42,31,20,20,5,43,4],"gold":51,"neow_bonus":"RANDOM_COMMON_RELIC","is_prod":false,"is_daily":false,"chose_seed":false,"campfire_upgraded":4,"win_rate":0,"timestamp":1539391554,"path_taken":["M","$","M","M","M","E","$","M","T","M","M","R","?","E","R","BOSS","M","$","M","$","M","R","$","?","T","R","M","?","?","?","R","BOSS","M","$","?","M","?","M","R","?","T","M","?","?","$","M","R","BOSS"],"build_version":"2018-10-11","purchased_purges":1,"victory":true,"max_hp_per_floor":[75,75,75,75,75,75,75,75,75,75,75,75,75,75,75,75,75,75,75,75,75,75,75,75,75,75,75,75,75,75,75,75,75,75,75,75,71,71,71,71,71,71,78,78,78,78,78,78,78,78],"card_choices":[{"not_picked":["FTL","Steam"],"picked":"Leap","floor":1.0},{"not_picked":["Leap","Reinforced Body","FTL"],"picked":"SKIP","floor":3.0},{"not_picked":["Sweeping Beam","Barrage","Turbo"],"picked":"SKIP","floor":4.0},{"not_picked":["Rebound","FTL","Coolheaded"],"picked":"SKIP","floor":5.0},{"not_picked":["Cold Snap","Doom and Gloom","Hologram"],"picked":"SKIP","floor":6.0},{"not_picked":["Genetic Algorithm","Blizzard"],"picked":"Defragment","floor":8.0},{"not_picked":["Rip and Tear","Doom and Gloom"],"picked":"Leap","floor":10.0},{"not_picked":["White Noise","Heatsinks","Hello World"],"picked":"SKIP","floor":11.0},{"not_picked":["Turbo","Darkness"],"picked":"FTL","floor":14.0},{"not_picked":["Fission","Hyperbeam"],"picked":"Electrodynamics","floor":16.0},{"not_picked":["Coolheaded","Stack+1"],"picked":"Steam","floor":18.0},{"not_picked":["Consume","Sunder","Coolheaded"],"picked":"SKIP","floor":20.0},{"not_picked":["Barrage+1","Doom and Gloom","Static Discharge"],"picked":"SKIP","floor":22.0},{"not_picked":["Leap","Auto Shields","Coolheaded"],"picked":"SKIP","floor":28},{"not_picked":["Ball Lightning+1","Leap"],"picked":"Steam","floor":30},{"not_picked":["Steam+1","Compile Driver+1"],"picked":"Machine Learning","floor":31},{"not_picked":["Hello World","Barrage+1","FTL+1"],"picked":"SKIP","floor":35},{"not_picked":["Ball Lightning+1","Turbo"],"picked":"Conserve Battery+1","floor":38},{"not_picked":["Static Discharge","Hologram","Compile Driver+1"],"picked":"SKIP","floor":40},{"not_picked":["Glacier","FTL+1"],"picked":"Leap+1","floor":44},{"not_picked":["Melter+1","Hologram"],"picked":"Machine Learning","floor":46},{"not_picked":["Leap+1","Glacier"],"picked":"Defragment","floor":48}],"player_experience":401845,"relics_obtained":[{"floor":6.0,"key":"Bronze Scales"},{"floor":9.0,"key":"Bottled Lightning"},{"floor":14.0,"key":"Bottled Flame"},{"floor":26.0,"key":"Molten Egg 2"},{"floor":29,"key":"Gremlin Horn"},{"floor":43,"key":"Strawberry"},{"floor":45,"key":"Incense Burner"}],"event_choices":[{"event_name":"Dead Adventurer","player_choice":"Searched \u00271\u0027 times","floor":13.0,"damage_taken":0.0},{"event_name":"The Mausoleum","player_choice":"No","floor":25.0,"damage_taken":0.0},{"event_name":"Winding Halls","player_choice":"Max HP","floor":37,"damage_taken":0},{"event_name":"SecretPortal","player_choice":"Rejected Portal.","floor":39,"damage_taken":0},{"event_name":"Falling","player_choice":"Removed Attack","floor":42,"damage_taken":0},{"event_name":"Mysterious Sphere","player_choice":"Fight","floor":45,"damage_taken":0}],"is_beta":false,"boss_relics":[{"not_picked":["Tiny House","Black Star"],"picked":"Lizard Tail"},{"not_picked":["Runic Dome","Philosopher\u0027s Stone"],"picked":"Sozu"}],"items_purged_floors":[36],"is_endless":false,"potions_floor_spawned":[3,4,8,11,16,18,22,30,44,46],"ascension_level":0}