{"gold_per_floor":[362,112,187,204,215,215,235,235,235,248,248,274,12,32,32,32],"floor_reached":16,"playtime":621,"items_purged":[],"score":102,"play_id":"bdb0a017-5c9e-4f4c-a219-b103755f283a","local_time":"20190407011129","is_ascension_mode":false,"campfire_choices":[{"data":"Battle Trance","floor":6.0,"key":"SMITH"},{"data":"Shrug It Off","floor":8.0,"key":"SMITH"},{"data":"Armaments","floor":15.0,"key":"SMITH"}],"neow_cost":"TEN_PERCENT_HP_LOSS","seed_source_timestamp":223496224417755,"circlet_count":0,"master_deck":["Strike_R","Strike_R","Strike_R","Strike_R","Strike_R","Defend_R","Defend_R","Defend_R","Defend_R","Bash","Shrug It Off+1","Battle Trance+1","Armaments+1"],"special_seed":0,"relics":["Burning Blood","Kunai","Mummified Hand","Turnip","Gremlin Horn"],"potions_floor_usage":[16,16],"damage_taken":[{"damage":6.0,"enemies":"2 Louse","floor":1.0,"turns":2.0},{"damage":0.0,"enemies":"Cultist","floor":4.0,"turns":5.0},{"damage":6.0,"enemies":"Jaw Worm","floor":5.0,"turns":4.0},{"damage":7.0,"enemies":"Blue Slaver","floor":7.0,"turns":6.0},{"damage":5.0,"enemies":"Looter","floor":10.0,"turns":4.0},{"damage":18.0,"enemies":"3 Sentries","floor":12.0,"turns":10.0},{"damage":4.0,"enemies":"Gremlin Gang","floor":14.0,"turns":7.0},{"damage":61,"enemies":"Slime Boss","floor":16,"turns":14}],"seed_played":"3925925306937763368","potions_obtained":[{"floor":4.0,"key":"Weak Potion"},{"floor":7.0,"key":"Energy Potion"},{"floor":14.0,"key":"Swift Potion"}],"is_trial":false,"path_per_floor":["M","$","?","M","M","R","M","R","T","M","$","E","$","M","R","B"],"character_chosen":"IRONCLAD","items_purchased":["Kunai","Gremlin Horn"],"campfire_rested":0,"item_purchase_floors":[2,13],"current_hp_per_floor":[72,72,65,71,71,71,70,70,70,71,71,59,59,61,61,0],"gold":32,"neow_bonus":"TWO_FIFTY_GOLD","is_prod":false,"is_daily":false,"chose_seed":false,"campfire_upgraded":3,"win_rate":0,"timestamp":1554588689,"path_taken":["M","$","?","?","M","R","M","R","T","M","$","E","$","M","R","BOSS"],"build_version":"2019-01-23","purchased_purges":0,"victory":false,"max_hp_per_floor":[72,72,72,72,72,72,72,72,72,72,72,72,72,72,72,72],"card_choices":[{"not_picked":["Warcry","Fire Breathing"],"picked":"Shrug It Off","floor":1.0},{"not_picked":["Flex","Carnage","Armaments"],"picked":"SKIP","floor":4.0},{"not_picked":["Clothesline","Entrench"],"picked":"Battle Trance","floor":5.0},{"not_picked":["Thunderclap","Fire Breathing","Headbutt"],"picked":"SKIP","floor":7.0},{"not_picked":["Combust","Wild Strike","Uppercut"],"picked":"SKIP","floor":10.0},{"not_picked":["Wild Strike","Warcry","Perfected Strike"],"picked":"SKIP","floor":12.0},{"not_picked":["Cleave","Hemokinesis"],"picked":"Armaments","floor":14.0}],"player_experience":591010,"relics_obtained":[{"floor":9.0,"key":"Mummified Hand"},{"floor":12.0,"key":"Turnip"}],"event_choices":[{"damage_healed":0.0,"max_hp_gain":0.0,"max_hp_loss":0.0,"gold_gain":75.0,"event_name":"FaceTrader","player_choice":"Touch","floor":3.0,"gold_loss":0.0,"damage_taken":7.0}],"is_beta":false,"boss_relics":[],"items_purged_floors":[],"is_endless":false,"potions_floor_spawned":[4,7,14],"killed_by":"Slime Boss","ascension_level":0}