{"gold_per_floor":[118,129,147,147,4,38,38,52,52,107,137,153,153,167,167,270,270,299,311,323,355,380,392],"floor_reached":23,"playtime":784,"items_purged":[],"score":228,"play_id":"98f418ec-8408-4f90-8850-8dfdf210d838","local_time":"20190724172608","is_ascension_mode":false,"campfire_choices":[{"data":"Strike_R","floor":7.0,"key":"SMITH"},{"data":"Armaments","floor":13.0,"key":"SMITH"},{"data":"Evolve","floor":15.0,"key":"SMITH"}],"neow_cost":"NONE","seed_source_timestamp":85812527322400,"circlet_count":0,"master_deck":["Strike_R+1","Strike_R+1","Strike_R+1","Strike_R+1","Strike_R+1","Defend_R+1","Defend_R+1","Defend_R+1","Defend_R+1","Bash","Feed","Rage+1","Evolve+1","Pummel","Armaments+1","Demon Form","Writhe","Sword Boomerang","Shame"],"special_seed":0,"relics":["Burning Blood","PreservedInsect","War Paint","Darkstone Periapt","Dream Catcher","Omamori","Calling Bell","MawBank","Shuriken","Unceasing Top","Lantern"],"potions_floor_usage":[23,23],"damage_taken":[{"damage":6.0,"enemies":"Jaw Worm","floor":1.0,"turns":3.0},{"damage":2.0,"enemies":"Small Slimes","floor":2.0,"turns":5.0},{"damage":0.0,"enemies":"Cultist","floor":3.0,"turns":4.0},{"damage":20.0,"enemies":"Gremlin Nob","floor":6.0,"turns":4.0},{"damage":21.0,"enemies":"Exordium Thugs","floor":8.0,"turns":6.0},{"damage":0.0,"enemies":"3 Sentries","floor":10.0,"turns":3.0},{"damage":26.0,"enemies":"Lagavulin","floor":11.0,"turns":5.0},{"damage":11.0,"enemies":"Large Slime","floor":12.0,"turns":6.0},{"damage":2.0,"enemies":"3 Louse","floor":14.0,"turns":3.0},{"damage":44.0,"enemies":"Slime Boss","floor":16.0,"turns":13.0},{"damage":16,"enemies":"Chosen","floor":18,"turns":5},{"damage":6,"enemies":"Shell Parasite","floor":21,"turns":5},{"damage":64,"enemies":"Centurion and Healer","floor":22,"turns":11},{"damage":22,"enemies":"Slavers","floor":23,"turns":2}],"seed_played":"7736260210511482397","potions_obtained":[{"floor":6.0,"key":"Strength Potion"},{"floor":8.0,"key":"Explosive Potion"},{"floor":10.0,"key":"GamblersBrew"},{"floor":12.0,"key":"SpeedPotion"},{"floor":14.0,"key":"Explosive Potion"},{"floor":21,"key":"Regen Potion"}],"is_trial":false,"path_per_floor":["M","M","M","?","$","E","R","M","T","?","E","M","R","M","R","B",null,"M","?","?","M","M","E"],"character_chosen":"IRONCLAD","items_purchased":["War Paint"],"campfire_rested":0,"item_purchase_floors":[5],"current_hp_per_floor":[80,83,83,80,80,69,69,57,57,66,46,41,41,48,48,10,101,91,91,97,97,39,22],"gold":392,"neow_bonus":"ONE_RANDOM_RARE_CARD","is_prod":false,"is_daily":false,"chose_seed":false,"campfire_upgraded":3,"win_rate":0,"timestamp":1563978368,"path_taken":["M","M","M","?","$","E","R","M","T","?","E","M","R","M","R","BOSS","M","?","?","M","M","E"],"build_version":"2019-07-17","purchased_purges":0,"victory":false,"max_hp_per_floor":[80,83,83,83,83,86,86,89,89,92,92,92,92,95,95,95,101,101,101,107,107,107,107],"card_choices":[{"not_picked":["Headbutt","Warcry","Feel No Pain"],"picked":"SKIP","floor":1.0},{"not_picked":["Warcry","Hemokinesis"],"picked":"Rage","floor":2.0},{"not_picked":["Cleave","True Grit","Heavy Blade"],"picked":"SKIP","floor":3.0},{"not_picked":["Thunderclap","Wild Strike"],"picked":"Evolve","floor":6.0},{"not_picked":["Warcry","Anger"],"picked":"Pummel","floor":8.0},{"not_picked":["Reaper","Flex","Twin Strike"],"picked":"SKIP","floor":11.0},{"not_picked":["Flex","Pummel"],"picked":"Armaments","floor":12.0},{"not_picked":["Wild Strike","Sever Soul","Headbutt"],"picked":"SKIP","floor":14.0},{"not_picked":["Juggernaut","Offering"],"picked":"Demon Form","floor":16.0},{"not_picked":["Rampage+1","Bloodletting"],"picked":"Sword Boomerang","floor":18},{"not_picked":["Intimidate","Wild Strike","Perfected Strike"],"picked":"SKIP","floor":21},{"not_picked":["Infernal Blade+1","Reckless Charge","Perfected Strike"],"picked":"SKIP","floor":22}],"player_experience":755714,"relics_obtained":[{"floor":6.0,"key":"Darkstone Periapt"},{"floor":10.0,"key":"Dream Catcher"},{"floor":11.0,"key":"Omamori"},{"floor":17,"key":"MawBank"},{"floor":17,"key":"Shuriken"},{"floor":17,"key":"Unceasing Top"}],"event_choices":[{"damage_healed":0.0,"max_hp_gain":0.0,"max_hp_loss":0.0,"gold_gain":0.0,"event_name":"Scrap Ooze","player_choice":"Success","floor":4.0,"gold_loss":0.0,"damage_taken":3.0,"relics_obtained":["PreservedInsect"]},{"damage_healed":0.0,"max_hp_gain":0.0,"max_hp_loss":0.0,"gold_gain":30.0,"event_name":"Dead Adventurer","player_choice":"Searched \u00272\u0027 times","floor":10.0,"gold_loss":0.0,"damage_taken":0.0},{"damage_healed":0,"gold_gain":0,"player_choice":"Simplicity","damage_taken":0,"max_hp_gain":0,"max_hp_loss":0,"event_name":"Back to Basics","floor":19,"gold_loss":0,"cards_upgraded":["Strike_R","Strike_R","Strike_R","Strike_R","Defend_R","Defend_R","Defend_R"]},{"damage_healed":0,"gold_gain":0,"player_choice":"Stole Relic","damage_taken":0,"relics_obtained":["Lantern"],"max_hp_gain":0,"max_hp_loss":0,"event_name":"Addict","floor":20,"gold_loss":0,"cards_obtained":["Shame"]}],"is_beta":false,"boss_relics":[{"not_picked":["Sozu","Pandora\u0027s Box"],"picked":"Calling Bell"}],"items_purged_floors":[],"is_endless":false,"potions_floor_spawned":[6,8,10,12,14,21],"killed_by":"Slavers","ascension_level":0}