{"gold_per_floor":[19,38,55,67,67,100,100,175,202,215,165,165,193,193,193,295,295,307,307,326,326,251,277,277,311,311,411,443,443,453,453,453,556,556,568,568,586,218,238,238,273,286,286,30,30,44,56,56,56,56],"floor_reached":51,"playtime":15153,"items_purged":["Strike_G","Underhanded Strike","Defend_G"],"score":728,"play_id":"18664afc-08e5-4f68-9b72-e628d0b80ce4","local_time":"20190721144911","is_ascension_mode":true,"campfire_choices":[{"floor":7,"key":"REST"},{"floor":12,"key":"REST"},{"data":"Dash","floor":15,"key":"SMITH"},{"floor":24,"key":"REST"},{"floor":29,"key":"REST"},{"floor":32,"key":"REST"},{"floor":40,"key":"REST"},{"floor":49,"key":"REST"}],"neow_cost":"NO_GOLD","seed_source_timestamp":0,"circlet_count":0,"master_deck":["Defend_G","Defend_G","Survivor","Neutralize","Dash+1","Blur","Cloak And Dagger","Noxious Fumes","Terror","Poisoned Stab","Adrenaline","Crippling Poison+1","Bane+1","Venomology","Leg Sweep+1","Skewer+1","PiercingWail","RitualDagger","Bane+1","Noxious Fumes","Dodge and Roll+1","Crippling Poison+1","Dash+1","Master of Strategy","Heel Hook"],"special_seed":0,"relics":["Ring of the Snake","Omamori","Happy Flower","Potion Belt","Fusion Hammer","Nilry\u0027s Codex","Smiling Mask","Gremlin Horn","Meat on the Bone","Nunchaku","Matryoshka","Art of War","Philosopher\u0027s Stone","Paper Crane","Bottled Flame","Ninja Scroll","Bottled Lightning","DollysMirror"],"potions_floor_usage":[23,25,27,27,33,35,39,41,42,46,46,50,50,50,50,50],"damage_taken":[{"damage":0.0,"enemies":"Cultist","floor":1.0,"turns":5.0},{"damage":0.0,"enemies":"2 Louse","floor":2.0,"turns":2.0},{"damage":0.0,"enemies":"Small Slimes","floor":3.0,"turns":5.0},{"damage":0.0,"enemies":"2 Fungi Beasts","floor":4.0,"turns":5.0},{"damage":44,"enemies":"Gremlin Nob","floor":6,"turns":7},{"damage":2,"enemies":"Looter","floor":10,"turns":4},{"damage":6,"enemies":"3 Sentries","floor":13,"turns":8},{"damage":22,"enemies":"The Guardian","floor":16,"turns":10},{"damage":0,"enemies":"Shell Parasite","floor":18,"turns":6},{"damage":3,"enemies":"Spheric Guardian","floor":20,"turns":4},{"damage":17,"enemies":"Slavers","floor":23,"turns":5},{"damage":10,"enemies":"Book of Stabbing","floor":25,"turns":6},{"damage":10,"enemies":"Colosseum Slavers","floor":27,"turns":3},{"damage":0,"enemies":"Colosseum Nobs","floor":27,"turns":4},{"damage":10,"enemies":"Slavers","floor":28,"turns":3},{"damage":1,"enemies":"Snecko","floor":30,"turns":4},{"damage":47,"enemies":"Collector","floor":33,"turns":7},{"damage":2,"enemies":"3 Darklings","floor":35,"turns":3},{"damage":3,"enemies":"3 Shapes","floor":37,"turns":5},{"damage":23,"enemies":"Jaw Worm Horde","floor":39,"turns":4},{"damage":19,"enemies":"Nemesis","floor":41,"turns":5},{"damage":0,"enemies":"Writhing Mass","floor":42,"turns":6},{"damage":0,"enemies":"Transient","floor":46,"turns":5},{"damage":0,"enemies":"Jaw Worm Horde","floor":47,"turns":3},{"damage":11,"enemies":"Time Eater","floor":50,"turns":12}],"seed_played":"3670954328158964547","potions_obtained":[{"floor":2.0,"key":"FearPotion"},{"floor":3.0,"key":"SpeedPotion"},{"floor":6,"key":"EssenceOfSteel"},{"floor":18,"key":"FearPotion"},{"floor":25,"key":"FearPotion"},{"floor":30,"key":"AttackPotion"},{"floor":35,"key":"Regen Potion"},{"floor":39,"key":"Dexterity Potion"},{"floor":42,"key":"Fruit Juice"},{"floor":47,"key":"SteroidPotion"}],"is_trial":false,"path_per_floor":["M","M","M","M","?","E","R","?","T","M","?","R","E","?","R","B",null,"M","?","M","?","$","E","R","E","T","?","E","R","M","?","R","B",null,"M","?","M","$","M","R","E","M","T","$","?","M","M","?","R","B",null],"character_chosen":"THE_SILENT","items_purchased":["Noxious Fumes","Paper Crane","DollysMirror"],"campfire_rested":7,"item_purchase_floors":[38,38,44],"current_hp_per_floor":[70,70,70,70,75,31,53,42,42,40,40,62,56,49,49,27,75,75,59,56,56,56,39,61,51,51,41,43,65,64,58,75,40,75,73,73,70,70,47,69,50,50,50,50,50,70,70,70,80,69],"gold":56,"neow_bonus":"REMOVE_TWO","is_prod":false,"is_daily":false,"chose_seed":false,"campfire_upgraded":1,"win_rate":0,"timestamp":1563738551,"path_taken":["M","?","M","M","?","E","R","?","T","M","?","R","E","?","R","BOSS","M","?","M","?","$","E","R","E","T","?","E","R","M","?","R","BOSS","M","?","M","$","M","R","E","M","T","$","?","M","M","?","R","BOSS"],"build_version":"2019-07-17","purchased_purges":3,"victory":true,"max_hp_per_floor":[70,70,70,70,75,75,75,75,75,75,75,75,75,75,75,75,75,75,75,75,75,75,75,75,75,75,75,75,75,75,75,75,75,75,75,75,75,75,75,75,75,75,75,75,75,80,80,80,80,80],"card_choices":[{"not_picked":["Backflip","Quick Slash"],"picked":"Dash","floor":1.0},{"not_picked":["Calculated Gamble","Prepared"],"picked":"Blur","floor":2.0},{"not_picked":["Dagger Spray","Outmaneuver"],"picked":"Noxious Fumes","floor":3.0},{"not_picked":["Slice","Quick Slash"],"picked":"Cloak And Dagger","floor":4},{"not_picked":["Backflip","Sucker Punch"],"picked":"Noxious Fumes","floor":6},{"not_picked":["Quick Slash","Blade Dance"],"picked":"Terror","floor":10},{"not_picked":["Malaise","Unload"],"picked":"Poisoned Stab","floor":13},{"not_picked":["Phantasmal Killer","A Thousand Cuts"],"picked":"Adrenaline","floor":16},{"not_picked":["Skewer","Deflect+1"],"picked":"Crippling Poison+1","floor":18},{"not_picked":["Deadly Poison","Tactician"],"picked":"Bane+1","floor":20},{"not_picked":["Accuracy","Sucker Punch"],"picked":"Leg Sweep+1","floor":23},{"not_picked":["Underhanded Strike","Dagger Spray"],"picked":"Skewer+1","floor":25},{"not_picked":["Flechettes","Masterful Stab","Sucker Punch"],"picked":"SKIP","floor":28},{"not_picked":["Outmaneuver+1","Deadly Poison"],"picked":"PiercingWail","floor":30},{"not_picked":["Accuracy","Tactician"],"picked":"Bane+1","floor":35},{"not_picked":["Sucker Punch","Reflex+1","Caltrops"],"picked":"SKIP","floor":37},{"not_picked":["Tactician","Distraction+1","Dagger Throw"],"picked":"SKIP","floor":39},{"not_picked":["Quick Slash","Flying Knee"],"picked":"Dodge and Roll+1","floor":41},{"not_picked":["Prepared","Bane"],"picked":"Crippling Poison+1","floor":42},{"not_picked":["Jack Of All Trades","Deep Breath"],"picked":"Master of Strategy","floor":45},{"not_picked":["Outmaneuver","Bane","Quick Slash"],"picked":"SKIP","floor":46},{"not_picked":["Underhanded Strike","Cloak And Dagger+1"],"picked":"Heel Hook","floor":47}],"player_experience":441492,"relics_obtained":[{"floor":6,"key":"Omamori"},{"floor":9,"key":"Happy Flower"},{"floor":13,"key":"Potion Belt"},{"floor":19,"key":"Nilry\u0027s Codex"},{"floor":23,"key":"Smiling Mask"},{"floor":25,"key":"Gremlin Horn"},{"floor":26,"key":"Meat on the Bone"},{"floor":27,"key":"Nunchaku"},{"floor":27,"key":"Matryoshka"},{"floor":28,"key":"Art of War"},{"floor":41,"key":"Bottled Flame"},{"floor":43,"key":"Ninja Scroll"},{"floor":43,"key":"Bottled Lightning"}],"event_choices":[{"damage_healed":0,"gold_gain":0,"player_choice":"Donut","damage_taken":0,"max_hp_gain":5,"max_hp_loss":0,"event_name":"Big Fish","floor":5,"gold_loss":0},{"damage_healed":0,"gold_gain":75,"player_choice":"Gather Gold","damage_taken":11,"max_hp_gain":0,"max_hp_loss":0,"event_name":"World of Goop","floor":8,"gold_loss":0},{"cards_removed":["Strike_G"],"damage_healed":0,"gold_gain":0,"player_choice":"Card Removal","damage_taken":0,"max_hp_gain":0,"max_hp_loss":0,"event_name":"The Cleric","floor":11,"gold_loss":50},{"cards_removed":["Strike_G"],"damage_healed":0,"gold_gain":0,"player_choice":"Card Removal","damage_taken":7,"max_hp_gain":0,"max_hp_loss":0,"event_name":"Golden Wing","floor":14,"gold_loss":0},{"damage_healed":0,"gold_gain":0,"player_choice":"Obtained Book","damage_taken":16,"max_hp_gain":0,"max_hp_loss":0,"event_name":"Cursed Tome","floor":19,"gold_loss":0},{"damage_healed":0,"gold_gain":0,"cards_transformed":["Defend_G","Defend_G"],"player_choice":"Became Test Subject","damage_taken":0,"max_hp_gain":0,"max_hp_loss":0,"event_name":"Drug Dealer","floor":21,"gold_loss":0,"cards_obtained":["Venomology","Underhanded Strike"]},{"damage_healed":0,"gold_gain":0,"player_choice":"Fight","damage_taken":0,"max_hp_gain":0,"max_hp_loss":0,"event_name":"Colosseum","floor":27,"gold_loss":0},{"damage_healed":0,"gold_gain":0,"player_choice":"Fought Nobs","damage_taken":0,"max_hp_gain":0,"max_hp_loss":0,"event_name":"Colosseum","floor":27,"gold_loss":0},{"damage_healed":0,"gold_gain":0,"player_choice":"Joined the Cult","damage_taken":6,"max_hp_gain":0,"max_hp_loss":0,"event_name":"Nest","floor":31,"gold_loss":0,"cards_obtained":["RitualDagger"]},{"cards_removed":["Noxious Fumes"],"damage_healed":0,"gold_gain":0,"player_choice":"Removed Power","damage_taken":0,"max_hp_gain":0,"max_hp_loss":0,"event_name":"Falling","floor":36,"gold_loss":0},{"damage_healed":0,"gold_gain":0,"player_choice":"Memory 1","damage_taken":0,"max_hp_gain":0,"max_hp_loss":0,"event_name":"SensoryStone","floor":45,"gold_loss":0},{"damage_healed":0,"gold_gain":0,"player_choice":"Ignored","damage_taken":0,"max_hp_gain":0,"max_hp_loss":0,"event_name":"Mysterious Sphere","floor":48,"gold_loss":0}],"is_beta":false,"boss_relics":[{"not_picked":["Astrolabe","HoveringKite"],"picked":"Fusion Hammer"},{"not_picked":["Orrery","Snecko Eye"],"picked":"Philosopher\u0027s Stone"}],"items_purged_floors":[22,38,44],"is_endless":false,"potions_floor_spawned":[2,3,6,18,25,27,30,35,39,42,47],"ascension_level":1}