{"gold_per_floor":[113,188,138,155,167,194,194,229,229,3,15,46,62,78,78,175,175,191,191,202,52,52,86,102,102,102,102,127,138,138,166,166,270,270,290,290,290,301,314,324,359,269,295,295,14,24,246,260,260,260],"floor_reached":50,"playtime":6590,"items_purged":["Strike_G"],"score":634,"play_id":"96ed2073-6e39-4ebe-9758-f64a2cfbe6ac","local_time":"20190726203918","is_ascension_mode":true,"campfire_choices":[{"floor":15,"key":"REST"},{"floor":25,"key":"REST"},{"floor":30,"key":"REST"},{"data":"Footwork","floor":32,"key":"SMITH"},{"floor":44,"key":"REST"},{"data":"Footwork","floor":49,"key":"SMITH"}],"neow_cost":"NONE","seed_source_timestamp":1139866672869086,"circlet_count":0,"master_deck":["Strike_G","Defend_G","Defend_G","Defend_G","Defend_G","Defend_G","Survivor","Neutralize","Infinite Blades","Footwork+1","Bouncing Flask","Footwork+1","After Image","Reflex+1","Escape Plan","Dagger Throw","Dash","Deflect","Slice","Corpse Explosion","Tactician","Outmaneuver+1","Well Laid Plans","Neutralize","Bouncing Flask+1","Die Die Die","Acrobatics","Bouncing Flask","Distraction+1","Envenom","Slice+1","PiercingWail+1","Dagger Throw+1","Deflect+1","Backflip+1","Masterful Stab+1","Deadly Poison+1"],"relics":["Ring of the Snake","Omamori","Gambling Chip","Lee\u0027s Waffle","StoneCalendar","Velvet Choker","Snake Skull","Tiny Chest","Dodecahedron","Letter Opener","Regal Pillow","Red Mask","Sozu","Anchor","Centennial Puzzle","ClockworkSouvenir"],"potions_floor_usage":[8,16,16,33,33,33],"damage_taken":[{"damage":0,"enemies":"Jaw Worm","floor":1,"turns":6},{"damage":0,"enemies":"2 Louse","floor":4,"turns":2},{"damage":6,"enemies":"Cultist","floor":5,"turns":4},{"damage":17,"enemies":"Lagavulin","floor":6,"turns":7},{"damage":18,"enemies":"Gremlin Nob","floor":8,"turns":5},{"damage":2,"enemies":"Red Slaver","floor":11,"turns":6},{"damage":25,"enemies":"3 Sentries","floor":12,"turns":9},{"damage":2,"enemies":"Large Slime","floor":13,"turns":7},{"damage":5,"enemies":"Gremlin Gang","floor":14,"turns":7},{"damage":18,"enemies":"Hexaghost","floor":16,"turns":9},{"damage":21,"enemies":"2 Thieves","floor":18,"turns":5},{"damage":0,"enemies":"Chosen","floor":20,"turns":4},{"damage":23,"enemies":"Gremlin Leader","floor":23,"turns":7},{"damage":21,"enemies":"Snecko","floor":24,"turns":5},{"damage":15,"enemies":"Slavers","floor":28,"turns":2},{"damage":2,"enemies":"Centurion and Healer","floor":29,"turns":7},{"damage":15,"enemies":"Masked Bandits","floor":31,"turns":3},{"damage":24,"enemies":"Collector","floor":33,"turns":7},{"damage":3,"enemies":"3 Darklings","floor":35,"turns":4},{"damage":1,"enemies":"Orb Walker","floor":38,"turns":3},{"damage":16,"enemies":"3 Darklings","floor":39,"turns":3},{"damage":0,"enemies":"Jaw Worm Horde","floor":40,"turns":3},{"damage":44,"enemies":"Reptomancer","floor":41,"turns":7},{"damage":0,"enemies":"Sphere and 2 Shapes","floor":46,"turns":3},{"damage":0,"enemies":"Spire Growth","floor":48,"turns":4},{"damage":60,"enemies":"Awakened One","floor":50,"turns":6}],"seed_played":"1651548016237790360","potions_obtained":[{"floor":1,"key":"Explosive Potion"},{"floor":4,"key":"AttackPotion"},{"floor":11,"key":"LiquidBronze"},{"floor":12,"key":"Weak Potion"},{"floor":16,"key":"Strength Potion"},{"floor":18,"key":"Energy Potion"},{"floor":23,"key":"AttackPotion"}],"is_trial":false,"path_per_floor":["M","?","?","M","M","E","?","E","T","$","M","E","M","M","R","B",null,"M","T","M","$","?","E","M","R","T","$","E","M","R","?","R","B",null,"M","?","?","M","M","M","E","?","T","R","$","M","?","M","R","B"],"character_chosen":"THE_SILENT","items_purchased":["Lee\u0027s Waffle","Escape Plan","Tiny Chest","Well Laid Plans","ClockworkSouvenir"],"campfire_rested":4,"item_purchase_floors":[10,10,21,21,45],"current_hp_per_floor":[70,59,59,59,53,36,36,18,18,77,75,50,48,43,66,48,77,56,56,56,56,56,33,12,35,35,35,20,18,56,41,41,17,77,74,77,77,76,60,60,16,16,16,54,54,54,54,54,54,0],"gold":260,"neow_bonus":"THREE_CARDS","is_prod":false,"is_daily":false,"chose_seed":false,"campfire_upgraded":2,"win_rate":0,"timestamp":1564191558,"path_taken":["M","?","?","M","M","E","?","E","T","$","M","E","?","M","R","BOSS","M","?","M","$","?","E","?","R","T","$","E","?","R","?","R","BOSS","M","?","?","M","?","?","E","?","T","R","?","M","?","M","R","BOSS"],"build_version":"2019-07-17","purchased_purges":1,"victory":false,"max_hp_per_floor":[70,70,70,70,70,70,70,70,70,77,77,77,77,77,77,77,77,77,77,77,77,77,77,77,77,77,77,77,77,77,77,77,77,77,77,77,77,77,77,77,77,77,77,77,77,77,77,77,77,77],"card_choices":[{"not_picked":["Sucker Punch","Deflect"],"picked":"Infinite Blades","floor":0},{"not_picked":["Bouncing Flask","Poisoned Stab"],"picked":"Footwork","floor":1},{"not_picked":["All Out Attack","Sucker Punch"],"picked":"Bouncing Flask","floor":4},{"not_picked":["Outmaneuver","Backflip"],"picked":"Footwork","floor":5},{"not_picked":["Outmaneuver","Finisher"],"picked":"After Image","floor":6},{"not_picked":["Caltrops","Sucker Punch"],"picked":"Reflex","floor":8},{"not_picked":["Tactician","Heel Hook"],"picked":"Dagger Throw","floor":11},{"not_picked":["Dagger Throw","Dagger Spray"],"picked":"Dash","floor":12},{"not_picked":["Tools of the Trade","PiercingWail"],"picked":"Deflect","floor":13},{"not_picked":["Prepared","Quick Slash"],"picked":"Slice","floor":14},{"not_picked":["A Thousand Cuts","Bullet Time"],"picked":"Corpse Explosion","floor":16},{"not_picked":["Quick Slash","PiercingWail"],"picked":"Tactician","floor":18},{"not_picked":["Flying Knee","Dagger Throw"],"picked":"Outmaneuver+1","floor":20},{"not_picked":["Slice","Outmaneuver"],"picked":"Bouncing Flask+1","floor":23},{"not_picked":["Deadly Poison","Dagger Throw"],"picked":"Die Die Die","floor":24},{"not_picked":["PiercingWail","Escape Plan"],"picked":"Acrobatics","floor":28},{"not_picked":["Slice","Acrobatics"],"picked":"Bouncing Flask","floor":29},{"not_picked":["Deadly Poison","Flechettes"],"picked":"Distraction+1","floor":31},{"not_picked":["Tools of the Trade","Bullet Time"],"picked":"Envenom","floor":33},{"not_picked":["Calculated Gamble","Dagger Spray"],"picked":"Slice+1","floor":35},{"not_picked":["Quick Slash+1","Dagger Throw+1"],"picked":"PiercingWail+1","floor":38},{"not_picked":["Prepared","PiercingWail"],"picked":"Dagger Throw+1","floor":39},{"not_picked":["Backstab+1","Dagger Spray+1"],"picked":"Deflect+1","floor":40},{"not_picked":["Escape Plan","Masterful Stab"],"picked":"Backflip+1","floor":41},{"not_picked":["Blade Dance+1","Underhanded Strike"],"picked":"Masterful Stab+1","floor":46},{"not_picked":["Bane","Bullet Time"],"picked":"Deadly Poison+1","floor":48}],"player_experience":60515,"relics_obtained":[{"floor":6,"key":"Omamori"},{"floor":8,"key":"Gambling Chip"},{"floor":12,"key":"StoneCalendar"},{"floor":19,"key":"Snake Skull"},{"floor":23,"key":"Dodecahedron"},{"floor":26,"key":"Letter Opener"},{"floor":28,"key":"Regal Pillow"},{"floor":31,"key":"Red Mask"},{"floor":41,"key":"Anchor"},{"floor":43,"key":"Centennial Puzzle"}],"event_choices":[{"damage_healed":0,"gold_gain":75,"player_choice":"Gather Gold","damage_taken":11,"max_hp_gain":0,"max_hp_loss":0,"event_name":"World of Goop","floor":2,"gold_loss":0},{"cards_removed":["Strike_G"],"damage_healed":0,"gold_gain":0,"player_choice":"Card Removal","damage_taken":0,"max_hp_gain":0,"max_hp_loss":0,"event_name":"The Cleric","floor":3,"gold_loss":50},{"damage_healed":0,"gold_gain":0,"player_choice":"Bought 0 Potions","damage_taken":0,"max_hp_gain":0,"max_hp_loss":0,"event_name":"The Woman in Blue","floor":7,"gold_loss":0},{"damage_healed":0,"gold_gain":0,"player_choice":"Copied","damage_taken":0,"max_hp_gain":0,"max_hp_loss":0,"event_name":"Duplicator","floor":22,"gold_loss":0,"cards_obtained":["Neutralize"]},{"damage_healed":0,"gold_gain":0,"player_choice":"Fought Bandits","damage_taken":0,"max_hp_gain":0,"max_hp_loss":0,"event_name":"Masked Bandits","floor":31,"gold_loss":0},{"damage_healed":19,"gold_gain":0,"player_choice":"Writhe","damage_taken":0,"max_hp_gain":0,"max_hp_loss":0,"event_name":"Winding Halls","floor":36,"gold_loss":0,"cards_obtained":["Writhe"]},{"cards_removed":["Strike_G"],"damage_healed":0,"gold_gain":0,"player_choice":"Purged","damage_taken":0,"max_hp_gain":0,"max_hp_loss":0,"event_name":"Purifier","floor":37,"gold_loss":0},{"cards_removed":["Strike_G"],"damage_healed":0,"gold_gain":0,"player_choice":"Upgrade and Remove","damage_taken":0,"max_hp_gain":0,"max_hp_loss":0,"event_name":"Designer","floor":42,"gold_loss":90,"cards_upgraded":["Reflex"]},{"damage_healed":0,"gold_gain":222,"player_choice":"Wore Mask","damage_taken":0,"max_hp_gain":0,"max_hp_loss":0,"event_name":"Tomb of Lord Red Mask","floor":47,"gold_loss":0}],"is_beta":false,"boss_relics":[{"not_picked":["WristBlade","Lizard Tail"],"picked":"Velvet Choker"},{"not_picked":["Coffee Dripper","Runic Pyramid"],"picked":"Sozu"}],"items_purged_floors":[45],"is_endless":false,"potions_floor_spawned":[1,4,11,12,14,16,18,23,24,31,38,40,41],"killed_by":"Awakened One","ascension_level":1}