{"gold_per_floor":[218,230,248,69,82,82,110,126,126,26,57,77,77,77,77,174,174,187,204,216,141,161,161,172,172,226,226,245,42,54,72,72,174,174,186,107,124,124,124,124,138,138,138,157,170,270,270,299,299,299],"floor_reached":51,"playtime":1471,"items_purged":["Strike_B","Strike_B","Strike_B"],"score":683,"play_id":"f690180c-87a7-48e5-849e-97fd7de5985a","local_time":"20190719114733","is_ascension_mode":false,"campfire_choices":[{"data":"Defragment","floor":6.0,"key":"SMITH"},{"data":"Storm","floor":13.0,"key":"SMITH"},{"data":"Dualcast","floor":15.0,"key":"SMITH"},{"data":"Zap","floor":23,"key":"SMITH"},{"data":"Skim","floor":25,"key":"SMITH"},{"data":"Conserve Battery","floor":32,"key":"SMITH"},{"data":"Seek","floor":40,"key":"SMITH"},{"data":"Leap","floor":42,"key":"SMITH"},{"data":"Defend_B","floor":47,"key":"SMITH"},{"data":"Defend_B","floor":49,"key":"SMITH"}],"neow_cost":"NONE","seed_source_timestamp":99801316383300,"circlet_count":0,"master_deck":["Defend_B","Defend_B","Defend_B+1","Defend_B+1","Zap+1","Dualcast+1","Leap+1","Defragment+1","Conserve Battery+1","Core Surge","Defragment+1","Storm+1","Loop+1","Machine Learning+1","Conserve Battery+1","Steam","Skim+1","Self Repair+1","Loop+1","Seek+1","Loop+1","Force Field+1"],"special_seed":0,"relics":["Cracked Core","Odd Mushroom","Frozen Egg 2","Bronze Scales","Sozu","Bag of Preparation","Busted Crown","Mummified Hand","Girya","Toxic Egg 2"],"potions_floor_usage":[22,50,50],"damage_taken":[{"damage":1.0,"enemies":"2 Louse","floor":1.0,"turns":2.0},{"damage":1.0,"enemies":"Jaw Worm","floor":2.0,"turns":4.0},{"damage":0.0,"enemies":"Cultist","floor":3.0,"turns":3.0},{"damage":2.0,"enemies":"2 Fungi Beasts","floor":5.0,"turns":4.0},{"damage":12.0,"enemies":"The Mushroom Lair","floor":7.0,"turns":5.0},{"damage":12.0,"enemies":"Large Slime","floor":8.0,"turns":6.0},{"damage":6.0,"enemies":"Gremlin Nob","floor":11.0,"turns":4.0},{"damage":2.0,"enemies":"Blue Slaver","floor":12.0,"turns":3.0},{"damage":12.0,"enemies":"Hexaghost","floor":16.0,"turns":6.0},{"damage":5,"enemies":"Shell Parasite","floor":18,"turns":3},{"damage":5,"enemies":"Spheric Guardian","floor":19,"turns":3},{"damage":13,"enemies":"Snake Plant","floor":20,"turns":3},{"damage":9,"enemies":"Sentry and Sphere","floor":22,"turns":3},{"damage":0,"enemies":"Snecko","floor":24,"turns":4},{"damage":11,"enemies":"Shelled Parasite and Fungi","floor":28,"turns":4},{"damage":6,"enemies":"Centurion and Healer","floor":30,"turns":6},{"damage":0,"enemies":"Sentry and Sphere","floor":31,"turns":3},{"damage":23,"enemies":"Automaton","floor":33,"turns":8},{"damage":1,"enemies":"Orb Walker","floor":35,"turns":2},{"damage":24,"enemies":"3 Shapes","floor":37,"turns":2},{"damage":10,"enemies":"3 Darklings","floor":41,"turns":4},{"damage":9,"enemies":"Sphere and 2 Shapes","floor":44,"turns":3},{"damage":3,"enemies":"Jaw Worm Horde","floor":45,"turns":3},{"damage":0,"enemies":"Mind Bloom Boss Battle","floor":46,"turns":4},{"damage":24,"enemies":"Nemesis","floor":48,"turns":5},{"damage":16,"enemies":"Time Eater","floor":50,"turns":7}],"seed_played":"1174055352525587142","potions_obtained":[{"floor":1.0,"key":"Regen Potion"},{"floor":2.0,"key":"SteroidPotion"},{"floor":5.0,"key":"FocusPotion"},{"floor":11.0,"key":"PowerPotion"}],"is_trial":false,"path_per_floor":["M","M","M","$","M","R","?","M","T","$","E","M","R","?","R","B",null,"M","M","M","?","M","R","M","R","T","?","M","$","M","M","R","B",null,"M","$","M","$","?","R","M","R","T","M","M","?","R","E","R","B",null],"character_chosen":"DEFECT","items_purchased":["Defragment","Conserve Battery","Self Repair+1","Loop+1"],"campfire_rested":0,"item_purchase_floors":[4,4,29,36],"current_hp_per_floor":[74,73,73,73,71,71,59,47,47,47,41,39,39,39,39,27,75,70,65,52,52,48,48,48,48,48,48,37,37,41,51,51,38,75,75,75,51,51,51,51,51,51,51,52,59,69,69,55,55,49],"gold":299,"neow_bonus":"HUNDRED_GOLD","is_prod":false,"is_daily":false,"chose_seed":false,"campfire_upgraded":10,"win_rate":0,"timestamp":1563526053,"path_taken":["M","M","M","$","M","R","?","M","T","$","E","M","R","?","R","BOSS","M","?","M","?","M","R","M","R","T","?","M","$","M","M","R","BOSS","M","$","M","$","?","R","M","R","T","M","M","?","R","E","R","BOSS"],"build_version":"2019-07-18","purchased_purges":3,"victory":true,"max_hp_per_floor":[75,75,75,75,75,75,75,75,75,75,75,75,75,75,75,75,75,75,75,75,75,75,75,75,75,75,75,75,75,75,75,75,75,75,75,75,75,75,71,71,71,71,71,71,71,71,71,71,71,71],"card_choices":[{"not_picked":["Steam Power","Cold Snap","Streamline"],"picked":"SKIP","floor":1.0},{"not_picked":["Stack","Cold Snap"],"picked":"Leap","floor":2.0},{"not_picked":["Stack","Sweeping Beam","Fusion"],"picked":"SKIP","floor":3.0},{"not_picked":["Chill","Rebound"],"picked":"Core Surge","floor":5.0},{"not_picked":["Rip and Tear","Blizzard"],"picked":"Defragment","floor":7.0},{"not_picked":["Tempest","Sweeping Beam"],"picked":"Storm","floor":8.0},{"not_picked":["Stack","Turbo","Scrape"],"picked":"SKIP","floor":11.0},{"not_picked":["Redo","Rebound"],"picked":"Loop+1","floor":12.0},{"not_picked":["Amplify","Meteor Strike"],"picked":"Machine Learning+1","floor":16.0},{"not_picked":["Consume","Double Energy","Beam Cell"],"picked":"SKIP","floor":18},{"not_picked":["Barrage+1","Rip and Tear"],"picked":"Conserve Battery+1","floor":19},{"not_picked":["Streamline","Coolheaded","Barrage"],"picked":"SKIP","floor":20},{"not_picked":["Storm+1","Fusion+1"],"picked":"Steam","floor":22},{"not_picked":["Gash","Glacier","Skim"],"picked":"SKIP","floor":24},{"not_picked":["Gash","Glacier"],"picked":"Skim","floor":24},{"not_picked":["Lockon","Redo","Barrage"],"picked":"SKIP","floor":28},{"not_picked":["Streamline","Barrage+1"],"picked":"Loop+1","floor":30},{"not_picked":["Gash","Turbo","Reprogram"],"picked":"SKIP","floor":31},{"not_picked":["Machine Learning+1","Hyperbeam"],"picked":"Seek","floor":33},{"not_picked":["Redo+1"],"picked":"SKIP","floor":35},{"not_picked":["Conserve Battery"],"picked":"SKIP","floor":37},{"not_picked":[],"picked":"Force Field+1","floor":41},{"not_picked":["Go for the Eyes"],"picked":"SKIP","floor":44},{"not_picked":["Go for the Eyes"],"picked":"SKIP","floor":44},{"not_picked":["Rip and Tear+1"],"picked":"SKIP","floor":45},{"not_picked":["Coolheaded+1"],"picked":"SKIP","floor":48}],"player_experience":182316,"relics_obtained":[{"floor":7.0,"key":"Odd Mushroom"},{"floor":9.0,"key":"Frozen Egg 2"},{"floor":11.0,"key":"Bronze Scales"},{"floor":26,"key":"Bag of Preparation"},{"floor":43,"key":"Mummified Hand"},{"floor":46,"key":"Girya"},{"floor":48,"key":"Toxic Egg 2"}],"event_choices":[{"damage_healed":0.0,"max_hp_gain":0.0,"max_hp_loss":0.0,"gold_gain":0.0,"event_name":"Mushrooms","player_choice":"Fought Mushrooms","floor":7.0,"gold_loss":0.0,"damage_taken":0.0},{"damage_healed":0.0,"max_hp_gain":0.0,"max_hp_loss":0.0,"gold_gain":0.0,"event_name":"Upgrade Shrine","player_choice":"Upgraded","floor":14.0,"gold_loss":0.0,"damage_taken":0.0,"cards_upgraded":["Defragment"]},{"cards_removed":["Strike_B"],"damage_healed":0,"gold_gain":0,"player_choice":"Gave Gold","damage_taken":0,"max_hp_gain":0,"max_hp_loss":0,"event_name":"Beggar","floor":21,"gold_loss":75},{"damage_healed":0,"gold_gain":0,"player_choice":"Max HP","damage_taken":0,"max_hp_gain":0,"max_hp_loss":4,"event_name":"Winding Halls","floor":39,"gold_loss":0},{"damage_healed":0,"gold_gain":0,"player_choice":"Fight","damage_taken":0,"max_hp_gain":0,"max_hp_loss":0,"event_name":"MindBloom","floor":46,"gold_loss":0}],"is_beta":true,"boss_relics":[{"not_picked":["Runic Pyramid","Tiny House"],"picked":"Sozu"},{"not_picked":["FrozenCore","Fusion Hammer"],"picked":"Busted Crown"}],"items_purged_floors":[4,10,29],"is_endless":false,"potions_floor_spawned":[1,2,5,11,16,19,24,28,33,35,37,44,48],"ascension_level":0}