{"gold_per_floor":[109,126,138,13,24,24,51,62,114,114,164,196,3,53,53,148,148,163,63,77,77,127,127,137,187,210,274,353,353,373,440,440,539,539,559,573,586,636,266,266,301,301,301,313,381,381,400,50,50,50],"floor_reached":50,"playtime":2117,"items_purged":["Writhe","Force Field","Cold Snap","Stack"],"score":584,"play_id":"b3749863-0dee-4f5c-b23e-e25ab0f21292","local_time":"20181007003903","is_ascension_mode":false,"campfire_choices":[{"data":"Beam Cell","floor":6.0,"key":"SMITH"},{"floor":15.0,"key":"REST"},{"data":"Redo","floor":23,"key":"SMITH"},{"data":"Fission","floor":29,"key":"SMITH"},{"data":"Machine Learning","floor":32,"key":"SMITH"},{"data":"Dualcast","floor":40,"key":"SMITH"},{"data":"Conserve Battery","floor":42,"key":"SMITH"},{"data":"Beam Cell","floor":46,"key":"SMITH"},{"data":"Conserve Battery","floor":49,"key":"SMITH"}],"neow_cost":"CURSE","seed_source_timestamp":421756784786,"circlet_count":0,"master_deck":["Zap+1","Dualcast+1","Conserve Battery+1","Gash","Rebound","Beam Cell+1","BootSequence","Go for the Eyes","Steam","Reboot","Rebound","Machine Learning+1","Redo+1","Streamline","Compile Driver","Rebound","Conserve Battery+1","Beam Cell+1","Fission+1","Go for the Eyes","Gash","Machine Learning+1","Gash+1","Double Energy+1","Steam+1","Gash","Violence"],"special_seed":0,"relics":["Cracked Core","Unceasing Top","Happy Flower","Oddly Smooth Stone","SsserpentHead","Darkstone Periapt","Omamori","Pandora\u0027s Box","Pen Nib","Red Mask","Nuclear Battery","Gambling Chip","Meat on the Bone","Bag of Preparation","Mummified Hand"],"potions_floor_usage":[50,50,50],"damage_taken":[{"damage":1.0,"enemies":"Cultist","floor":1.0,"turns":3.0},{"damage":0.0,"enemies":"2 Louse","floor":2.0,"turns":2.0},{"damage":9.0,"enemies":"Jaw Worm","floor":3.0,"turns":4.0},{"damage":10.0,"enemies":"Looter","floor":5.0,"turns":3.0},{"damage":17.0,"enemies":"Gremlin Nob","floor":7.0,"turns":4.0},{"damage":8.0,"enemies":"2 Fungi Beasts","floor":8.0,"turns":3.0},{"damage":5.0,"enemies":"3 Sentries","floor":12.0,"turns":6.0},{"damage":21.0,"enemies":"The Guardian","floor":16.0,"turns":9.0},{"damage":12.0,"enemies":"3 Byrds","floor":18.0,"turns":3.0},{"damage":1,"enemies":"2 Thieves","floor":20,"turns":3},{"damage":4,"enemies":"Snake Plant","floor":24,"turns":3},{"damage":7,"enemies":"Centurion and Healer","floor":27,"turns":3},{"damage":5,"enemies":"Masked Bandits","floor":28,"turns":4},{"damage":10,"enemies":"Snecko","floor":30,"turns":5},{"damage":6,"enemies":"Shelled Parasite and Fungi","floor":31,"turns":3},{"damage":10,"enemies":"Automaton","floor":33,"turns":6},{"damage":0,"enemies":"3 Darklings","floor":35,"turns":2},{"damage":0,"enemies":"Orb Walker","floor":36,"turns":2},{"damage":15,"enemies":"Reptomancer","floor":37,"turns":5},{"damage":14,"enemies":"Mind Bloom Boss Battle","floor":38,"turns":4},{"damage":0,"enemies":"Giant Head","floor":41,"turns":3},{"damage":0,"enemies":"3 Darklings","floor":44,"turns":1},{"damage":0,"enemies":"Spire Growth","floor":45,"turns":1},{"damage":0,"enemies":"Transient","floor":47,"turns":4},{"damage":49,"enemies":"Time Eater","floor":50,"turns":6}],"seed_played":"-2492845903943991872","potions_obtained":[{"floor":2.0,"key":"EssenceOfSteel"},{"floor":3.0,"key":"Dexterity Potion"},{"floor":7.0,"key":"Poison Potion"},{"floor":27,"key":"FearPotion"},{"floor":28,"key":"EssenceOfSteel"},{"floor":41,"key":"Strength Potion"}],"is_trial":false,"path_per_floor":["M","M","M","$","M","R","E","M","T","?","?","E","$","?","R","B",null,"M","$","M","$","?","R","M","?","T","M","?","R","M","M","R","B",null,"M","M","M","?","$","R","E","R","T","M","M","R","M","$","R"],"character_chosen":"DEFECT","items_purchased":["Beam Cell","Rebound","Omamori","Meat on the Bone","Violence"],"campfire_rested":1,"item_purchase_floors":[4,13,13,39,48],"current_hp_per_floor":[74,74,65,65,55,55,38,30,30,30,30,25,25,25,47,26,75,63,63,62,62,62,62,58,75,75,68,63,63,53,47,47,37,75,75,75,60,46,46,46,46,46,46,46,46,46,46,46,46,0],"gold":50,"neow_bonus":"ONE_RARE_RELIC","is_prod":false,"is_daily":false,"chose_seed":false,"campfire_upgraded":8,"win_rate":0,"timestamp":1538861943,"path_taken":["M","M","?","$","M","R","E","M","T","?","?","E","$","?","R","BOSS","M","$","M","$","?","R","M","?","T","?","?","R","M","?","R","BOSS","M","M","M","?","$","R","E","R","T","M","?","R","M","$","R","BOSS"],"build_version":"2018-10-04v2","purchased_purges":4,"victory":false,"max_hp_per_floor":[75,75,75,75,75,75,75,75,75,75,75,75,75,75,75,75,75,75,75,75,75,75,75,75,75,75,75,75,75,75,75,75,75,75,75,75,75,75,75,75,75,75,75,75,75,75,75,75,75,75],"card_choices":[{"not_picked":["Beam Cell","Stack"],"picked":"Conserve Battery","floor":1.0},{"not_picked":["Hologram","Ball Lightning"],"picked":"Gash","floor":2.0},{"not_picked":["Conserve Battery","Redo"],"picked":"Rebound","floor":3.0},{"not_picked":["Cold Snap","Streamline"],"picked":"BootSequence","floor":5.0},{"not_picked":["Ball Lightning","Chaos"],"picked":"Go for the Eyes","floor":7.0},{"not_picked":["Undo","Leap"],"picked":"Steam","floor":8.0},{"not_picked":["Go for the Eyes","Sweeping Beam"],"picked":"Reboot","floor":12.0},{"not_picked":["Reboot","Core Surge"],"picked":"Machine Learning","floor":16.0},{"not_picked":["Turbo+1","Cold Snap+1"],"picked":"Conserve Battery","floor":18.0},{"not_picked":["Barrage+1","Rebound"],"picked":"Beam Cell","floor":20},{"not_picked":["Loop","Glacier"],"picked":"Fission","floor":24},{"not_picked":["Ball Lightning","Streamline","Coolheaded"],"picked":"SKIP","floor":27},{"not_picked":["Rebound","Turbo+1"],"picked":"Go for the Eyes","floor":28},{"not_picked":["Coolheaded","Cold Snap"],"picked":"Gash","floor":30},{"not_picked":["Storm","Redo"],"picked":"Machine Learning","floor":31},{"not_picked":["Stack","Compile Driver+1","Reprogram"],"picked":"SKIP","floor":35},{"not_picked":["Ball Lightning","Stack+1","Hologram+1"],"picked":"SKIP","floor":36},{"not_picked":["Conserve Battery","Hologram","Cold Snap+1"],"picked":"SKIP","floor":37},{"not_picked":["Force Field","Cold Snap"],"picked":"Gash+1","floor":38},{"not_picked":["Recycle","Stack","Loop"],"picked":"SKIP","floor":41},{"not_picked":["Cold Snap","Thunder Strike"],"picked":"Double Energy+1","floor":44},{"not_picked":["Beam Cell+1","Static Discharge"],"picked":"Steam+1","floor":45},{"not_picked":["Streamline","Doom and Gloom+1"],"picked":"Gash","floor":47}],"player_experience":372988,"relics_obtained":[{"floor":7.0,"key":"Happy Flower"},{"floor":9.0,"key":"Oddly Smooth Stone"},{"floor":12.0,"key":"Darkstone Periapt"},{"floor":26,"key":"Pen Nib"},{"floor":28,"key":"Red Mask"},{"floor":38,"key":"Gambling Chip"},{"floor":41,"key":"Bag of Preparation"},{"floor":43,"key":"Mummified Hand"}],"event_choices":[{"event_name":"FaceTrader","player_choice":"Trade","floor":10.0,"damage_taken":0.0},{"event_name":"Shining Light","player_choice":"Ignored","floor":11.0,"damage_taken":0.0},{"event_name":"Living Wall","player_choice":"Grow","floor":14.0,"damage_taken":0.0},{"event_name":"Accursed Blacksmith","player_choice":"Forge","floor":22,"damage_taken":0},{"event_name":"Bonfire Elementals","player_choice":"UNCOMMON","floor":25,"damage_taken":0},{"event_name":"Masked Bandits","player_choice":"Fought Bandits","floor":28,"damage_taken":0},{"event_name":"MindBloom","player_choice":"Fight","floor":38,"damage_taken":0}],"is_beta":false,"boss_relics":[{"not_picked":["White Beast Statue","Philosopher\u0027s Stone"],"picked":"Pandora\u0027s Box"},{"not_picked":["FrozenCore","Inserter"],"picked":"Nuclear Battery"}],"items_purged_floors":[4,19,39,48],"is_endless":false,"potions_floor_spawned":[2,3,7,27,28,33,38,41,47],"killed_by":"Time Eater","ascension_level":0}