{"gold_per_floor":[116,191,209,209,225,253,253,28,107,107,282,298,298,52,52,183,183,197,216,65,88,88,88,122,122,122,147,111,136,157,157,157,282,282,295,420,441,441,143,179,179,199,244,244,268,291,49,68,68,68],"floor_reached":51,"playtime":1343,"items_purged":["Strike_R","Strike_R","Doubt","Writhe"],"score":772,"play_id":"204843b6-206a-44e2-8c26-ef36b99fbd77","local_time":"20190722165804","is_ascension_mode":false,"campfire_choices":[{"data":"Demon Form","floor":7.0,"key":"SMITH"},{"data":"Spot Weakness","floor":10.0,"key":"SMITH"},{"data":"Bash","floor":15.0,"key":"SMITH"},{"data":"Heavy Blade","floor":23.0,"key":"SMITH"},{"data":"Shrug It Off","floor":25.0,"key":"SMITH"},{"data":"Battle Trance","floor":32.0,"key":"SMITH"},{"data":"Sword Boomerang","floor":44,"key":"SMITH"},{"floor":49,"key":"REST"}],"neow_cost":"NONE","seed_source_timestamp":3177764770700,"circlet_count":0,"master_deck":["Strike_R","Strike_R","Defend_R","Defend_R","Defend_R","Defend_R","Bash+1","Spot Weakness+1","Twin Strike","Shrug It Off+1","Demon Form+1","Heavy Blade+1","Shrug It Off","Battle Trance+1","Heavy Blade+1","Sword Boomerang+1","Madness","Madness","Sword Boomerang","Enlightenment"],"special_seed":0,"relics":["Burning Blood","PreservedInsect","Omamori","Pear","Golden Idol","Bottled Tornado","Busted Crown","Bottled Flame","Gremlin Horn","Calling Bell","Strawberry","Matryoshka","Thread and Needle","Gambling Chip","Anchor","Vajra","Regal Pillow","Potion Belt"],"potions_floor_usage":[50,50,50,50,50],"damage_taken":[{"damage":6.0,"enemies":"Cultist","floor":1.0,"turns":3.0},{"damage":5.0,"enemies":"Jaw Worm","floor":3.0,"turns":4.0},{"damage":2.0,"enemies":"2 Louse","floor":5.0,"turns":2.0},{"damage":19.0,"enemies":"3 Sentries","floor":6.0,"turns":9.0},{"damage":3.0,"enemies":"Exordium Wildlife","floor":12.0,"turns":4.0},{"damage":30.0,"enemies":"Slime Boss","floor":16.0,"turns":7.0},{"damage":14.0,"enemies":"Spheric Guardian","floor":18.0,"turns":4.0},{"damage":19.0,"enemies":"Shell Parasite","floor":19.0,"turns":4.0},{"damage":15.0,"enemies":"Snecko","floor":21.0,"turns":4.0},{"damage":23.0,"enemies":"Book of Stabbing","floor":24.0,"turns":4.0},{"damage":2.0,"enemies":"Cultist and Chosen","floor":27.0,"turns":4.0},{"damage":11.0,"enemies":"Snake Plant","floor":29.0,"turns":4.0},{"damage":18.0,"enemies":"Sentry and Sphere","floor":30.0,"turns":6.0},{"damage":17.0,"enemies":"Champ","floor":33.0,"turns":7.0},{"damage":6.0,"enemies":"Orb Walker","floor":35.0,"turns":3.0},{"damage":18.0,"enemies":"Mind Bloom Boss Battle","floor":36.0,"turns":7.0},{"damage":1.0,"enemies":"3 Shapes","floor":37.0,"turns":5.0},{"damage":31,"enemies":"Reptomancer","floor":40,"turns":5},{"damage":4,"enemies":"Transient","floor":42,"turns":5},{"damage":6,"enemies":"3 Darklings","floor":45,"turns":4},{"damage":36,"enemies":"Writhing Mass","floor":46,"turns":4},{"damage":23,"enemies":"Maw","floor":48,"turns":5},{"damage":48,"enemies":"Awakened One","floor":50,"turns":6}],"seed_played":"-6417465984086565988","potions_obtained":[{"floor":5.0,"key":"SpeedPotion"},{"floor":6.0,"key":"SteroidPotion"},{"floor":16.0,"key":"Fire Potion"},{"floor":18.0,"key":"PowerPotion"},{"floor":27.0,"key":"PowerPotion"},{"floor":33.0,"key":"PowerPotion"},{"floor":45,"key":"EssenceOfSteel"},{"floor":48,"key":"Ancient Potion"}],"is_trial":false,"path_per_floor":["M","?","M","$","M","E","R","$","T","R","?","M","?","$","R","B",null,"M","M","$","M","?","R","E","R","T","M","$","M","M","?","R","B",null,"M","?","M","?","$","E","?","M","T","R","M","M","$","M","R","B",null],"character_chosen":"IRONCLAD","items_purchased":["Omamori","Bottled Tornado","Heavy Blade","Battle Trance","Anchor","Sword Boomerang","Enlightenment"],"campfire_rested":1,"item_purchase_floors":[8,14,20,28,39,39,47],"current_hp_per_floor":[80,69,70,70,74,61,61,61,71,71,71,74,52,52,52,28,90,82,69,69,60,60,60,43,43,43,47,47,42,30,30,30,19,97,97,85,90,90,90,65,53,55,55,55,55,25,25,8,52,10],"gold":68,"neow_bonus":"THREE_CARDS","is_prod":false,"is_daily":false,"chose_seed":false,"campfire_upgraded":7,"win_rate":0,"timestamp":1563803884,"path_taken":["M","?","M","?","M","E","R","$","T","R","?","?","?","$","R","BOSS","M","M","$","M","?","R","E","R","T","M","$","M","M","?","R","BOSS","M","?","M","?","$","E","?","M","T","R","M","?","$","M","R","BOSS"],"build_version":"2019-07-17","purchased_purges":4,"victory":true,"max_hp_per_floor":[80,80,80,80,80,80,80,80,90,90,90,90,90,90,90,90,90,90,90,90,90,90,90,90,90,90,90,90,90,90,90,90,90,97,97,97,97,97,97,97,97,97,97,97,97,97,97,97,97,97],"card_choices":[{"not_picked":["Dual Wield","Iron Wave"],"picked":"Spot Weakness","floor":0.0},{"not_picked":["Armaments","Disarm","Cleave"],"picked":"SKIP","floor":1.0},{"not_picked":["Infernal Blade","Anger"],"picked":"Twin Strike","floor":3.0},{"not_picked":["Body Slam","Clash"],"picked":"Shrug It Off","floor":5.0},{"not_picked":["Pommel Strike","Inflame"],"picked":"Demon Form","floor":6.0},{"not_picked":["Fire Breathing","Disarm","Body Slam"],"picked":"SKIP","floor":12.0},{"not_picked":["Warcry"],"picked":"SKIP","floor":18.0},{"not_picked":["Disarm"],"picked":"SKIP","floor":19.0},{"not_picked":["Havoc+1"],"picked":"SKIP","floor":21.0},{"not_picked":[],"picked":"Shrug It Off","floor":24.0},{"not_picked":["Anger"],"picked":"SKIP","floor":27.0},{"not_picked":["Corruption+1"],"picked":"SKIP","floor":29.0},{"not_picked":["Wild Strike+1"],"picked":"SKIP","floor":30.0},{"not_picked":["Anger+1"],"picked":"SKIP","floor":35.0},{"not_picked":[],"picked":"Heavy Blade+1","floor":36.0},{"not_picked":["Bloodletting+1"],"picked":"SKIP","floor":37.0},{"not_picked":["Metallicize+1"],"picked":"SKIP","floor":40},{"not_picked":["True Grit+1"],"picked":"SKIP","floor":42},{"not_picked":["Wild Strike+1"],"picked":"SKIP","floor":45},{"not_picked":[],"picked":"Sword Boomerang","floor":46},{"not_picked":["Rupture+1"],"picked":"SKIP","floor":48}],"player_experience":736046,"relics_obtained":[{"floor":6.0,"key":"PreservedInsect"},{"floor":9.0,"key":"Pear"},{"floor":24.0,"key":"Bottled Flame"},{"floor":26.0,"key":"Gremlin Horn"},{"floor":34.0,"key":"Strawberry"},{"floor":34.0,"key":"Matryoshka"},{"floor":34.0,"key":"Thread and Needle"},{"floor":36.0,"key":"Gambling Chip"},{"floor":40,"key":"Vajra"},{"floor":43,"key":"Regal Pillow"},{"floor":43,"key":"Potion Belt"}],"event_choices":[{"damage_healed":0.0,"max_hp_gain":0.0,"max_hp_loss":0.0,"gold_gain":75.0,"event_name":"World of Goop","player_choice":"Gather Gold","floor":2.0,"gold_loss":0.0,"damage_taken":11.0},{"damage_healed":0.0,"max_hp_gain":0.0,"max_hp_loss":0.0,"gold_gain":175.0,"event_name":"Liars Game","player_choice":"AGREE","floor":11.0,"gold_loss":0.0,"damage_taken":0.0,"cards_obtained":["Doubt"]},{"damage_healed":0.0,"max_hp_gain":0.0,"max_hp_loss":0.0,"gold_gain":0.0,"event_name":"Golden Idol","player_choice":"Take Damage","floor":13.0,"gold_loss":0.0,"damage_taken":22.0,"relics_obtained":["Golden Idol"]},{"cards_removed":["Strike_R"],"damage_healed":0.0,"max_hp_gain":0.0,"max_hp_loss":0.0,"gold_gain":0.0,"event_name":"Purifier","player_choice":"Purged","floor":31.0,"gold_loss":0.0,"damage_taken":0.0},{"damage_healed":0.0,"max_hp_gain":0.0,"max_hp_loss":0.0,"gold_gain":0.0,"event_name":"MindBloom","player_choice":"Fight","floor":36.0,"gold_loss":0.0,"damage_taken":0.0},{"damage_healed":0.0,"max_hp_gain":0.0,"max_hp_loss":0.0,"gold_gain":0.0,"event_name":"Tomb of Lord Red Mask","player_choice":"Ignored","floor":38.0,"gold_loss":0.0,"damage_taken":0.0},{"damage_healed":0,"gold_gain":0,"player_choice":"Embrace Madness","damage_taken":12,"max_hp_gain":0,"max_hp_loss":0,"event_name":"Winding Halls","floor":41,"gold_loss":0,"cards_obtained":["Madness","Madness"]}],"is_beta":false,"boss_relics":[{"not_picked":["Eternal Feather","Coffee Dripper"],"picked":"Busted Crown"},{"not_picked":["Sozu","Black Star"],"picked":"Calling Bell"}],"items_purged_floors":[8,20,39,47],"is_endless":false,"potions_floor_spawned":[5,6,16,18,27,30,33,35,37,45,48],"ascension_level":0}