{"gold_per_floor":[117,135,135,150,150,162,191,191,215,241,36,68,68,78,78,78],"floor_reached":16,"playtime":939,"items_purged":["Strike_G"],"score":132,"play_id":"29139220-6467-4a95-bbc4-ee11f658fcd9","local_time":"20190209142521","is_ascension_mode":true,"campfire_choices":[{"data":"Dash","floor":8,"key":"SMITH"},{"data":"Leg Sweep","floor":15,"key":"SMITH"}],"neow_cost":"NONE","seed_source_timestamp":14902875970459,"circlet_count":0,"master_deck":["Defend_G","Defend_G","Defend_G+1","Defend_G","Defend_G","Strike_G","Strike_G","Strike_G","Strike_G+1","Survivor","Neutralize+1","Dash+1","Cloak And Dagger","Leg Sweep+1","Dagger Spray","Deadly Poison","Escape Plan","Caltrops","Dodge and Roll","Backstab"],"relics":["Ring of the Snake","Dream Catcher","Strawberry","Potion Belt","Matryoshka"],"potions_floor_usage":[7,12,16],"damage_taken":[{"damage":0,"enemies":"2 Louse","floor":1,"turns":3},{"damage":0,"enemies":"Jaw Worm","floor":2,"turns":4},{"damage":0,"enemies":"Small Slimes","floor":4,"turns":4},{"damage":2,"enemies":"Gremlin Gang","floor":6,"turns":7},{"damage":5,"enemies":"3 Sentries","floor":7,"turns":10},{"damage":6,"enemies":"Lagavulin","floor":10,"turns":8},{"damage":9,"enemies":"3 Sentries","floor":12,"turns":8},{"damage":1,"enemies":"3 Louse","floor":14,"turns":3},{"damage":64,"enemies":"Slime Boss","floor":16,"turns":9}],"seed_played":"4643321429224922757","potions_obtained":[{"floor":6,"key":"Regen Potion"},{"floor":7,"key":"Swift Potion"},{"floor":10,"key":"LiquidBronze"},{"floor":14,"key":"Ancient Potion"}],"is_trial":false,"path_per_floor":["M","M","?","M","?","M","E","R","T","E","$","E","$","M","R","B"],"character_chosen":"THE_SILENT","items_purchased":["Caltrops","Poison Potion"],"campfire_rested":0,"item_purchase_floors":[11,11],"current_hp_per_floor":[70,70,56,56,56,54,64,64,71,65,65,56,56,55,55,0],"gold":78,"neow_bonus":"THREE_CARDS","is_prod":false,"is_daily":false,"chose_seed":false,"campfire_upgraded":2,"win_rate":0,"timestamp":1549718721,"path_taken":["M","M","?","M","?","M","E","R","T","E","$","E","$","M","R","BOSS"],"build_version":"2019-01-23","purchased_purges":1,"victory":false,"max_hp_per_floor":[70,70,70,70,70,70,70,70,77,77,77,77,77,77,77,77],"card_choices":[{"not_picked":["Dagger Spray","Bane"],"picked":"Dash","floor":0},{"not_picked":["Slice","Dagger Throw","Outmaneuver"],"picked":"SKIP","floor":1},{"not_picked":["Crippling Poison","Skewer"],"picked":"Cloak And Dagger","floor":2},{"not_picked":["Riddle With Holes","Terror"],"picked":"Leg Sweep","floor":4},{"not_picked":["Underhanded Strike","Flying Knee"],"picked":"Dagger Spray","floor":6},{"not_picked":["Blade Dance","Glass Knife"],"picked":"Deadly Poison","floor":7},{"not_picked":["Underhanded Strike","Dagger Throw"],"picked":"Escape Plan","floor":10},{"not_picked":["Outmaneuver","Catalyst"],"picked":"Dodge and Roll","floor":12},{"not_picked":["Slice","Bane"],"picked":"Backstab","floor":14}],"player_experience":259918,"relics_obtained":[{"floor":7,"key":"Dream Catcher"},{"floor":9,"key":"Strawberry"},{"floor":10,"key":"Potion Belt"},{"floor":12,"key":"Matryoshka"}],"event_choices":[{"damage_healed":0,"gold_gain":0,"player_choice":"Entered Light","damage_taken":14,"max_hp_gain":0,"max_hp_loss":0,"event_name":"Shining Light","floor":3,"gold_loss":0,"cards_upgraded":["Defend_G","Strike_G"]},{"damage_healed":0,"gold_gain":0,"player_choice":"Grow","damage_taken":0,"max_hp_gain":0,"max_hp_loss":0,"event_name":"Living Wall","floor":5,"gold_loss":0,"cards_upgraded":["Neutralize"]}],"is_beta":false,"boss_relics":[],"items_purged_floors":[11],"is_endless":false,"potions_floor_spawned":[6,7,10,14],"killed_by":"Slime Boss","ascension_level":2}