{"gold_per_floor":[114,127,138,148,164,195,205,49,128,128,139,139,170,170,170,275,275,291,308,321,22,35,35,135,135,161,161,188,201,201,216,216,317,317,331,342,342,356,366,366,396,396,446,479,492,492,511,526,526,526],"floor_reached":51,"playtime":4468,"items_purged":["Strike_B"],"score":924,"play_id":"d3497b38-b76f-4cd3-b97a-843e95dead26","local_time":"20190710050113","is_ascension_mode":true,"campfire_choices":[{"data":"Defragment","floor":10.0,"key":"SMITH"},{"data":"Chill","floor":12.0,"key":"SMITH"},{"data":"Chaos","floor":15.0,"key":"SMITH"},{"data":"Conserve Battery","floor":23.0,"key":"SMITH"},{"data":"Conserve Battery","floor":25.0,"key":"SMITH"},{"data":"Zap","floor":27.0,"key":"SMITH"},{"data":"Electrodynamics","floor":30.0,"key":"SMITH"},{"data":"Leap","floor":32.0,"key":"SMITH"},{"data":"Echo Form","floor":40.0,"key":"SMITH"},{"data":"Seek","floor":46,"key":"SMITH"},{"floor":49,"key":"REST"}],"neow_cost":"NONE","seed_source_timestamp":32264519076878,"circlet_count":0,"master_deck":["Strike_B","Strike_B","Defend_B","Defend_B","Defend_B","Defend_B","Zap+1","Dualcast","Coolheaded","Ball Lightning","Chill+1","Defragment+1","Chaos+1","Leap+1","Core Surge","Hologram","Seek+1","Conserve Battery+1","Electrodynamics+1","Conserve Battery+1","Redo+1","Self Repair","Reboot","Consume","Melter","Echo Form+1","Sweeping Beam+1","Dark Shackles","Ball Lightning","Barrage+1","Regret","Conserve Battery+1","Force Field+1"],"special_seed":0,"relics":["Cracked Core","Blue Candle","Sundial","PreservedInsect","Inserter","Bag of Preparation","Centennial Puzzle","Du-Vu Doll","Cursed Key","DataDisk","Boot","Mercury Hourglass"],"potions_floor_usage":[50,50],"damage_taken":[{"damage":0.0,"enemies":"Cultist","floor":1.0,"turns":4.0},{"damage":0.0,"enemies":"2 Louse","floor":2.0,"turns":2.0},{"damage":0.0,"enemies":"Small Slimes","floor":3.0,"turns":3.0},{"damage":1.0,"enemies":"Looter","floor":4.0,"turns":4.0},{"damage":0.0,"enemies":"3 Louse","floor":5.0,"turns":3.0},{"damage":0.0,"enemies":"3 Sentries","floor":6.0,"turns":7.0},{"damage":0.0,"enemies":"Large Slime","floor":7.0,"turns":3.0},{"damage":0.0,"enemies":"Looter","floor":11.0,"turns":3.0},{"damage":6.0,"enemies":"Lagavulin","floor":13.0,"turns":7.0},{"damage":0.0,"enemies":"The Guardian","floor":16.0,"turns":11.0},{"damage":1.0,"enemies":"Chosen","floor":18.0,"turns":6.0},{"damage":0.0,"enemies":"Spheric Guardian","floor":19.0,"turns":3.0},{"damage":9.0,"enemies":"Snecko","floor":20.0,"turns":6.0},{"damage":1.0,"enemies":"Snake Plant","floor":22.0,"turns":4.0},{"damage":14.0,"enemies":"Book of Stabbing","floor":28.0,"turns":5.0},{"damage":5.0,"enemies":"Sentry and Sphere","floor":29.0,"turns":4.0},{"damage":16.0,"enemies":"Snecko","floor":31.0,"turns":5.0},{"damage":60.0,"enemies":"Champ","floor":33.0,"turns":11.0},{"damage":8.0,"enemies":"Orb Walker","floor":35.0,"turns":5.0},{"damage":0.0,"enemies":"3 Shapes","floor":36.0,"turns":3.0},{"damage":0.0,"enemies":"Sphere and 2 Shapes","floor":38.0,"turns":3.0},{"damage":2.0,"enemies":"Writhing Mass","floor":39.0,"turns":8.0},{"damage":42.0,"enemies":"Giant Head","floor":41.0,"turns":8.0},{"damage":4.0,"enemies":"Nemesis","floor":44.0,"turns":5.0},{"damage":2.0,"enemies":"4 Shapes","floor":45.0,"turns":3.0},{"damage":3,"enemies":"Maw","floor":47,"turns":6},{"damage":5,"enemies":"Spire Growth","floor":48,"turns":5},{"damage":52,"enemies":"Awakened One","floor":50,"turns":13}],"seed_played":"-5255053059832501864","potions_obtained":[{"floor":2.0,"key":"Block Potion"},{"floor":3.0,"key":"SpeedPotion"},{"floor":6.0,"key":"AttackPotion"},{"floor":7.0,"key":"SteroidPotion"},{"floor":16.0,"key":"Dexterity Potion"},{"floor":18.0,"key":"AttackPotion"},{"floor":20.0,"key":"FocusPotion"},{"floor":28.0,"key":"Energy Potion"},{"floor":31.0,"key":"Poison Potion"},{"floor":36.0,"key":"EssenceOfSteel"},{"floor":44.0,"key":"Poison Potion"},{"floor":45,"key":"PowerPotion"}],"is_trial":false,"path_per_floor":["M","M","M","M","M","E","M","$","T","R","M","R","E","?","R","B",null,"M","M","M","$","M","R","?","R","T","R","E","M","R","M","R","B",null,"M","M","?","M","M","R","E","?","T","E","M","R","M","M","R","B",null],"character_chosen":"DEFECT","items_purchased":["Seek","Bag of Preparation","Self Repair"],"campfire_rested":1,"item_purchase_floors":[8,21,21],"current_hp_per_floor":[75,75,75,74,74,74,74,74,74,74,74,74,68,73,73,73,80,79,79,70,70,76,76,76,76,76,76,69,71,71,62,62,9,80,79,79,79,80,80,80,52,52,52,55,53,53,57,59,80,42],"gold":526,"neow_bonus":"TRANSFORM_CARD","is_prod":false,"is_daily":false,"chose_seed":false,"campfire_upgraded":10,"win_rate":0,"timestamp":1562727673,"path_taken":["M","M","?","M","M","E","M","$","T","R","M","R","E","?","R","BOSS","M","M","M","$","M","R","?","R","T","R","E","?","R","?","R","BOSS","M","M","?","M","M","R","E","?","T","E","M","R","M","M","R","BOSS"],"build_version":"2019-07-05","purchased_purges":1,"victory":true,"max_hp_per_floor":[75,75,75,75,75,75,75,75,75,75,75,75,75,80,80,80,80,80,80,80,80,80,80,80,80,80,80,80,80,80,80,80,80,80,80,80,80,80,80,80,80,80,80,80,80,80,80,80,80,80],"card_choices":[{"not_picked":["Rebound","Recycle"],"picked":"Ball Lightning","floor":1.0},{"not_picked":["Hologram","Heatsinks"],"picked":"Chill","floor":2.0},{"not_picked":["Streamline","Redo"],"picked":"Defragment","floor":3.0},{"not_picked":["Coolheaded","Tempest"],"picked":"Chaos","floor":4.0},{"not_picked":["Genetic Algorithm","Go for the Eyes"],"picked":"Leap","floor":5.0},{"not_picked":["Compile Driver","Hello World"],"picked":"Core Surge","floor":6.0},{"not_picked":["Steam","Double Energy"],"picked":"Hologram","floor":7.0},{"not_picked":["Steam Power","Rebound","Heatsinks"],"picked":"SKIP","floor":11.0},{"not_picked":["Thunder Strike","Double Energy"],"picked":"Conserve Battery","floor":13.0},{"not_picked":["Machine Learning","Core Surge"],"picked":"Electrodynamics","floor":16.0},{"not_picked":["Cold Snap","Compile Driver"],"picked":"Conserve Battery","floor":18.0},{"not_picked":["Doom and Gloom","Coolheaded","BootSequence"],"picked":"SKIP","floor":19.0},{"not_picked":["Blizzard","Beam Cell"],"picked":"Redo+1","floor":20.0},{"not_picked":["Turbo","Redo+1","Rebound"],"picked":"SKIP","floor":22.0},{"not_picked":["Heatsinks","Scrape"],"picked":"Reboot","floor":28.0},{"not_picked":["Redo","Storm"],"picked":"Consume","floor":29.0},{"not_picked":["Consume","Turbo"],"picked":"Melter","floor":31.0},{"not_picked":["Creative AI","Rainbow"],"picked":"Echo Form","floor":33.0},{"not_picked":["Force Field","Leap+1"],"picked":"Sweeping Beam+1","floor":35.0},{"not_picked":["Tempest","Steam+1","Redo"],"picked":"SKIP","floor":36.0},{"not_picked":["Magnetism","Forethought"],"picked":"Dark Shackles","floor":37.0},{"not_picked":["Chill","Capacitor+1"],"picked":"Ball Lightning","floor":38.0},{"not_picked":["Coolheaded+1","Leap","White Noise"],"picked":"SKIP","floor":39.0},{"not_picked":["Sweeping Beam","Redo"],"picked":"Barrage+1","floor":41.0},{"not_picked":["Chill+1","Fusion"],"picked":"Conserve Battery+1","floor":44.0},{"not_picked":["Electrodynamics","Reinforced Body","Ball Lightning"],"picked":"SKIP","floor":45},{"not_picked":["Heatsinks","Fusion"],"picked":"Force Field+1","floor":47},{"not_picked":["Gash+1","Leap+1","Rebound+1"],"picked":"SKIP","floor":48}],"player_experience":319625,"relics_obtained":[{"floor":6.0,"key":"Blue Candle"},{"floor":9.0,"key":"Sundial"},{"floor":13.0,"key":"PreservedInsect"},{"floor":26.0,"key":"Centennial Puzzle"},{"floor":28.0,"key":"Du-Vu Doll"},{"floor":41.0,"key":"DataDisk"},{"floor":43.0,"key":"Boot"},{"floor":44.0,"key":"Mercury Hourglass"}],"event_choices":[{"damage_healed":0.0,"max_hp_gain":5.0,"max_hp_loss":0.0,"gold_gain":0.0,"event_name":"Big Fish","player_choice":"Donut","floor":14.0,"gold_loss":0.0,"damage_taken":0.0},{"damage_healed":0.0,"max_hp_gain":0.0,"max_hp_loss":0.0,"gold_gain":100.0,"event_name":"Golden Shrine","player_choice":"Pray","floor":24.0,"gold_loss":0.0,"damage_taken":0.0},{"damage_healed":0.0,"max_hp_gain":0.0,"max_hp_loss":0.0,"gold_gain":0.0,"event_name":"SensoryStone","player_choice":"Memory 1","floor":37.0,"gold_loss":0.0,"damage_taken":0.0},{"damage_healed":0.0,"max_hp_gain":0.0,"max_hp_loss":0.0,"gold_gain":0.0,"event_name":"Mysterious Sphere","player_choice":"Ignored","floor":42.0,"gold_loss":0.0,"damage_taken":0.0}],"is_beta":false,"boss_relics":[{"not_picked":["Black Star","Runic Pyramid"],"picked":"Inserter"},{"not_picked":["FrozenCore","Snecko Eye"],"picked":"Cursed Key"}],"items_purged_floors":[21],"is_endless":false,"potions_floor_spawned":[2,3,6,7,13,16,18,20,28,31,36,38,44,45],"ascension_level":4}