{"gold_per_floor":[115,115,133,148,2,45,45,86,86,86,86,86,106,106,106,236,236,252,276,299,314,66,66,79,79,133,48,48,48,63,82,82,82],"floor_reached":33,"playtime":915,"items_purged":[],"score":282,"play_id":"b38c314a-cae4-460d-bf84-b2495faac7b5","local_time":"20181003053129","is_ascension_mode":false,"campfire_choices":[{"floor":7,"key":"REST"},{"data":"Bash","floor":10,"key":"SMITH"},{"floor":15,"key":"REST"},{"data":"Thunderclap","floor":23,"key":"SMITH"},{"floor":25,"key":"REST"},{"data":"Cleave","floor":29,"key":"SMITH"},{"data":"Twin Strike","floor":32,"key":"SMITH"}],"neow_cost":"","seed_source_timestamp":17749571578067,"circlet_count":0,"master_deck":["Defend_R","Defend_R","Defend_R+1","Defend_R+1","Bash+1","Twin Strike+1","Cleave+1","Thunderclap+1","Bite+1","Bite+1","Bite+1","Bite+1","Bite+1"],"relics":["Burning Blood","Golden Idol","Orichalcum","Gremlin Horn","Du-Vu Doll","WingedGreaves","Bottled Flame","Busted Crown","Molten Egg 2","Art of War","Prayer Wheel"],"potions_floor_usage":[16,16,20,33,33],"damage_taken":[{"damage":12,"enemies":"2 Louse","floor":1,"turns":4},{"damage":15,"enemies":"Jaw Worm","floor":3,"turns":5},{"damage":3,"enemies":"Small Slimes","floor":4,"turns":3},{"damage":36,"enemies":"Lagavulin","floor":6,"turns":6},{"damage":18,"enemies":"Gremlin Nob","floor":8,"turns":5},{"damage":0,"enemies":"Gremlin Gang","floor":13,"turns":3},{"damage":50,"enemies":"Slime Boss","floor":16,"turns":12},{"damage":12,"enemies":"Shell Parasite","floor":18,"turns":5},{"damage":21,"enemies":"Spheric Guardian","floor":19,"turns":4},{"damage":10,"enemies":"Chosen and Byrds","floor":20,"turns":5},{"damage":35,"enemies":"Snake Plant","floor":21,"turns":5},{"damage":16,"enemies":"Centurion and Healer","floor":24,"turns":5},{"damage":4,"enemies":"Cultist and Chosen","floor":30,"turns":5},{"damage":29,"enemies":"Shelled Parasite and Fungi","floor":31,"turns":4},{"damage":108,"enemies":"Champ","floor":33,"turns":11}],"seed_played":"1772481053495719275","potions_obtained":[{"floor":6,"key":"BloodPotion"},{"floor":13,"key":"Explosive Potion"},{"floor":18,"key":"Swift Potion"},{"floor":19,"key":"Poison Potion"},{"floor":30,"key":"SpeedPotion"}],"is_trial":false,"path_per_floor":["M","?","M","M","$","E","R","E","T","R","?","?","M","T","R","B",null,"M","M","M","M","$","R","M","R","T","?","?","R","M","M","R"],"character_chosen":"IRONCLAD","items_purchased":["Orichalcum","Molten Egg 2"],"campfire_rested":3,"item_purchase_floors":[5,22],"current_hp_per_floor":[74,54,45,48,48,18,42,30,30,30,14,14,20,20,44,8,80,74,59,55,26,26,26,16,40,40,40,40,40,56,53,53,0],"gold":82,"neow_bonus":"","is_prod":false,"is_daily":false,"chose_seed":false,"campfire_upgraded":4,"win_rate":0,"timestamp":1538533889,"path_taken":["M","?","M","M","$","E","R","E","T","R","?","?","?","?","R","BOSS","M","M","M","M","$","R","M","R","T","?","?","R","M","M","R","BOSS"],"build_version":"2018-09-27","purchased_purges":0,"victory":false,"max_hp_per_floor":[80,80,80,80,80,80,80,80,80,80,80,80,80,80,80,80,80,80,80,80,80,80,80,80,80,80,80,56,56,56,56,56,56],"card_choices":[{"not_picked":["Flex","Wild Strike","Thunderclap"],"picked":"SKIP","floor":1},{"not_picked":["Carnage","Anger"],"picked":"Twin Strike","floor":3},{"not_picked":["Pommel Strike","Hemokinesis","Wild Strike"],"picked":"SKIP","floor":4},{"not_picked":["Clash","Shrug It Off","Entrench"],"picked":"SKIP","floor":6},{"not_picked":["Impervious","Flame Barrier"],"picked":"Cleave","floor":8},{"not_picked":["Anger","Shrug It Off"],"picked":"Thunderclap","floor":13},{"not_picked":["Sword Boomerang"],"picked":"SKIP","floor":18},{"not_picked":["Body Slam"],"picked":"SKIP","floor":19},{"not_picked":["Wild Strike+1"],"picked":"SKIP","floor":20},{"not_picked":["Thunderclap"],"picked":"SKIP","floor":21},{"not_picked":["Corruption+1"],"picked":"SKIP","floor":24},{"not_picked":["Heavy Blade+1"],"picked":"SKIP","floor":30},{"not_picked":["Wild Strike+1"],"picked":"SKIP","floor":30},{"not_picked":["Warcry"],"picked":"SKIP","floor":31},{"not_picked":["Headbutt+1"],"picked":"SKIP","floor":31}],"player_experience":355486,"relics_obtained":[{"floor":6,"key":"Gremlin Horn"},{"floor":8,"key":"Du-Vu Doll"},{"floor":9,"key":"WingedGreaves"},{"floor":14,"key":"Bottled Flame"},{"floor":26,"key":"Art of War"}],"event_choices":[{"event_name":"Golden Idol","player_choice":"Take Damage","floor":2,"damage_taken":0},{"event_name":"Shining Light","player_choice":"Entered Light","floor":11,"damage_taken":0},{"event_name":"Bonfire Elementals","player_choice":"BASIC","floor":12,"damage_taken":0},{"event_name":"Addict","player_choice":"Obtained Relic","floor":27,"damage_taken":0},{"event_name":"Vampires","player_choice":"Became a vampire","floor":28,"damage_taken":0}],"is_beta":false,"boss_relics":[{"not_picked":["Mark of Pain","Astrolabe"],"picked":"Busted Crown"}],"items_purged_floors":[],"is_endless":false,"potions_floor_spawned":[6,13,18,19,30],"killed_by":"Champ","ascension_level":0}