{"gold_per_floor":[119,134,152,152,169,200,200,234,309,309,336,336,336,370,370,470,470,488,507,232,252,96,96,124,94,163,163,181,181,57,21,21,117,117,130,149,164,178,178,178,196,196,223,242,271,285,285,301,301,301,301,301,25,58,58],"floor_reached":55,"playtime":17550,"items_purged":["Defend_R","Defend_R","Strike_R"],"score":833,"play_id":"24dabe5c-c207-47fc-ba8c-3785404c8d3e","local_time":"20190703212036","is_ascension_mode":true,"campfire_choices":[{"floor":7,"key":"DIG"},{"floor":10,"key":"DIG"},{"floor":15,"key":"DIG"},{"floor":23,"key":"DIG"},{"floor":27,"key":"DIG"},{"floor":29,"key":"DIG"},{"floor":32,"key":"DIG"},{"floor":40,"key":"DIG"},{"floor":42,"key":"RECALL"},{"floor":47,"key":"DIG"},{"floor":49,"key":"DIG"},{"floor":52,"key":"DIG"}],"neow_cost":"NONE","seed_source_timestamp":25019232395979,"circlet_count":0,"master_deck":["Strike_R","Strike_R","Strike_R+1","Strike_R","Defend_R","Defend_R","Bash","Rampage","Combust+1","Clash","Warcry","Blood for Blood","Reaper","Clash","Brutality","Seeing Red","Inflame","Metamorphosis+1","Sever Soul+1","Warcry+1","Perfected Strike","Fire Breathing","Double Tap","Infernal Blade+1","Rage+1","Clothesline","Inflame","Madness","Double Tap","Blood for Blood"],"relics":["Burning Blood","FossilizedHelix","Shovel","Ancient Tea Set","Centennial Puzzle","Meat on the Bone","Magic Flower","Happy Flower","Pear","Turnip","Boot","Eternal Feather","Lantern","Juzu Bracelet","Ornamental Fan","Shuriken","Dodecahedron","Red Skull","Nunchaku","Lizard Tail","War Paint","Pen Nib","Gremlin Horn","Pantograph","Bottled Tornado","Bag of Marbles","Paper Frog"],"potions_floor_usage":[11,14,14,46,46,48,54],"damage_taken":[{"damage":6,"enemies":"Jaw Worm","floor":1,"turns":3},{"damage":4,"enemies":"Small Slimes","floor":2,"turns":3},{"damage":1,"enemies":"Cultist","floor":3,"turns":3},{"damage":16,"enemies":"Exordium Wildlife","floor":5,"turns":4},{"damage":25,"enemies":"3 Sentries","floor":6,"turns":6},{"damage":6,"enemies":"Gremlin Nob","floor":8,"turns":4},{"damage":16,"enemies":"Lagavulin","floor":11,"turns":5},{"damage":6,"enemies":"3 Sentries","floor":14,"turns":4},{"damage":51,"enemies":"The Guardian","floor":16,"turns":7},{"damage":18,"enemies":"Chosen","floor":18,"turns":5},{"damage":13,"enemies":"Spheric Guardian","floor":19,"turns":4},{"damage":41,"enemies":"Shelled Parasite and Fungi","floor":21,"turns":5},{"damage":56,"enemies":"Book of Stabbing","floor":24,"turns":5},{"damage":2,"enemies":"Chosen and Byrds","floor":28,"turns":3},{"damage":61,"enemies":"Collector","floor":33,"turns":7},{"damage":23,"enemies":"3 Shapes","floor":35,"turns":3},{"damage":27,"enemies":"3 Darklings","floor":36,"turns":5},{"damage":16,"enemies":"Spire Growth","floor":37,"turns":4},{"damage":59,"enemies":"Writhing Mass","floor":38,"turns":4},{"damage":8,"enemies":"4 Shapes","floor":41,"turns":4},{"damage":53,"enemies":"3 Darklings","floor":44,"turns":4},{"damage":81,"enemies":"Nemesis","floor":45,"turns":7},{"damage":26,"enemies":"Transient","floor":46,"turns":5},{"damage":44,"enemies":"Spire Growth","floor":48,"turns":4},{"damage":163,"enemies":"Awakened One","floor":50,"turns":9},{"damage":31,"enemies":"Shield and Spear","floor":54,"turns":5},{"damage":140,"enemies":"The Heart","floor":55,"turns":6}],"seed_played":"1334094952191701775","potions_obtained":[{"floor":1,"key":"LiquidBronze"},{"floor":3,"key":"EssenceOfSteel"},{"floor":8,"key":"Explosive Potion"},{"floor":11,"key":"FearPotion"},{"floor":18,"key":"Fire Potion"},{"floor":25,"key":"Regen Potion"},{"floor":25,"key":"EntropicBrew"},{"floor":36,"key":"AttackPotion"}],"is_trial":false,"path_per_floor":["M","M","M","?","M","E","R","E","T","R","E","?","T","E","R","B",null,"M","M","$","M","$","R","E","?","T","R","M","R","$","$","R","B",null,"M","M","M","M","?","R","M","R","T","M","E","M","R","M","R","B",null,"R","$","E","B"],"character_chosen":"IRONCLAD","items_purchased":["Inflame","Metamorphosis","Lantern","Perfected Strike","Fire Breathing","Bag of Marbles"],"campfire_rested":0,"item_purchase_floors":[20,20,22,30,31,53],"current_hp_per_floor":[88,88,88,70,60,41,41,41,41,41,52,34,44,65,65,49,98,89,85,85,71,71,83,54,54,54,66,88,98,98,98,98,63,98,84,69,74,42,42,60,72,90,90,87,33,70,88,71,89,61,98,98,98,90,0],"gold":58,"neow_bonus":"TEN_PERCENT_HP_BONUS","is_prod":false,"is_daily":false,"chose_seed":false,"campfire_upgraded":0,"win_rate":0,"timestamp":1562206836,"path_taken":["M","M","M","?","M","E","R","E","T","R","E","?","?","E","R","BOSS","M","M","$","M","$","R","E","?","T","R","M","R","?","$","R","BOSS","M","M","M","M","?","R","M","R","T","M","E","M","R","M","R","BOSS","R","$","E","BOSS"],"build_version":"2019-07-01","purchased_purges":3,"victory":false,"max_hp_per_floor":[88,88,88,88,88,88,88,88,88,88,88,88,98,98,98,98,98,98,98,98,98,98,98,98,98,98,98,98,98,98,98,98,98,98,98,98,98,98,98,98,98,98,98,98,98,98,98,98,98,98,98,98,98,98,98],"card_choices":[{"not_picked":["Combust","Anger"],"picked":"Rampage","floor":1},{"not_picked":["Sword Boomerang","Perfected Strike"],"picked":"Combust","floor":2},{"not_picked":["Spot Weakness","Shrug It Off"],"picked":"Clash","floor":3},{"not_picked":["Sword Boomerang","Evolve"],"picked":"Warcry","floor":5},{"not_picked":["Burning Pact","Thunderclap","Disarm"],"picked":"SKIP","floor":6},{"not_picked":["Entrench","True Grit"],"picked":"Blood for Blood","floor":8},{"not_picked":["Evolve","Ghostly Armor"],"picked":"Reaper","floor":11},{"not_picked":["Combust","Iron Wave"],"picked":"Clash","floor":14},{"not_picked":["Limit Break","Dark Embrace"],"picked":"Brutality","floor":16},{"not_picked":["Heavy Blade","Pommel Strike","Perfected Strike"],"picked":"SKIP","floor":18},{"not_picked":["Body Slam","Twin Strike"],"picked":"Seeing Red","floor":19},{"not_picked":["Rupture","Evolve"],"picked":"Sever Soul+1","floor":21},{"not_picked":["Reckless Charge","Heavy Blade"],"picked":"Warcry+1","floor":24},{"not_picked":["Shrug It Off","Cleave","Anger"],"picked":"SKIP","floor":28},{"not_picked":["Limit Break","Impervious"],"picked":"Double Tap","floor":33},{"not_picked":["Reckless Charge+1","Body Slam"],"picked":"Infernal Blade+1","floor":35},{"not_picked":["Wild Strike","Infernal Blade"],"picked":"Rage","floor":36},{"not_picked":["Flex+1","Entrench"],"picked":"Clothesline","floor":37},{"not_picked":["Warcry","Intimidate+1"],"picked":"Inflame","floor":38},{"not_picked":["Armaments+1","Flame Barrier+1","Wild Strike+1"],"picked":"SKIP","floor":41},{"not_picked":["Shockwave","Flex+1","Corruption+1"],"picked":"SKIP","floor":44},{"not_picked":["Corruption","Barricade","Burning Pact+1"],"picked":"SKIP","floor":45},{"not_picked":["Clothesline+1","Anger+1"],"picked":"Blood for Blood","floor":46},{"not_picked":["Body Slam","Sword Boomerang+1","Iron Wave"],"picked":"SKIP","floor":48},{"not_picked":["Entrench+1","Sword Boomerang","Reckless Charge+1"],"picked":"SKIP","floor":54}],"player_experience":192501,"relics_obtained":[{"floor":6,"key":"Shovel"},{"floor":7,"key":"Ancient Tea Set"},{"floor":8,"key":"Centennial Puzzle"},{"floor":9,"key":"Meat on the Bone"},{"floor":10,"key":"Magic Flower"},{"floor":11,"key":"Happy Flower"},{"floor":13,"key":"Pear"},{"floor":14,"key":"Turnip"},{"floor":15,"key":"Boot"},{"floor":23,"key":"Juzu Bracelet"},{"floor":24,"key":"Ornamental Fan"},{"floor":26,"key":"Shuriken"},{"floor":27,"key":"Dodecahedron"},{"floor":29,"key":"Red Skull"},{"floor":32,"key":"Nunchaku"},{"floor":40,"key":"War Paint"},{"floor":45,"key":"Pen Nib"},{"floor":47,"key":"Gremlin Horn"},{"floor":49,"key":"Pantograph"},{"floor":52,"key":"Bottled Tornado"},{"floor":54,"key":"Paper Frog"}],"event_choices":[{"damage_healed":0,"gold_gain":0,"player_choice":"Success","damage_taken":18,"relics_obtained":["FossilizedHelix"],"max_hp_gain":0,"max_hp_loss":0,"event_name":"Scrap Ooze","floor":4,"gold_loss":0},{"damage_healed":0,"gold_gain":0,"player_choice":"Entered Light","damage_taken":18,"max_hp_gain":0,"max_hp_loss":0,"event_name":"Shining Light","floor":12,"gold_loss":0,"cards_upgraded":["Strike_R","Combust"]},{"damage_healed":0,"gold_gain":0,"player_choice":"Bought 2 Potions","damage_taken":0,"max_hp_gain":0,"max_hp_loss":0,"event_name":"The Woman in Blue","floor":25,"gold_loss":0},{"damage_healed":0,"gold_gain":0,"player_choice":"2 cards matched","damage_taken":0,"max_hp_gain":0,"max_hp_loss":0,"event_name":"Match and Keep!","floor":39,"gold_loss":0,"cards_obtained":["Madness","Double Tap"]},{"damage_healed":0,"gold_gain":0,"player_choice":"2 cards matched","damage_taken":0,"max_hp_gain":0,"max_hp_loss":0,"event_name":"Match and Keep!","floor":39,"gold_loss":0,"cards_obtained":["Madness","Double Tap"]}],"is_beta":false,"boss_relics":[{"not_picked":["Calling Bell","Snecko Eye"],"picked":"Eternal Feather"},{"not_picked":["Empty Cage","White Beast Statue"],"picked":"Lizard Tail"}],"items_purged_floors":[20,30,53],"is_endless":false,"potions_floor_spawned":[1,3,8,11,18,33,36,41,44,45],"killed_by":"The Heart","ascension_level":1}