{"gold_per_floor":[119,135,152,227,227,257,257,272,345,345,364,289,299,333,333,432,432,444,344,355,230,241,241,274,274,274,305,230,259,259,275,275,376,376,387,38,38,92,4,32,32,64,64,79,19,19,34,34,34,34],"floor_reached":51,"playtime":11743,"items_purged":["Strike_R","Strike_R","Strike_R","Clumsy","Strike_R"],"score":995,"play_id":"bcb0db0f-f2ed-4aca-8e72-044b941e3c1f","local_time":"20190727192846","is_ascension_mode":true,"campfire_choices":[{"floor":7.0,"key":"REST"},{"data":"Armaments","floor":10.0,"key":"SMITH"},{"data":"Body Slam","floor":15.0,"key":"SMITH"},{"floor":23.0,"key":"REST"},{"floor":25.0,"key":"REST"},{"floor":30.0,"key":"REST"},{"data":"Dark Embrace","floor":32.0,"key":"SMITH"},{"floor":41,"key":"REST"},{"data":"Metallicize","floor":46,"key":"SMITH"},{"data":"Juggernaut","floor":49,"key":"SMITH"}],"neow_cost":"TEN_PERCENT_HP_LOSS","seed_source_timestamp":17552448111883,"circlet_count":0,"master_deck":["Defend_R+1","Defend_R","Defend_R+1","Defend_R","Bash","Impervious","Armaments+1","Warcry","Shrug It Off","Metallicize+1","Body Slam+1","Dark Embrace+1","Warcry","Iron Wave","Feel No Pain","Entrench+1","Shrug It Off+1","Ghostly Armor","Juggernaut+1","Shockwave","Entrench+1"],"special_seed":0,"relics":["Burning Blood","FaceOfCleric","Dead Branch","Kunai","Potion Belt","Cursed Key","Calipers","Meat on the Bone","Bottled Tornado","War Paint","Velvet Choker","Membership Card","Omamori","Pocketwatch","Centennial Puzzle","Boot","The Courier"],"potions_floor_usage":[50,50],"damage_taken":[{"damage":0.0,"enemies":"2 Louse","floor":1.0,"turns":3.0},{"damage":0.0,"enemies":"Small Slimes","floor":2.0,"turns":4.0},{"damage":1.0,"enemies":"Cultist","floor":3.0,"turns":4.0},{"damage":45.0,"enemies":"3 Sentries","floor":6.0,"turns":13.0},{"damage":13.0,"enemies":"Red Slaver","floor":8.0,"turns":4.0},{"damage":0.0,"enemies":"2 Fungi Beasts","floor":11.0,"turns":6.0},{"damage":0.0,"enemies":"Exordium Wildlife","floor":13.0,"turns":8.0},{"damage":15.0,"enemies":"Lagavulin","floor":14.0,"turns":10.0},{"damage":16.0,"enemies":"Slime Boss","floor":16.0,"turns":13.0},{"damage":20.0,"enemies":"2 Thieves","floor":18.0,"turns":4.0},{"damage":0.0,"enemies":"Shell Parasite","floor":20.0,"turns":4.0},{"damage":15.0,"enemies":"Centurion and Healer","floor":22.0,"turns":8.0},{"damage":44.0,"enemies":"Book of Stabbing","floor":24.0,"turns":7.0},{"damage":21.0,"enemies":"Slavers","floor":27.0,"turns":6.0},{"damage":49.0,"enemies":"Gremlin Leader","floor":29.0,"turns":10.0},{"damage":1.0,"enemies":"Cultist and Chosen","floor":31.0,"turns":8.0},{"damage":16.0,"enemies":"Automaton","floor":33.0,"turns":15.0},{"damage":0.0,"enemies":"Orb Walker","floor":35.0,"turns":3.0},{"damage":43.0,"enemies":"2 Orb Walkers","floor":38.0,"turns":7.0},{"damage":0,"enemies":"Nemesis","floor":40,"turns":8},{"damage":0,"enemies":"Giant Head","floor":42,"turns":8},{"damage":12,"enemies":"3 Shapes","floor":44,"turns":4},{"damage":6,"enemies":"Writhing Mass","floor":47,"turns":8},{"damage":9,"enemies":"Awakened One","floor":50,"turns":11}],"seed_played":"-4935066770973343825","potions_obtained":[{"floor":1.0,"key":"Strength Potion"},{"floor":8.0,"key":"Ancient Potion"},{"floor":16.0,"key":"SteroidPotion"},{"floor":20.0,"key":"Fire Potion"},{"floor":24.0,"key":"BloodPotion"},{"floor":33.0,"key":"EssenceOfSteel"},{"floor":42,"key":"Ancient Potion"},{"floor":44,"key":"Energy Potion"}],"is_trial":false,"path_per_floor":["M","M","M","?","?","E","R","M","T","R","M","$","M","E","R","B",null,"M","$","M","$","M","R","E","R","T","E","?","E","R","M","R","B",null,"M","$","?","?","$","E","R","E","T","M","$","R","M","?","R","B",null],"character_chosen":"IRONCLAD","items_purchased":["Membership Card","Omamori","Weak Potion","Fire Potion","Explosive Potion"],"campfire_rested":5,"item_purchase_floors":[36,36,45,45,45],"current_hp_per_floor":[72,72,72,61,61,23,44,38,38,38,45,45,52,44,44,35,67,54,54,61,61,53,77,40,64,64,50,50,40,65,71,71,62,80,87,87,87,51,51,58,84,90,90,85,85,85,86,86,86,84],"gold":34,"neow_bonus":"THREE_RARE_CARDS","is_prod":false,"is_daily":false,"chose_seed":false,"campfire_upgraded":5,"win_rate":0,"timestamp":1564273726,"path_taken":["M","M","M","?","?","E","R","M","T","R","?","?","M","E","R","BOSS","M","$","M","$","M","R","E","R","T","E","?","E","R","M","R","BOSS","M","$","?","?","?","E","R","E","T","M","$","R","?","?","R","BOSS"],"build_version":"2019-07-17","purchased_purges":5,"victory":true,"max_hp_per_floor":[72,72,72,72,72,73,73,74,74,74,75,75,76,77,77,78,78,79,79,80,80,81,81,82,82,82,83,83,84,84,85,85,86,86,87,87,87,88,88,89,89,90,90,91,91,91,92,92,92,93],"card_choices":[{"not_picked":["Fiend Fire","Immolate"],"picked":"Impervious","floor":0.0},{"not_picked":["Dual Wield","Anger"],"picked":"Iron Wave","floor":1.0},{"not_picked":["Bloodletting","Heavy Blade"],"picked":"Armaments","floor":2.0},{"not_picked":["Heavy Blade","Pummel"],"picked":"Warcry","floor":3.0},{"not_picked":["Brutality","Heavy Blade"],"picked":"Shrug It Off","floor":6.0},{"not_picked":["Warcry","Bloodletting"],"picked":"Metallicize","floor":8.0},{"not_picked":["Armaments","Sentinel","Headbutt"],"picked":"SKIP","floor":11.0},{"not_picked":["Searing Blow","Headbutt"],"picked":"Body Slam","floor":13.0},{"not_picked":["Hemokinesis","Havoc","Clash"],"picked":"SKIP","floor":14.0},{"not_picked":["Demon Form","Reaper"],"picked":"Dark Embrace","floor":16.0},{"not_picked":["Perfected Strike","Metallicize"],"picked":"Warcry","floor":18.0},{"not_picked":["Headbutt","Cleave"],"picked":"Iron Wave","floor":20.0},{"not_picked":["Fire Breathing","Twin Strike"],"picked":"Feel No Pain","floor":22.0},{"not_picked":["Headbutt","Demon Form"],"picked":"Entrench+1","floor":24.0},{"not_picked":["Whirlwind","Heavy Blade","Warcry"],"picked":"SKIP","floor":27.0},{"not_picked":["Clash+1","Havoc"],"picked":"Shrug It Off+1","floor":29.0},{"not_picked":["Warcry","Perfected Strike"],"picked":"Ghostly Armor","floor":31.0},{"not_picked":["Bludgeon","Barricade"],"picked":"Juggernaut","floor":33.0},{"not_picked":["Evolve","Second Wind","Armaments+1"],"picked":"SKIP","floor":35.0},{"not_picked":["Anger+1","Warcry","Double Tap"],"picked":"SKIP","floor":40},{"not_picked":["Anger+1","Warcry","Double Tap"],"picked":"SKIP","floor":40},{"not_picked":["Pommel Strike","Havoc","Second Wind"],"picked":"SKIP","floor":42},{"not_picked":["Battle Trance","Havoc+1"],"picked":"Shockwave","floor":47}],"player_experience":715506,"relics_obtained":[{"floor":6.0,"key":"Dead Branch"},{"floor":9.0,"key":"Kunai"},{"floor":14.0,"key":"Potion Belt"},{"floor":24.0,"key":"Calipers"},{"floor":26.0,"key":"Meat on the Bone"},{"floor":27.0,"key":"Bottled Tornado"},{"floor":29.0,"key":"War Paint"},{"floor":38.0,"key":"Pocketwatch"},{"floor":40,"key":"Centennial Puzzle"},{"floor":42,"key":"Boot"},{"floor":43,"key":"The Courier"}],"event_choices":[{"damage_healed":0.0,"max_hp_gain":0.0,"max_hp_loss":0.0,"gold_gain":75.0,"event_name":"World of Goop","player_choice":"Gather Gold","floor":4.0,"gold_loss":0.0,"damage_taken":11.0},{"damage_healed":0.0,"max_hp_gain":0.0,"max_hp_loss":0.0,"gold_gain":0.0,"event_name":"FaceTrader","player_choice":"Trade","floor":5.0,"gold_loss":0.0,"damage_taken":0.0,"relics_obtained":["FaceOfCleric"]},{"cards_removed":["Strike_R"],"damage_healed":0.0,"max_hp_gain":0.0,"max_hp_loss":0.0,"gold_gain":0.0,"event_name":"Beggar","player_choice":"Gave Gold","floor":28.0,"gold_loss":75.0,"damage_taken":0.0},{"cards_removed":["Iron Wave"],"damage_healed":0.0,"max_hp_gain":0.0,"max_hp_loss":0.0,"gold_gain":0.0,"event_name":"Falling","player_choice":"Removed Attack","floor":37.0,"gold_loss":0.0,"damage_taken":0.0},{"damage_healed":0.0,"max_hp_gain":0.0,"max_hp_loss":0.0,"gold_gain":0.0,"event_name":"Mysterious Sphere","player_choice":"Fight","floor":38.0,"gold_loss":0.0,"damage_taken":0.0},{"damage_healed":0,"gold_gain":0,"player_choice":"Copied","damage_taken":0,"max_hp_gain":0,"max_hp_loss":0,"event_name":"Duplicator","floor":48,"gold_loss":0,"cards_obtained":["Entrench"]}],"is_beta":false,"boss_relics":[{"not_picked":["White Beast Statue","Orrery"],"picked":"Cursed Key"},{"not_picked":["Runic Cube","Black Blood"],"picked":"Velvet Choker"}],"items_purged_floors":[12,19,21,36,39],"is_endless":false,"potions_floor_spawned":[1,8,16,20,24,33,42,44],"ascension_level":5}