{"gold_per_floor":[111,126,145,162,162,162,176,191,191,226,226,251,251,251,251,351,351,365,85,104,104,121,121,139,139,165,165],"floor_reached":27,"playtime":602,"items_purged":["Strike_R"],"score":225,"play_id":"20ad53a1-2721-49af-9814-c5e3caa298af","local_time":"20181110130938","is_ascension_mode":false,"campfire_choices":[{"data":"Armaments","floor":6,"key":"SMITH"},{"data":"Limit Break","floor":11,"key":"SMITH"},{"floor":13,"key":"REST"},{"data":"Bash","floor":15,"key":"SMITH"},{"floor":23,"key":"REST"}],"neow_cost":"NONE","seed_source_timestamp":183946582956823,"circlet_count":0,"master_deck":["Strike_R","Strike_R","Strike_R","Strike_R","Defend_R","Defend_R","Defend_R","Defend_R","Bash+1","Armaments+1","Limit Break+1","Demon Form+1","Sword Boomerang","Limit Break+1"],"relics":["Burning Blood","Magic Flower","Centennial Puzzle","Frozen Egg 2","Eternal Feather","Nloth\u0027s Gift","Oddly Smooth Stone"],"potions_floor_usage":[12,12,16,24,27],"damage_taken":[{"damage":7,"enemies":"Cultist","floor":1,"turns":4},{"damage":3,"enemies":"Jaw Worm","floor":2,"turns":4},{"damage":1,"enemies":"2 Louse","floor":3,"turns":2},{"damage":9,"enemies":"Large Slime","floor":4,"turns":5},{"damage":0,"enemies":"Exordium Wildlife","floor":7,"turns":1},{"damage":10,"enemies":"Looter","floor":8,"turns":4},{"damage":32,"enemies":"3 Sentries","floor":10,"turns":5},{"damage":23,"enemies":"Lagavulin","floor":12,"turns":5},{"damage":46,"enemies":"The Guardian","floor":16,"turns":7},{"damage":34,"enemies":"2 Thieves","floor":18,"turns":5},{"damage":27,"enemies":"Shell Parasite","floor":20,"turns":6},{"damage":33,"enemies":"Shelled Parasite and Fungi","floor":22,"turns":4},{"damage":31,"enemies":"3 Cultists","floor":24,"turns":4},{"damage":22,"enemies":"Snake Plant","floor":27,"turns":4}],"seed_played":"-5167790333239633002","potions_obtained":[{"floor":2,"key":"SpeedPotion"},{"floor":4,"key":"Weak Potion"},{"floor":8,"key":"Strength Potion"},{"floor":12,"key":"PowerPotion"},{"floor":18,"key":"Explosive Potion"},{"floor":24,"key":"Weak Potion"}],"is_trial":false,"path_per_floor":["M","M","M","M","$","R","M","M","T","E","R","E","R","?","R","B",null,"M","$","M","$","M","R","M","?","T","M"],"character_chosen":"IRONCLAD","items_purchased":["DollysMirror"],"campfire_rested":2,"item_purchase_floors":[19],"current_hp_per_floor":[79,80,80,77,77,77,80,76,76,53,53,39,63,63,63,26,80,55,55,37,37,13,43,21,21,21,0],"gold":165,"neow_bonus":"ONE_RANDOM_RARE_CARD","is_prod":false,"is_daily":false,"chose_seed":false,"campfire_upgraded":3,"win_rate":0,"timestamp":1541848178,"path_taken":["M","M","M","M","$","R","?","M","T","E","R","E","R","?","R","BOSS","M","$","M","$","M","R","M","?","T","M"],"build_version":"2018-11-08","purchased_purges":1,"victory":false,"max_hp_per_floor":[80,80,80,80,80,80,80,80,80,80,80,80,80,80,80,80,80,80,80,80,80,80,80,80,80,80,80],"card_choices":[{"not_picked":["Wild Strike","Flex","Clothesline"],"picked":"SKIP","floor":1},{"not_picked":["Sever Soul","Hemokinesis"],"picked":"Armaments","floor":2},{"not_picked":["Cleave","Heavy Blade","Immolate"],"picked":"SKIP","floor":3},{"not_picked":["Flex","Twin Strike","Feel No Pain"],"picked":"SKIP","floor":4},{"not_picked":["Seeing Red","Clothesline","Anger"],"picked":"SKIP","floor":7},{"not_picked":["Metallicize","Clothesline","True Grit"],"picked":"SKIP","floor":8},{"not_picked":["Wild Strike","Anger"],"picked":"Limit Break","floor":10},{"not_picked":["Heavy Blade","Twin Strike","Perfected Strike"],"picked":"SKIP","floor":12},{"not_picked":["Offering","Brutality+1"],"picked":"Demon Form+1","floor":16},{"not_picked":["Dual Wield","Twin Strike"],"picked":"Sword Boomerang","floor":18},{"not_picked":["Thunderclap+1","Twin Strike","Perfected Strike"],"picked":"SKIP","floor":20},{"not_picked":["Clash+1","Power Through","Havoc"],"picked":"SKIP","floor":22},{"not_picked":["Wild Strike","Corruption+1","Flex"],"picked":"SKIP","floor":24}],"player_experience":453857,"relics_obtained":[{"floor":9,"key":"Magic Flower"},{"floor":10,"key":"Centennial Puzzle"},{"floor":12,"key":"Frozen Egg 2"},{"floor":26,"key":"Oddly Smooth Stone"}],"event_choices":[{"cards_removed":["Immolate"],"damage_healed":0,"gold_gain":0,"player_choice":"Purged","damage_taken":0,"max_hp_gain":0,"max_hp_loss":0,"event_name":"Purifier","floor":14,"gold_loss":0},{"damage_healed":0,"gold_gain":0,"player_choice":"Traded Relic","damage_taken":0,"relics_obtained":["Nloth\u0027s Gift"],"max_hp_gain":0,"max_hp_loss":0,"event_name":"N\u0027loth","floor":25,"relics_lost":["DollysMirror"],"gold_loss":0}],"is_beta":false,"boss_relics":[{"not_picked":["Calling Bell","Runic Cube"],"picked":"Eternal Feather"}],"items_purged_floors":[19],"is_endless":false,"potions_floor_spawned":[2,4,8,12,18,24],"killed_by":"Snake Plant","ascension_level":0}