{"gold_per_floor":[216,227,242,4,4,4,4,4,57,69,102,102,133,58,58,162,162,182,14,25,25,25,52,52,52,52,52,151,167,198,198,198,294,294,308,308,318,335,354,382,382,482,482,482,513,29,29,29,29,29],"floor_reached":51,"playtime":2105,"items_purged":["Bash"],"score":834,"play_id":"58e48b20-ab53-414d-af4f-a2f7de863291","local_time":"20190126080305","is_ascension_mode":true,"campfire_choices":[{"data":"Shockwave","floor":6,"key":"SMITH"},{"data":"Wild Strike","floor":8,"key":"SMITH"},{"data":"Perfected Strike","floor":15,"key":"SMITH"},{"data":"Evolve","floor":25,"key":"SMITH"},{"data":"Wild Strike","floor":27,"key":"SMITH"},{"data":"Reaper","floor":32,"key":"SMITH"},{"data":"Pommel Strike","floor":41,"key":"SMITH"},{"floor":44,"key":"DIG"},{"floor":49,"key":"DIG"}],"neow_cost":"NONE","seed_source_timestamp":50020616068555,"circlet_count":0,"master_deck":["Strike_R","Strike_R","Strike_R+1","Strike_R","Strike_R","Defend_R","Defend_R+1","Defend_R+1","Shockwave+1","Perfected Strike+1","Wild Strike+1","Wild Strike+1","Perfected Strike+1","Double Tap+1","Evolve+1","Finesse+1","Wild Strike+1","Disarm+1","Reaper+1","Headbutt+1","Twin Strike+1","Pommel Strike+1","True Grit+1","Secret Weapon+1"],"relics":["Burning Blood","Toxic Egg 2","Pen Nib","Pocketwatch","Boot","Philosopher\u0027s Stone","Oddly Smooth Stone","Sundial","Vajra","Shuriken","White Beast Statue","Bag of Marbles","Blue Candle","Shovel","Paper Frog","Bottled Flame","MawBank","Orichalcum","War Paint","Self Forming Clay"],"potions_floor_usage":[13,23,37,37,39,40,45,50,50,50],"damage_taken":[{"damage":5,"enemies":"2 Louse","floor":1,"turns":3},{"damage":13,"enemies":"Jaw Worm","floor":2,"turns":4},{"damage":3,"enemies":"Small Slimes","floor":3,"turns":3},{"damage":20,"enemies":"Exordium Thugs","floor":10,"turns":3},{"damage":0,"enemies":"Gremlin Nob","floor":11,"turns":2},{"damage":13,"enemies":"Lagavulin","floor":13,"turns":3},{"damage":24,"enemies":"The Guardian","floor":16,"turns":6},{"damage":12,"enemies":"3 Byrds","floor":18,"turns":4},{"damage":3,"enemies":"Shell Parasite","floor":20,"turns":2},{"damage":20,"enemies":"Slavers","floor":23,"turns":4},{"damage":0,"enemies":"Snake Plant","floor":29,"turns":2},{"damage":18,"enemies":"Gremlin Leader","floor":30,"turns":4},{"damage":24,"enemies":"Champ","floor":33,"turns":5},{"damage":5,"enemies":"Orb Walker","floor":35,"turns":3},{"damage":31,"enemies":"3 Darklings","floor":37,"turns":3},{"damage":25,"enemies":"Maw","floor":38,"turns":5},{"damage":9,"enemies":"Spire Growth","floor":39,"turns":4},{"damage":3,"enemies":"Giant Head","floor":40,"turns":5},{"damage":0,"enemies":"Mind Bloom Boss Battle","floor":42,"turns":1},{"damage":23,"enemies":"Reptomancer","floor":45,"turns":3},{"damage":52,"enemies":"Time Eater","floor":50,"turns":9}],"seed_played":"-5094957763497517237","potions_obtained":[{"floor":3,"key":"Energy Potion"},{"floor":11,"key":"Strength Potion"},{"floor":13,"key":"Strength Potion"},{"floor":20,"key":"FearPotion"},{"floor":29,"key":"Strength Potion"},{"floor":35,"key":"BloodPotion"},{"floor":37,"key":"Fruit Juice"},{"floor":38,"key":"AttackPotion"},{"floor":39,"key":"GamblersBrew"},{"floor":40,"key":"Ancient Potion"},{"floor":42,"key":"Block Potion"},{"floor":45,"key":"SteroidPotion"}],"is_trial":false,"path_per_floor":["M","M","M","$","?","R","$","R","T","M","E","?","E","$","R","B",null,"M","$","M","?","$","E","?","R","T","R","?","M","E","?","R","B",null,"M","T","M","M","M","E","R","?","T","R","E","$","?","?","R","B",null],"character_chosen":"IRONCLAD","items_purchased":["Toxic Egg 2","Evolve","Finesse+1","True Grit+1","Orichalcum","War Paint","Secret Weapon+1"],"campfire_rested":0,"item_purchase_floors":[4,19,19,46,46,46,46],"current_hp_per_floor":[80,73,76,76,76,76,76,76,76,62,68,52,45,45,45,27,80,74,74,77,77,77,63,63,63,63,63,63,69,57,80,80,62,80,80,80,78,69,79,85,85,85,85,85,68,68,68,68,68,22],"gold":29,"neow_bonus":"HUNDRED_GOLD","is_prod":false,"is_daily":false,"chose_seed":false,"campfire_upgraded":7,"win_rate":0,"timestamp":1548486185,"path_taken":["M","M","M","$","?","R","$","R","T","M","E","?","E","?","R","BOSS","M","$","M","?","?","E","?","R","T","R","?","?","E","?","R","BOSS","M","?","M","M","?","E","R","?","T","R","E","$","?","?","R","BOSS"],"build_version":"2019-01-23","purchased_purges":1,"victory":true,"max_hp_per_floor":[80,80,80,80,80,80,80,80,80,80,80,80,80,80,80,80,80,80,80,80,80,80,80,80,80,80,80,80,80,80,80,80,80,80,80,80,85,85,85,85,85,85,85,85,85,85,85,85,85,85],"card_choices":[{"not_picked":["Sword Boomerang","Sever Soul"],"picked":"Shockwave","floor":1},{"not_picked":["Twin Strike","Anger"],"picked":"Perfected Strike","floor":2},{"not_picked":["Clothesline","Ghostly Armor"],"picked":"Wild Strike","floor":3},{"not_picked":["Heavy Blade","Sentinel+1","Anger"],"picked":"SKIP","floor":10},{"not_picked":["Dark Embrace","Seeing Red+1"],"picked":"Wild Strike","floor":11},{"not_picked":["Twin Strike","Wild Strike"],"picked":"Perfected Strike","floor":13},{"not_picked":["Barricade","Exhume+1"],"picked":"Double Tap+1","floor":16},{"not_picked":["Shockwave+1","Anger"],"picked":"Whirlwind+1","floor":18},{"not_picked":["Armaments+1","Anger+1","Dropkick+1"],"picked":"SKIP","floor":20},{"not_picked":["Cleave","Warcry+1"],"picked":"Wild Strike+1","floor":23},{"not_picked":["Sword Boomerang+1","Seeing Red+1"],"picked":"Disarm+1","floor":29},{"not_picked":["Cleave","Double Tap+1"],"picked":"Reaper","floor":30},{"not_picked":["Warcry+1","Searing Blow"],"picked":"Headbutt+1","floor":35},{"not_picked":["Corruption+1","Reckless Charge+1","Infernal Blade+1"],"picked":"SKIP","floor":37},{"not_picked":["Anger+1","Headbutt","Searing Blow"],"picked":"SKIP","floor":38},{"not_picked":["Sword Boomerang+1","Clash"],"picked":"Twin Strike+1","floor":39},{"not_picked":["Flame Barrier+1","Fire Breathing"],"picked":"Pommel Strike","floor":40},{"not_picked":["Body Slam","Dropkick+1","Brutality"],"picked":"SKIP","floor":45}],"player_experience":225315,"relics_obtained":[{"floor":9,"key":"Pen Nib"},{"floor":11,"key":"Pocketwatch"},{"floor":13,"key":"Boot"},{"floor":23,"key":"Sundial"},{"floor":26,"key":"Vajra"},{"floor":30,"key":"Shuriken"},{"floor":36,"key":"Bag of Marbles"},{"floor":40,"key":"Blue Candle"},{"floor":42,"key":"Shovel"},{"floor":43,"key":"Paper Frog"},{"floor":44,"key":"Bottled Flame"},{"floor":45,"key":"MawBank"},{"floor":49,"key":"Self Forming Clay"}],"event_choices":[{"damage_healed":0,"gold_gain":0,"player_choice":"Grow","damage_taken":0,"max_hp_gain":0,"max_hp_loss":0,"event_name":"Living Wall","floor":5,"gold_loss":0,"cards_upgraded":["Perfected Strike"]},{"damage_healed":0,"gold_gain":0,"player_choice":"Entered Light","damage_taken":16,"max_hp_gain":0,"max_hp_loss":0,"event_name":"Shining Light","floor":12,"gold_loss":0,"cards_upgraded":["Strike_R","Defend_R"]},{"damage_healed":0,"gold_gain":0,"player_choice":"Gave Potion","damage_taken":0,"relics_obtained":["Oddly Smooth Stone"],"max_hp_gain":0,"max_hp_loss":0,"event_name":"WeMeetAgain","floor":21,"gold_loss":0},{"damage_healed":0,"gold_gain":0,"player_choice":"Ignored","damage_taken":0,"max_hp_gain":0,"max_hp_loss":0,"event_name":"Vampires","floor":24,"gold_loss":0},{"damage_healed":0,"gold_gain":99,"player_choice":"Stole From Cult","damage_taken":0,"max_hp_gain":0,"max_hp_loss":0,"event_name":"Nest","floor":28,"gold_loss":0},{"cards_removed":["Whirlwind"],"damage_healed":23,"gold_gain":0,"player_choice":"Offered Uncommon","damage_taken":0,"max_hp_gain":0,"max_hp_loss":0,"event_name":"Bonfire Elementals","floor":31,"gold_loss":0},{"damage_healed":0,"gold_gain":0,"player_choice":"Fight","damage_taken":0,"max_hp_gain":0,"max_hp_loss":0,"event_name":"MindBloom","floor":42,"gold_loss":0},{"cards_removed":["Defend_R"],"damage_healed":0,"gold_gain":0,"player_choice":"Removed Skill","damage_taken":0,"max_hp_gain":0,"max_hp_loss":0,"event_name":"Falling","floor":47,"gold_loss":0},{"damage_healed":0,"gold_gain":0,"player_choice":"Ignored","damage_taken":0,"max_hp_gain":0,"max_hp_loss":0,"event_name":"Mysterious Sphere","floor":48,"gold_loss":0}],"is_beta":false,"boss_relics":[{"not_picked":["Calling Bell","Runic Cube"],"picked":"Philosopher\u0027s Stone"},{"not_picked":["Orrery","Eternal Feather"],"picked":"White Beast Statue"}],"items_purged_floors":[14],"is_endless":false,"potions_floor_spawned":[3,11,13,20,29,35,37,38,39,40,42,45],"ascension_level":1}