{"gold_per_floor":[114,133,153,31,106,137,137,170,170,187,198,198,224,240,240,342,342,358,377,387,179,194,228,228,228,228,246,259,276,276,291,291,386,386,401,413,413,423,434,466,1,1,1,21,121,121,131,145,145,145],"floor_reached":51,"playtime":16655,"items_purged":["Defend_B"],"score":777,"play_id":"4bb86910-350a-43b8-a5d9-ae31b843909a","local_time":"20190629000529","is_ascension_mode":false,"campfire_choices":[{"floor":7.0,"key":"REST"},{"data":"Defragment","floor":12.0,"key":"SMITH"},{"data":"Tempest","floor":15.0,"key":"SMITH"},{"floor":24.0,"key":"REST"},{"data":"Static Discharge","floor":32.0,"key":"SMITH"},{"floor":42.0,"key":"REST"},{"data":"Buffer","floor":46,"key":"SMITH"},{"data":"Dark Shackles","floor":49,"key":"SMITH"}],"neow_cost":"NONE","seed_source_timestamp":0,"circlet_count":0,"master_deck":["Strike_B","Strike_B","Strike_B","Strike_B","Zap","Dualcast","Conserve Battery","Cold Snap","Hologram","Panacea","Steam","Defragment+1","FTL+1","Stack","Cold Snap+1","Streamline+1","Tempest+1","Electrodynamics","Beam Cell+1","Doom and Gloom+1","White Noise+1","Beam Cell+1","Buffer+1","Static Discharge+1","Go for the Eyes+1","Barrage+1","Melter+1","Go for the Eyes+1","Amplify","Reboot+1","White Noise+1","Ball Lightning+1","Lockon+1","Lockon+1","Redo+1","Steam+1","Reprogram+1","Dark Shackles+1","Cold Snap+1","FTL+1","Chaos+1","Glacier+1"],"special_seed":0,"relics":["Cracked Core","Bag of Preparation","Molten Egg 2","Shuriken","Meat on the Bone","Nuclear Battery","Pen Nib","Pantograph","Astrolabe","Lantern","Thread and Needle","Sundial","StoneCalendar"],"potions_floor_usage":[50,50,50],"damage_taken":[{"damage":7.0,"enemies":"Small Slimes","floor":1.0,"turns":3.0},{"damage":0.0,"enemies":"Jaw Worm","floor":2.0,"turns":4.0},{"damage":0.0,"enemies":"2 Louse","floor":3.0,"turns":2.0},{"damage":9.0,"enemies":"Lagavulin","floor":6.0,"turns":8.0},{"damage":7.0,"enemies":"3 Sentries","floor":8.0,"turns":11.0},{"damage":0.0,"enemies":"Exordium Thugs","floor":10.0,"turns":3.0},{"damage":8.0,"enemies":"2 Fungi Beasts","floor":11.0,"turns":4.0},{"damage":0.0,"enemies":"Lagavulin","floor":13.0,"turns":6.0},{"damage":2.0,"enemies":"Looter","floor":14.0,"turns":2.0},{"damage":0.0,"enemies":"Slime Boss","floor":16.0,"turns":5.0},{"damage":13.0,"enemies":"Shell Parasite","floor":18.0,"turns":3.0},{"damage":0.0,"enemies":"Spheric Guardian","floor":19.0,"turns":2.0},{"damage":0.0,"enemies":"Snecko","floor":20.0,"turns":3.0},{"damage":5.0,"enemies":"3 Cultists","floor":22.0,"turns":4.0},{"damage":7.0,"enemies":"Book of Stabbing","floor":23.0,"turns":3.0},{"damage":11.0,"enemies":"Centurion and Healer","floor":27.0,"turns":5.0},{"damage":11.0,"enemies":"Sentry and Sphere","floor":28.0,"turns":4.0},{"damage":7.0,"enemies":"3 Cultists","floor":29.0,"turns":4.0},{"damage":0.0,"enemies":"Snecko","floor":31.0,"turns":2.0},{"damage":25.0,"enemies":"Collector","floor":33.0,"turns":6.0},{"damage":0.0,"enemies":"Orb Walker","floor":35.0,"turns":3.0},{"damage":6.0,"enemies":"3 Shapes","floor":36.0,"turns":2.0},{"damage":2.0,"enemies":"Transient","floor":38.0,"turns":5.0},{"damage":22.0,"enemies":"Sphere and 2 Shapes","floor":39.0,"turns":4.0},{"damage":23.0,"enemies":"Nemesis","floor":40.0,"turns":5.0},{"damage":13.0,"enemies":"Writhing Mass","floor":44.0,"turns":4.0},{"damage":30,"enemies":"Mind Bloom Boss Battle","floor":45,"turns":3},{"damage":6,"enemies":"Spire Growth","floor":47,"turns":4},{"damage":0,"enemies":"3 Darklings","floor":48,"turns":2},{"damage":33,"enemies":"Time Eater","floor":50,"turns":9}],"seed_played":"4749823138714996880","potions_obtained":[{"floor":3.0,"key":"Strength Potion"},{"floor":6.0,"key":"Poison Potion"},{"floor":10.0,"key":"Strength Potion"},{"floor":18.0,"key":"LiquidBronze"},{"floor":22.0,"key":"GamblersBrew"},{"floor":27.0,"key":"Strength Potion"},{"floor":28.0,"key":"Strength Potion"},{"floor":36.0,"key":"LiquidBronze"},{"floor":38.0,"key":"EssenceOfSteel"},{"floor":44.0,"key":"Dexterity Potion"},{"floor":47,"key":"LiquidBronze"},{"floor":48,"key":"Weak Potion"}],"is_trial":false,"path_per_floor":["M","M","M","$","?","E","R","E","T","M","M","R","E","M","R","B",null,"M","M","M","$","M","E","R","?","T","M","M","M","?","M","R","B",null,"M","M","?","M","M","E","$","R","T","M","?","R","M","M","R","B",null],"character_chosen":"DEFECT","items_purchased":["Panacea","Steam","Beam Cell+1","Buffer","Thread and Needle","Dark Shackles"],"campfire_rested":3,"item_purchase_floors":[4,4,21,21,41,41],"current_hp_per_floor":[75,75,75,75,64,55,79,72,72,72,64,64,64,62,62,62,82,69,69,69,69,64,57,81,81,81,70,59,52,52,52,52,52,82,82,76,76,74,52,41,41,65,65,52,47,47,53,53,53,45],"gold":145,"neow_bonus":"TEN_PERCENT_HP_BONUS","is_prod":false,"is_daily":false,"chose_seed":false,"campfire_upgraded":5,"win_rate":0.0,"timestamp":1561784729,"path_taken":["M","M","M","$","?","E","R","E","T","M","M","R","E","M","R","BOSS","M","M","M","$","M","E","R","?","T","M","M","M","?","M","R","BOSS","M","M","?","M","M","E","$","R","T","M","?","R","M","M","R","BOSS"],"build_version":"2019-01-23","purchased_purges":1,"victory":true,"max_hp_per_floor":[82,82,82,82,82,82,82,82,82,82,82,82,82,82,82,82,82,82,82,82,82,82,82,82,82,82,82,82,82,82,82,82,82,82,82,82,82,82,82,82,82,82,82,82,82,82,82,82,82,82],"card_choices":[{"not_picked":["Ball Lightning","Streamline"],"picked":"Conserve Battery","floor":1.0},{"not_picked":["Rip and Tear","Barrage"],"picked":"Cold Snap","floor":2.0},{"not_picked":["Hello World","Leap"],"picked":"Hologram","floor":3.0},{"not_picked":["Buffer","Rip and Tear"],"picked":"Defragment","floor":6.0},{"not_picked":["Double Energy","Chill"],"picked":"FTL","floor":8.0},{"not_picked":["Auto Shields","Leap"],"picked":"Stack","floor":10.0},{"not_picked":["Gash+1","Streamline+1"],"picked":"Cold Snap+1","floor":11.0},{"not_picked":["Leap","Hello World"],"picked":"Streamline+1","floor":13.0},{"not_picked":["Skim","Double Energy"],"picked":"Tempest","floor":14.0},{"not_picked":["Buffer","Multi-Cast"],"picked":"Electrodynamics","floor":16.0},{"not_picked":["Blizzard+1","FTL+1"],"picked":"Beam Cell+1","floor":18.0},{"not_picked":["Compile Driver+1","Aggregate"],"picked":"Doom and Gloom+1","floor":19.0},{"not_picked":["Conserve Battery+1","Stack"],"picked":"White Noise+1","floor":20.0},{"not_picked":["Barrage+1","Cold Snap+1"],"picked":"Static Discharge","floor":22.0},{"not_picked":["Heatsinks+1","Creative AI"],"picked":"Go for the Eyes+1","floor":23.0},{"not_picked":["Conserve Battery","Gash+1"],"picked":"Barrage+1","floor":27.0},{"not_picked":["Hello World","Reprogram"],"picked":"Melter+1","floor":28.0},{"not_picked":["Streamline+1","Ball Lightning+1"],"picked":"Go for the Eyes+1","floor":29.0},{"not_picked":["Hologram","Tempest","Leap"],"picked":"SKIP","floor":31.0},{"not_picked":["Rainbow","All For One+1"],"picked":"Amplify","floor":33.0},{"not_picked":["Sweeping Beam+1","Redo"],"picked":"Lockon+1","floor":35.0},{"not_picked":["Hello World+1","Consume"],"picked":"Lockon+1","floor":36.0},{"not_picked":["Tempest+1","Static Discharge+1"],"picked":"Redo+1","floor":38.0},{"not_picked":["Chaos+1","Gash+1"],"picked":"Steam+1","floor":39.0},{"not_picked":["Gash+1","Rip and Tear+1"],"picked":"Reprogram+1","floor":40.0},{"not_picked":["Gash+1","Conserve Battery"],"picked":"Cold Snap+1","floor":44.0},{"not_picked":["Cold Snap+1","Creative AI"],"picked":"FTL+1","floor":45},{"not_picked":["Hologram+1","Barrage+1"],"picked":"Chaos+1","floor":47},{"not_picked":["Compile Driver+1","Hologram+1"],"picked":"Glacier+1","floor":48}],"player_experience":33378,"relics_obtained":[{"floor":6.0,"key":"Bag of Preparation"},{"floor":8.0,"key":"Molten Egg 2"},{"floor":9.0,"key":"Shuriken"},{"floor":13.0,"key":"Meat on the Bone"},{"floor":23.0,"key":"Pen Nib"},{"floor":26.0,"key":"Pantograph"},{"floor":40.0,"key":"Lantern"},{"floor":43.0,"key":"Sundial"},{"floor":45,"key":"StoneCalendar"}],"event_choices":[{"damage_healed":0.0,"max_hp_gain":0.0,"max_hp_loss":0.0,"gold_gain":75.0,"event_name":"World of Goop","player_choice":"Gather Gold","floor":5.0,"gold_loss":0.0,"damage_taken":11.0},{"damage_healed":0.0,"max_hp_gain":0.0,"max_hp_loss":0.0,"gold_gain":0.0,"event_name":"Ghosts","player_choice":"Ignored","floor":25.0,"gold_loss":0.0,"damage_taken":0.0},{"damage_healed":0.0,"max_hp_gain":0.0,"max_hp_loss":0.0,"gold_gain":0.0,"event_name":"Vampires","player_choice":"Ignored","floor":30.0,"gold_loss":0.0,"damage_taken":0.0},{"damage_healed":0.0,"max_hp_gain":0.0,"max_hp_loss":0.0,"gold_gain":0.0,"event_name":"Tomb of Lord Red Mask","player_choice":"Ignored","floor":37.0,"gold_loss":0.0,"damage_taken":0.0},{"damage_healed":0,"gold_gain":0,"player_choice":"Fight","damage_taken":0,"max_hp_gain":0,"max_hp_loss":0,"event_name":"MindBloom","floor":45,"gold_loss":0}],"is_beta":false,"boss_relics":[{"not_picked":["White Beast Statue","Lizard Tail"],"picked":"Nuclear Battery"},{"not_picked":["Snecko Eye","Empty Cage"],"picked":"Astrolabe"}],"items_purged_floors":[41],"is_endless":false,"potions_floor_spawned":[3,6,10,14,18,22,27,28,31,36,38,44,47,48],"ascension_level":0}