{"path_per_floor":["M","$","T","M","M","R","$","R","T","M","$","M","M","M","R","B",null,"M","?","M","M","?","M","M","R","T","R","M","$","?","M","R","B",null,"M","?","M","?","T","R","M","?","T","R","M","$","R","T","R","B"],"character_chosen":"THE_SILENT","items_purchased":["Noxious Fumes"],"gold_per_floor":[117,36,59,72,84,84,9,9,9,26,26,43,54,68,68,173,173,193,193,204,217,132,149,160,160,160,160,175,75,75,86,86,183,183,196,196,209,209,209,209,225,225,225,225,235,110,110,110,110,110],"floor_reached":51,"campfire_rested":2,"playtime":4543,"current_hp_per_floor":[68,68,68,68,58,58,58,58,58,68,68,64,61,61,61,38,70,56,56,56,49,49,44,44,44,44,44,44,44,44,36,70,70,70,63,63,63,63,63,63,61,61,61,61,53,53,53,53,70,67],"items_purged":["Defend_G","Strike_G","Strike_G"],"gold":110,"play_id":"fb57510d-e901-41b3-9a8d-7c21fcea8e59","is_prod":false,"is_daily":false,"is_ascension_mode":false,"campfire_upgraded":8,"path_taken":["M","$","?","M","M","R","$","R","T","M","?","M","M","M","R","BOSS","M","?","M","M","?","M","M","R","T","R","?","$","?","M","R","BOSS","M","?","M","?","?","R","M","?","T","R","?","$","R","?","R","BOSS"],"build_version":"2018-01-25-PROD1","purchased_purges":3,"victory":true,"master_deck":["Defend_G","Defend_G+1","Defend_G","Survivor","Neutralize+1","Tactician+1","Noxious Fumes+1","Bouncing Flask+1","Prepared+1","Quick Slash","A Thousand Cuts+1","Footwork+1","Blur+1","Deflect","Acrobatics+1","Dagger Throw","Slice+1","Adrenaline+1","Catalyst+1","After Image+1","Neutralize+1","Underhanded Strike+1","Deflect"],"max_hp_per_floor":[70,70,70,70,70,70,70,70,70,70,70,70,70,70,70,70,70,70,70,70,70,70,70,70,70,70,70,70,70,70,70,70,70,70,70,70,70,70,70,70,70,70,70,70,70,70,70,70,70,70],"relics":["Ring of the Snake","Regal Pillow","War Paint","Sozu","Kunai","Thread and Needle","Astrolabe","Toolbox","Ornamental Fan","Gambling Chip"],"card_choices":[{"not_picked":["Catalyst","Malaise"],"picked":"Tactician"},{"not_picked":["Distraction","Escape Plan"],"picked":"Bouncing Flask"},{"not_picked":["Blade Dance","PiercingWail"],"picked":"Prepared"},{"not_picked":["Infinite Blades","Dagger Spray"],"picked":"Quick Slash"},{"not_picked":["Unload","Night Terror"],"picked":"A Thousand Cuts"},{"not_picked":["PiercingWail","Flying Knee"],"picked":"Footwork"},{"not_picked":["Backflip","Cloak And Dagger"],"picked":"Deflect"},{"not_picked":["Quick Slash","Sucker Punch"],"picked":"Acrobatics"},{"not_picked":["Underhanded Strike","Accuracy"],"picked":"Slice"},{"not_picked":["Glass Knife","Corpse Explosion"],"picked":"Adrenaline"},{"not_picked":["Malaise","Dodge and Roll"],"picked":"Underhanded Strike"},{"not_picked":["Skewer","Deadly Poison"],"picked":"Deflect"}],"player_experience":205493,"potions_floor_usage":[10],"damage_taken":[{"damage":2,"enemies":"Blue Slaver","floor":1,"turns":7},{"damage":0,"enemies":"Cultist","floor":4,"turns":5},{"damage":10,"enemies":"Jaw Worm","floor":5,"turns":4},{"damage":5,"enemies":"Exordium Wildlife","floor":10,"turns":5},{"damage":4,"enemies":"2 Fungi Beasts","floor":12,"turns":3},{"damage":3,"enemies":"Large Slime","floor":13,"turns":5},{"damage":0,"enemies":"Exordium Wildlife","floor":14,"turns":4},{"damage":23,"enemies":"Slime Boss","floor":16,"turns":10},{"damage":14,"enemies":"Spheric Guardian","floor":18,"turns":4},{"damage":0,"enemies":"3 Byrds","floor":20,"turns":3},{"damage":7,"enemies":"Snake Plant","floor":21,"turns":4},{"damage":5,"enemies":"Centurion and Healer","floor":23,"turns":8},{"damage":0,"enemies":"Slaver and Parasite","floor":24,"turns":6},{"damage":0,"enemies":"3 Cultists","floor":28,"turns":4},{"damage":8,"enemies":"Snecko","floor":31,"turns":7},{"damage":0,"enemies":"Collector","floor":33,"turns":11},{"damage":7,"enemies":"3 Darklings","floor":35,"turns":3},{"damage":0,"enemies":"Orb Walker","floor":37,"turns":4},{"damage":2,"enemies":"Sphere and 2 Shapes","floor":41,"turns":5},{"damage":8,"enemies":"4 Shapes","floor":45,"turns":4},{"damage":3,"enemies":"Donu and Deca","floor":50,"turns":12}],"event_choices":[{"event_name":"The Library","player_choice":"Read","floor":19,"damage_taken":0},{"event_name":"Addict","player_choice":"Obtained Relic","floor":22,"damage_taken":0},{"event_name":"Match and Keep!","player_choice":"1 cards matched","floor":30,"damage_taken":0},{"event_name":"Match and Keep!","player_choice":"1 cards matched","floor":36,"damage_taken":0},{"event_name":"Tomb of Lord Red Mask","player_choice":"Ignored","floor":38,"damage_taken":0}],"boss_relics":[{"not_picked":["Snecko Eye","Lizard Tail"],"picked":"Sozu"},{"not_picked":["Runic Dome","Tiny House"],"picked":"Astrolabe"}],"potions_floor_spawned":[1,10,12,16,23,24,31,33,37],"seed_played":"834393168326647090","ascension_level":0,"is_trial":false}