{"gold_per_floor":[117,136,147,68,68,68,88,88,115,115,132,147,178,197,197,292,292,307,320,320,28,46,46,59,59,59,59,59,72,82,4,4,107,107,124,142,142,92,103,129,129,129,129,129,38,53,11,21,21,21],"floor_reached":50,"playtime":1474,"items_purged":["Strike_B","Strike_B"],"score":476,"play_id":"0cb754bb-b1e5-4872-be75-48126b8516b7","local_time":"20181021033941","is_ascension_mode":false,"campfire_choices":[{"data":"Zap","floor":6,"key":"SMITH"},{"data":"Storm","floor":8,"key":"SMITH"},{"data":"Self Repair","floor":10,"key":"SMITH"},{"data":"Defragment","floor":15,"key":"SMITH"},{"data":"Static Discharge","floor":23,"key":"SMITH"},{"data":"Capacitor","floor":25,"key":"SMITH"},{"data":"Hologram","floor":32,"key":"SMITH"},{"floor":44,"key":"REST"},{"floor":49,"key":"REST"}],"neow_cost":"NONE","seed_source_timestamp":138550492955,"circlet_count":0,"master_deck":["Strike_B","Defend_B","Defend_B","Defend_B","Defend_B","Zap+1","Dualcast","Steam","Conserve Battery","Self Repair+1","Capacitor+1","Storm+1","Ball Lightning","Electrodynamics","Defragment+1","Static Discharge+1","Auto Shields","Conserve Battery","Hologram+1","Reboot","Auto Shields","Steam+1","Stack","Steam"],"relics":["Cracked Core","Smiling Mask","Strawberry","Dream Catcher","Busted Crown","Turnip","The Courier","Letter Opener","Inserter","DataDisk","Cables"],"potions_floor_usage":[13,50,50,50],"damage_taken":[{"damage":0,"enemies":"Small Slimes","floor":1,"turns":3},{"damage":3,"enemies":"2 Louse","floor":2,"turns":2},{"damage":0,"enemies":"Cultist","floor":3,"turns":3},{"damage":8,"enemies":"3 Louse","floor":7,"turns":4},{"damage":6,"enemies":"Large Slime","floor":11,"turns":4},{"damage":8,"enemies":"2 Fungi Beasts","floor":12,"turns":3},{"damage":2,"enemies":"Gremlin Nob","floor":13,"turns":3},{"damage":10,"enemies":"Lots of Slimes","floor":14,"turns":2},{"damage":46,"enemies":"Hexaghost","floor":16,"turns":8},{"damage":5,"enemies":"Shell Parasite","floor":18,"turns":4},{"damage":15,"enemies":"3 Byrds","floor":19,"turns":2},{"damage":16,"enemies":"Snake Plant","floor":22,"turns":3},{"damage":10,"enemies":"Chosen and Byrds","floor":24,"turns":3},{"damage":15,"enemies":"Cultist and Chosen","floor":29,"turns":4},{"damage":11,"enemies":"Snake Plant","floor":30,"turns":3},{"damage":39,"enemies":"Automaton","floor":33,"turns":8},{"damage":28,"enemies":"3 Darklings","floor":35,"turns":3},{"damage":4,"enemies":"3 Shapes","floor":36,"turns":3},{"damage":30,"enemies":"Spire Growth","floor":39,"turns":4},{"damage":41,"enemies":"Nemesis","floor":40,"turns":7},{"damage":7,"enemies":"Jaw Worm Horde","floor":46,"turns":4},{"damage":18,"enemies":"Maw","floor":48,"turns":7},{"damage":82,"enemies":"Awakened One","floor":50,"turns":7}],"seed_played":"7993766369418818805","potions_obtained":[{"floor":2,"key":"SkillPotion"},{"floor":3,"key":"Strength Potion"},{"floor":11,"key":"FearPotion"},{"floor":13,"key":"GamblersBrew"},{"floor":16,"key":"PowerPotion"},{"floor":22,"key":"Swift Potion"}],"is_trial":false,"path_per_floor":["M","M","M","$","?","R","M","R","T","R","M","M","E","M","R","B",null,"M","M","?","$","M","R","M","R","T","?","T","M","M","$","R","B",null,"M","M","?","$","M","E","?","?","T","R","$","M","$","M","R"],"character_chosen":"DEFECT","items_purchased":["Capacitor","Turnip","Conserve Battery","Hologram","Stack","Steam"],"campfire_rested":2,"item_purchase_floors":[4,21,31,31,45,47],"current_hp_per_floor":[75,72,72,72,72,72,71,71,78,78,82,82,82,82,82,46,82,82,77,61,61,55,55,55,55,55,84,84,79,68,68,68,39,87,69,75,75,75,55,24,24,24,24,50,50,53,53,45,71,0],"gold":21,"neow_bonus":"RANDOM_COMMON_RELIC","is_prod":false,"is_daily":false,"chose_seed":false,"campfire_upgraded":7,"win_rate":0,"timestamp":1540082381,"path_taken":["M","M","M","$","?","R","M","R","T","R","M","M","E","M","R","BOSS","M","M","?","$","?","R","M","R","T","?","?","M","M","$","R","BOSS","M","M","?","$","?","E","?","?","T","R","$","M","?","M","R","BOSS"],"build_version":"2018-10-18","purchased_purges":2,"victory":false,"max_hp_per_floor":[75,75,75,75,75,75,75,75,82,82,82,82,82,82,82,82,82,82,82,87,87,87,87,87,87,87,87,87,87,87,87,87,87,87,87,87,87,87,87,87,87,87,87,87,87,87,87,87,87,87],"card_choices":[{"not_picked":["Melter","Rip and Tear"],"picked":"Steam","floor":1},{"not_picked":["Leap","Glacier"],"picked":"Conserve Battery","floor":2},{"not_picked":["Streamline","Leap"],"picked":"Self Repair","floor":3},{"not_picked":["Lockon","Darkness"],"picked":"Storm","floor":7},{"not_picked":["Leap","Melter"],"picked":"Ball Lightning","floor":11},{"not_picked":["Sweeping Beam","Compile Driver"],"picked":"Electrodynamics","floor":12},{"not_picked":["Scrape","Auto Shields"],"picked":"Defragment","floor":13},{"not_picked":["Double Energy","Fusion"],"picked":"Static Discharge","floor":14},{"not_picked":[],"picked":"Auto Shields","floor":18},{"not_picked":["Compile Driver+1"],"picked":"SKIP","floor":19},{"not_picked":["Sweeping Beam+1"],"picked":"SKIP","floor":22},{"not_picked":["Turbo+1"],"picked":"SKIP","floor":24},{"not_picked":["Rebound"],"picked":"SKIP","floor":29},{"not_picked":["Ball Lightning+1"],"picked":"SKIP","floor":30},{"not_picked":[],"picked":"Reboot","floor":33},{"not_picked":["Sweeping Beam"],"picked":"SKIP","floor":35},{"not_picked":["Coolheaded+1"],"picked":"SKIP","floor":36},{"not_picked":["Recycle+1"],"picked":"SKIP","floor":39},{"not_picked":[],"picked":"Auto Shields","floor":40},{"not_picked":[],"picked":"Steam+1","floor":44},{"not_picked":["Beam Cell"],"picked":"SKIP","floor":46},{"not_picked":["Beam Cell"],"picked":"SKIP","floor":48}],"player_experience":410253,"relics_obtained":[{"floor":9,"key":"Strawberry"},{"floor":13,"key":"Dream Catcher"},{"floor":26,"key":"The Courier"},{"floor":28,"key":"Letter Opener"},{"floor":40,"key":"DataDisk"},{"floor":43,"key":"Cables"}],"event_choices":[{"damage_healed":0,"gold_gain":0,"player_choice":"Ignored","damage_taken":0,"max_hp_gain":0,"max_hp_loss":0,"event_name":"Golden Wing","floor":5,"gold_loss":0},{"damage_healed":0,"gold_gain":0,"player_choice":"Shed Blood","damage_taken":21,"max_hp_gain":5,"max_hp_loss":0,"event_name":"Forgotten Altar","floor":20,"gold_loss":0},{"damage_healed":29,"gold_gain":0,"player_choice":"Heal","damage_taken":0,"max_hp_gain":0,"max_hp_loss":0,"event_name":"The Library","floor":27,"gold_loss":0},{"cards_removed":["Strike_B"],"damage_healed":0,"gold_gain":0,"player_choice":"Removed Attack","damage_taken":0,"max_hp_gain":0,"max_hp_loss":0,"event_name":"Falling","floor":37,"gold_loss":0},{"damage_healed":0,"gold_gain":0,"player_choice":"Memory 1","damage_taken":0,"max_hp_gain":0,"max_hp_loss":0,"event_name":"SensoryStone","floor":41,"gold_loss":0},{"damage_healed":0,"gold_gain":0,"player_choice":"Ignored","damage_taken":0,"max_hp_gain":0,"max_hp_loss":0,"event_name":"SecretPortal","floor":42,"gold_loss":0}],"is_beta":false,"boss_relics":[{"not_picked":["Orrery","Ectoplasm"],"picked":"Busted Crown"},{"not_picked":["Sozu","Lizard Tail"],"picked":"Inserter"}],"items_purged_floors":[38,45],"is_endless":false,"potions_floor_spawned":[2,3,11,13,16,19,22,30,40,46],"killed_by":"Awakened One","ascension_level":0}