{"gold_per_floor":[115,115,115,125,7,7,41,58,107,122,72,72,402,402],"floor_reached":14,"playtime":372,"items_purged":["Regret","Strike_B"],"score":98,"play_id":"61a2745b-e133-4b01-9698-690805279890","local_time":"20190727203815","is_ascension_mode":false,"campfire_choices":[{"data":"Defragment","floor":6,"key":"SMITH"},{"data":"Loop","floor":12,"key":"SMITH"}],"neow_cost":"NONE","seed_source_timestamp":80309076481100,"circlet_count":0,"master_deck":["Strike_B","Strike_B","Strike_B","Defend_B+1","Defend_B","Defend_B","Defend_B","Zap","Dualcast+1","Conserve Battery","Defragment+1","Static Discharge","Loop+1","Steam"],"relics":["Cracked Core","Smiling Mask","Boot","Ancient Tea Set","Old Coin"],"potions_floor_usage":[13,14],"damage_taken":[{"damage":6,"enemies":"Jaw Worm","floor":1,"turns":4},{"damage":2,"enemies":"2 Louse","floor":4,"turns":2},{"damage":20,"enemies":"Gremlin Nob","floor":7,"turns":4},{"damage":1,"enemies":"Cultist","floor":8,"turns":4},{"damage":13,"enemies":"Red Slaver","floor":10,"turns":3},{"damage":23,"enemies":"3 Sentries","floor":13,"turns":5},{"damage":4,"enemies":"Blue Slaver","floor":14,"turns":2}],"seed_played":"-9144953387787752894","potions_obtained":[{"floor":1,"key":"Swift Potion"},{"floor":7,"key":"Weak Potion"},{"floor":8,"key":"FearPotion"}],"is_trial":false,"path_per_floor":["M","?","?","M","$","R","E","M","T","M","$","R","E","M"],"character_chosen":"DEFECT","items_purchased":["Static Discharge"],"campfire_rested":0,"item_purchase_floors":[5],"current_hp_per_floor":[76,76,60,58,58,58,38,37,37,24,24,24,1,0],"gold":402,"neow_bonus":"TEN_PERCENT_HP_BONUS","is_prod":false,"is_daily":false,"chose_seed":false,"campfire_upgraded":2,"win_rate":0,"timestamp":1564249095,"path_taken":["M","?","?","M","$","R","E","M","T","M","?","R","E","M"],"build_version":"2019-07-17","purchased_purges":2,"victory":false,"max_hp_per_floor":[82,82,82,82,82,82,82,82,82,82,82,82,82,82],"card_choices":[{"not_picked":["Fusion","Darkness"],"picked":"Conserve Battery","floor":1},{"not_picked":["Reinforced Body","Sweeping Beam"],"picked":"Defragment","floor":4},{"not_picked":["Reprogram","Undo","Turbo"],"picked":"SKIP","floor":7},{"not_picked":["Hologram","Beam Cell"],"picked":"Loop","floor":8},{"not_picked":["Hello World","Doom and Gloom","Rip and Tear"],"picked":"SKIP","floor":10},{"not_picked":["Multi-Cast","Beam Cell"],"picked":"Steam","floor":13}],"player_experience":779541,"relics_obtained":[{"floor":7,"key":"Boot"},{"floor":9,"key":"Ancient Tea Set"},{"floor":13,"key":"Old Coin"}],"event_choices":[{"damage_healed":0,"gold_gain":0,"player_choice":"Box","damage_taken":0,"relics_obtained":["Smiling Mask"],"max_hp_gain":0,"max_hp_loss":0,"event_name":"Big Fish","floor":2,"gold_loss":0,"cards_obtained":["Regret"]},{"damage_healed":0,"gold_gain":0,"player_choice":"Entered Light","damage_taken":16,"max_hp_gain":0,"max_hp_loss":0,"event_name":"Shining Light","floor":3,"gold_loss":0,"cards_upgraded":["Dualcast","Defend_B"]}],"is_beta":false,"boss_relics":[],"items_purged_floors":[5,11],"is_endless":false,"potions_floor_spawned":[1,7,8,10],"killed_by":"Blue Slaver","ascension_level":0}