{"gold_per_floor":[114,114,124,137,63,63,94,94,94,117,151,120,132,151,151,250,250,267,190,171,184,184,214,214,122,122,133,149,183,193,193,193,193],"floor_reached":33,"playtime":1242,"items_purged":[],"score":362,"play_id":"73ced357-5d86-4b81-97c9-9d4846610f2f","local_time":"20181011173916","is_ascension_mode":true,"campfire_choices":[{"data":"Noxious Fumes","floor":6.0,"key":"SMITH"},{"floor":8,"key":"REST"},{"data":"Neutralize","floor":15,"key":"SMITH"},{"data":"Caltrops","floor":24,"key":"SMITH"},{"floor":32,"key":"REST"}],"neow_cost":"PERCENT_DAMAGE","seed_source_timestamp":105779753459624,"circlet_count":0,"master_deck":["Defend_G","Defend_G","Defend_G","Defend_G","Defend_G","Strike_G","Strike_G","Strike_G","Strike_G","Survivor","Neutralize+1","Dagger Spray","Backflip","Dodge and Roll","Noxious Fumes+1","Dodge and Roll","Dodge and Roll","Caltrops+1","Crippling Poison","Backflip","Dodge and Roll"],"special_seed":0,"relics":["Ring of the Snake","Mango","Darkstone Periapt","Pen Nib","Gremlin Horn","PreservedInsect","Bag of Preparation","Busted Crown","Pear","Bottled Tornado","Ancient Tea Set"],"potions_floor_usage":[14,23,33,33],"damage_taken":[{"damage":0.0,"enemies":"Jaw Worm","floor":1.0,"turns":4.0},{"damage":0.0,"enemies":"Cultist","floor":3.0,"turns":4.0},{"damage":0.0,"enemies":"2 Louse","floor":4.0,"turns":1.0},{"damage":9,"enemies":"3 Sentries","floor":7,"turns":7},{"damage":8,"enemies":"Lagavulin","floor":11,"turns":8},{"damage":1,"enemies":"Looter","floor":13,"turns":4},{"damage":0,"enemies":"Lots of Slimes","floor":14,"turns":2},{"damage":14,"enemies":"Hexaghost","floor":16,"turns":12},{"damage":21,"enemies":"Spheric Guardian","floor":18,"turns":8},{"damage":7,"enemies":"2 Thieves","floor":20,"turns":4},{"damage":1,"enemies":"Shelled Parasite and Fungi","floor":21,"turns":7},{"damage":16,"enemies":"Gremlin Leader","floor":23,"turns":7},{"damage":5,"enemies":"Sentry and Sphere","floor":27,"turns":6},{"damage":4,"enemies":"Snecko","floor":28,"turns":7},{"damage":10,"enemies":"Book of Stabbing","floor":29,"turns":5},{"damage":3,"enemies":"Snake Plant","floor":30,"turns":5},{"damage":62,"enemies":"Champ","floor":33,"turns":16}],"seed_played":"-517326452953088836","potions_obtained":[{"floor":1.0,"key":"Weak Potion"},{"floor":3.0,"key":"Energy Potion"},{"floor":4.0,"key":"FearPotion"},{"floor":23,"key":"GhostInAJar"},{"floor":27,"key":"PowerPotion"},{"floor":28,"key":"Energy Potion"}],"is_trial":false,"path_per_floor":["M","?","M","M","$","R","E","R","T","T","E","?","M","M","R","B",null,"M","$","M","M","?","E","R","$","T","M","M","E","M","?","R"],"character_chosen":"THE_SILENT","items_purchased":["Noxious Fumes","Caltrops","Crippling Poison","Backflip"],"campfire_rested":2,"item_purchase_floors":[5,19,25,25],"current_hp_per_floor":[63,38,38,38,38,38,29,54,54,54,46,46,45,45,45,31,84,63,63,56,55,55,49,49,49,49,44,40,30,27,27,55,0],"gold":193,"neow_bonus":"ONE_RARE_RELIC","is_prod":false,"is_daily":false,"chose_seed":false,"campfire_upgraded":3,"win_rate":0,"timestamp":1539268756,"path_taken":["M","?","M","?","$","R","E","R","T","?","E","?","M","M","R","BOSS","M","$","M","?","?","E","R","$","T","?","M","E","M","?","R","BOSS"],"build_version":"2018-10-04v2","purchased_purges":0,"victory":false,"max_hp_per_floor":[84,84,84,84,84,84,84,84,84,84,84,84,84,84,84,84,84,84,84,84,84,84,94,94,94,94,94,94,94,94,94,94,94],"card_choices":[{"not_picked":["Dash","Slice"],"picked":"Dagger Spray","floor":1.0},{"not_picked":["Catalyst","Underhanded Strike"],"picked":"Backflip","floor":3.0},{"not_picked":["Quick Slash","Acrobatics"],"picked":"Dodge and Roll","floor":4.0},{"not_picked":["Quick Slash","Bouncing Flask"],"picked":"Dodge and Roll","floor":7},{"not_picked":["Choke","Endless Agony","Bouncing Flask"],"picked":"SKIP","floor":11},{"not_picked":["Slice","Poisoned Stab","Quick Slash"],"picked":"SKIP","floor":13},{"not_picked":["Acrobatics","Cloak And Dagger"],"picked":"Dodge and Roll","floor":14},{"not_picked":["Reflex"],"picked":"SKIP","floor":18},{"not_picked":["Concentrate"],"picked":"SKIP","floor":20},{"not_picked":["Blade Dance"],"picked":"SKIP","floor":21},{"not_picked":["Masterful Stab"],"picked":"SKIP","floor":23},{"not_picked":[],"picked":"Dodge and Roll","floor":27},{"not_picked":["Endless Agony"],"picked":"SKIP","floor":28},{"not_picked":["Finisher"],"picked":"SKIP","floor":29},{"not_picked":["Flying Knee"],"picked":"SKIP","floor":30}],"player_experience":390103,"relics_obtained":[{"floor":7,"key":"Pen Nib"},{"floor":9,"key":"Gremlin Horn"},{"floor":10,"key":"PreservedInsect"},{"floor":11,"key":"Bag of Preparation"},{"floor":23,"key":"Pear"},{"floor":26,"key":"Bottled Tornado"},{"floor":29,"key":"Ancient Tea Set"}],"event_choices":[{"event_name":"Scrap Ooze","player_choice":"success","floor":2.0,"damage_taken":25.0},{"event_name":"World of Goop","player_choice":"Left","floor":12,"damage_taken":0},{"event_name":"Purifier","player_choice":"One Purge","floor":22,"damage_taken":0},{"event_name":"The Woman in Blue","player_choice":"Bought 0 Potions","floor":31,"damage_taken":0}],"is_beta":false,"boss_relics":[{"not_picked":["White Beast Statue","Sozu"],"picked":"Busted Crown"}],"items_purged_floors":[],"is_endless":false,"potions_floor_spawned":[1,3,4,7,23,27,28,30],"killed_by":"Champ","ascension_level":1}