{"gold_per_floor":[109,34,34,54,69,98,115,125,152,187,202,202,233,247,247,342,342,362,14,24,36,47,76,76,96,96,96,111,111,33,33,33,130,130,148,166,166,14,14,46,46,78,103,66,66,83,83,103,103,103],"floor_reached":51,"playtime":1684,"items_purged":["Doubt"],"score":1070,"play_id":"7bab910f-3ddb-47bf-a7de-63a8f34dc3c3","local_time":"20180630031436","is_ascension_mode":true,"campfire_choices":[{"data":"Demon Form","floor":12,"key":"SMITH"},{"data":"Bash","floor":15,"key":"SMITH"},{"data":"Apotheosis","floor":24,"key":"SMITH"},{"data":"Limit Break","floor":27,"key":"SMITH"},{"data":"Battle Trance","floor":32,"key":"SMITH"},{"data":"Demon Form","floor":41,"key":"SMITH"},{"data":"Rage","floor":47,"key":"SMITH"},{"data":"Flame Barrier","floor":49,"key":"SMITH"}],"neow_cost":"CURSE","seed_source_timestamp":269479827885893,"circlet_count":0,"master_deck":["Defend_R","Defend_R","Defend_R","Defend_R","Bash+1","Demon Form+1","Cleave","Perfected Strike","Headbutt","Feed","Shrug It Off","Flame Barrier+1","Limit Break+1","Apotheosis+1","Pommel Strike+1","Rage+1","Whirlwind","Shrug It Off","Battle Trance+1","Bite","Bite","Bite","Bite","Bite","Demon Form+1","Flame Barrier"],"relics":["Burning Blood","Mercury Hourglass","Singing Bowl","Bag of Marbles","Happy Flower","Mark of Pain","Pen Nib","Dodecahedron","Kunai","Busted Crown","Blood Vial","Red Skull","Magic Flower","Darkstone Periapt","Ancient Tea Set"],"potions_floor_usage":[13,18,21,23,40,50,50],"damage_taken":[{"damage":2,"enemies":"Small Slimes","floor":1,"turns":5},{"damage":1,"enemies":"2 Louse","floor":4,"turns":3},{"damage":6,"enemies":"Cultist","floor":5,"turns":3},{"damage":33,"enemies":"3 Sentries","floor":6,"turns":6},{"damage":10,"enemies":"Looter","floor":7,"turns":2},{"damage":5,"enemies":"Lots of Slimes","floor":8,"turns":2},{"damage":31,"enemies":"Lagavulin","floor":10,"turns":6},{"damage":0,"enemies":"3 Louse","floor":11,"turns":2},{"damage":16,"enemies":"3 Sentries","floor":13,"turns":4},{"damage":1,"enemies":"Exordium Wildlife","floor":14,"turns":2},{"damage":43,"enemies":"The Guardian","floor":16,"turns":9},{"damage":20,"enemies":"2 Thieves","floor":18,"turns":2},{"damage":8,"enemies":"Shell Parasite","floor":20,"turns":5},{"damage":27,"enemies":"Centurion and Healer","floor":21,"turns":4},{"damage":24,"enemies":"Snake Plant","floor":22,"turns":3},{"damage":14,"enemies":"Gremlin Leader","floor":23,"turns":5},{"damage":13,"enemies":"Cultist and Chosen","floor":25,"turns":4},{"damage":17,"enemies":"Centurion and Healer","floor":28,"turns":4},{"damage":12,"enemies":"Champ","floor":33,"turns":7},{"damage":39,"enemies":"3 Shapes","floor":35,"turns":3},{"damage":13,"enemies":"Orb Walker","floor":36,"turns":4},{"damage":18,"floor":39,"turns":6},{"damage":6,"enemies":"Giant Head","floor":40,"turns":5},{"damage":55,"enemies":"Nemesis","floor":42,"turns":5},{"damage":0,"enemies":"3 Darklings","floor":46,"turns":4},{"damage":5,"enemies":"4 Shapes","floor":48,"turns":3},{"damage":81,"enemies":"Awakened One","floor":50,"turns":8}],"seed_played":"-1713524385011757518","potions_obtained":[{"floor":7,"key":"Explosive Potion"},{"floor":10,"key":"GamblersBrew"},{"floor":13,"key":"Fire Potion"},{"floor":14,"key":"Poison Potion"},{"floor":22,"key":"Block Potion"},{"floor":28,"key":"PowerPotion"},{"floor":33,"key":"Fire Potion"},{"floor":40,"key":"SteroidPotion"}],"is_trial":false,"path_per_floor":["M","$","?","M","M","E","M","M","T","E","M","R","E","M","R","B",null,"M","$","M","M","M","E","R","M","T","R","M","?","$","?","R","B",null,"M","M","?","$","?","E","R","E","T","$","?","M","R","M","R","B"],"character_chosen":"IRONCLAD","items_purchased":["Pen Nib","Apotheosis","Battle Trance","Blood Vial","Flame Barrier"],"campfire_rested":0,"item_purchase_floors":[19,19,30,38,44],"current_hp_per_floor":[80,80,85,85,85,58,54,55,55,35,44,44,37,44,44,7,98,89,89,93,72,54,46,46,45,45,45,38,38,38,38,38,58,83,59,61,61,61,66,87,87,66,66,66,68,98,98,106,106,65],"gold":103,"neow_bonus":"THREE_RARE_CARDS","is_prod":false,"is_daily":false,"chose_seed":false,"campfire_upgraded":8,"win_rate":0,"timestamp":1530317676,"path_taken":["M","$","?","M","M","E","M","M","T","E","?","R","E","M","R","BOSS","M","$","M","M","M","E","R","M","T","R","M","?","$","?","R","BOSS","M","M","?","$","?","E","R","E","T","$","?","M","R","M","R","BOSS"],"build_version":"2018-06-28","purchased_purges":1,"victory":true,"max_hp_per_floor":[80,80,85,85,85,85,85,85,85,90,93,93,96,98,98,98,98,103,103,109,109,109,109,109,115,115,115,119,119,119,83,83,83,83,88,90,90,90,92,94,94,96,96,96,98,100,100,106,106,106],"card_choices":[{"not_picked":["Bludgeon","Berserk"],"picked":"Demon Form","floor":0},{"not_picked":["Hemokinesis","Blood for Blood"],"picked":"Cleave","floor":1},{"not_picked":["Anger","Armaments"],"picked":"Perfected Strike","floor":4},{"not_picked":["Clash","Body Slam","Hemokinesis"],"picked":"SKIP","floor":5},{"not_picked":["Dropkick","Anger"],"picked":"Headbutt","floor":6},{"not_picked":["Perfected Strike","Rage"],"picked":"Feed","floor":7},{"not_picked":["Rupture","Sword Boomerang","Cleave"],"picked":"SKIP","floor":8},{"not_picked":["Dual Wield","Disarm","Heavy Blade"],"picked":"Singing Bowl","floor":10},{"not_picked":["Searing Blow","Wild Strike"],"picked":"Shrug It Off","floor":11},{"not_picked":["Clothesline","Feed"],"picked":"Flame Barrier","floor":13},{"not_picked":["Wild Strike","Sentinel","Ghostly Armor"],"picked":"Singing Bowl","floor":14},{"not_picked":["Fiend Fire","Bludgeon"],"picked":"Limit Break","floor":16},{"not_picked":["Fire Breathing","Spot Weakness","Anger"],"picked":"Singing Bowl","floor":18},{"not_picked":["Power Through","Pommel Strike","Cleave"],"picked":"Singing Bowl","floor":20},{"not_picked":["Reaper","Reckless Charge"],"picked":"Pommel Strike+1","floor":21},{"not_picked":["Cleave","Seeing Red+1"],"picked":"Rage","floor":22},{"not_picked":["Warcry","Body Slam"],"picked":"Whirlwind","floor":23},{"not_picked":["Anger","Thunderclap","True Grit"],"picked":"Singing Bowl","floor":25},{"not_picked":["Anger","Perfected Strike"],"picked":"Shrug It Off","floor":28},{"not_picked":["Juggernaut","Exhume"],"picked":"Demon Form","floor":33},{"not_picked":["Clash"],"picked":"Singing Bowl","floor":35},{"not_picked":["Clothesline"],"picked":"Singing Bowl","floor":36},{"not_picked":["Entrench"],"picked":"Singing Bowl","floor":39},{"not_picked":["Exhume"],"picked":"Singing Bowl","floor":40},{"not_picked":["Perfected Strike+1"],"picked":"Singing Bowl","floor":42},{"not_picked":["Apotheosis"],"picked":"Singing Bowl","floor":45},{"not_picked":["Ghostly Armor"],"picked":"Singing Bowl","floor":46},{"not_picked":["Corruption"],"picked":"Singing Bowl","floor":48}],"player_experience":168608,"relics_obtained":[{"floor":6,"key":"Mercury Hourglass"},{"floor":9,"key":"Singing Bowl"},{"floor":10,"key":"Bag of Marbles"},{"floor":13,"key":"Happy Flower"},{"floor":23,"key":"Dodecahedron"},{"floor":26,"key":"Kunai"},{"floor":39,"key":"Red Skull"},{"floor":40,"key":"Magic Flower"},{"floor":42,"key":"Darkstone Periapt"},{"floor":43,"key":"Ancient Tea Set"}],"event_choices":[{"event_name":"Big Fish","player_choice":"Donut","floor":3,"damage_taken":0},{"event_name":"Purifier","player_choice":"One Purge","floor":29,"damage_taken":0},{"event_name":"Vampires","player_choice":"Became a vampire","floor":31,"damage_taken":0},{"event_name":"The Woman in Blue","player_choice":"Bought 0 Potions","floor":37,"damage_taken":0},{"event_name":"MindBloom","player_choice":"Fight","floor":39,"damage_taken":0},{"event_name":"SensoryStone","player_choice":"Memory 1","floor":45,"damage_taken":0}],"boss_relics":[{"not_picked":["Calling Bell","Runic Cube"],"picked":"Mark of Pain"},{"not_picked":["White Beast Statue","Velvet Choker"],"picked":"Busted Crown"}],"items_purged_floors":[2],"is_endless":false,"potions_floor_spawned":[7,10,13,14,16,22,28,33,36,40,46],"ascension_level":1}