{"path_per_floor":["M","?","M","$","?","R","E","M","T","R","E","M","R","M","R","B",null,"M","?","$","?","M","E","R","E","T","R","M","M","$","E","R","B",null,"M","?","M","M","M","M","M","R","T","M","?","$","R","$","R","B"],"character_chosen":"THE_SILENT","items_purchased":["Footwork","Dagger Spray","Sadistic Nature","Caltrops","Footwork"],"gold_per_floor":[116,116,130,29,29,29,57,74,145,145,172,184,184,202,202,303,303,314,314,43,43,60,91,91,124,124,124,144,159,119,153,153,257,257,271,271,288,302,322,335,355,355,355,373,373,195,195,195,195,195],"floor_reached":51,"campfire_rested":4,"playtime":4438,"current_hp_per_floor":[70,70,70,70,70,70,68,67,67,67,50,42,42,37,58,43,70,70,54,54,54,54,35,56,45,45,66,61,63,63,51,51,21,70,64,64,55,55,41,21,16,47,47,45,45,45,55,55,65,51],"items_purged":["Venomology","Prepared"],"gold":195,"score":692,"play_id":"9863801c-5888-4099-951b-254a26fdd965","local_time":"20180505050440","is_prod":false,"is_daily":false,"chose_seed":false,"is_ascension_mode":false,"campfire_upgraded":6,"timestamp":1525489480,"path_taken":["M","?","M","$","?","R","E","?","T","R","E","M","R","M","R","BOSS","M","?","$","?","M","E","R","E","T","R","M","M","$","E","R","BOSS","M","?","?","M","M","M","M","R","T","?","?","$","R","$","R","BOSS"],"build_version":"2018-05-03","seed_source_timestamp":2390910678945,"purchased_purges":2,"victory":true,"master_deck":["Defend_G+1","Defend_G+1","Defend_G+1","Defend_G+1","Strike_G+1","Strike_G+1","Strike_G+1","Strike_G+1","Survivor","Neutralize+1","Flying Knee","Footwork+1","Dagger Spray","Noxious Fumes+1","Poisoned Stab","Bane","Sadistic Nature+1","Sucker Punch+1","Envenom","Deflect","Caltrops","Catalyst+1","Deflect+1","Noxious Fumes+1","Footwork+1"],"max_hp_per_floor":[70,70,70,70,70,70,70,70,70,70,70,70,70,70,70,70,70,70,70,70,70,70,70,70,70,70,70,70,70,70,70,70,70,70,70,70,70,70,70,70,70,70,70,70,70,70,70,70,70,70],"relics":["Ring of the Snake","Art of War","Toolbox","Paper Crane","Sozu","Enchiridion","Centennial Puzzle","Bronze Scales","Mummified Hand","Oddly Smooth Stone","Eternal Feather","Sundial"],"card_choices":[{"not_picked":["Cloak And Dagger","Endless Agony"],"picked":"Flying Knee","floor":0},{"not_picked":["Leg Sweep","Flying Knee"],"picked":"Backflip","floor":3},{"not_picked":["Reflex","Prepared"],"picked":"Noxious Fumes","floor":7},{"not_picked":["Dodge and Roll","Prepared"],"picked":"Poisoned Stab","floor":8},{"not_picked":["Calculated Gamble","Dagger Spray"],"picked":"Prepared","floor":12},{"not_picked":["Dagger Spray","Grand Finale"],"picked":"Bane","floor":14},{"not_picked":["Burst","Die Die Die"],"picked":"Venomology","floor":16},{"not_picked":["Backflip","Dodge and Roll"],"picked":"Sucker Punch","floor":22},{"not_picked":["Malaise","Backflip"],"picked":"Envenom","floor":25},{"not_picked":["Slice","Dagger Spray"],"picked":"Deflect","floor":28},{"not_picked":["Riddle With Holes","Sucker Punch"],"picked":"Catalyst","floor":31},{"not_picked":["Slice","Sucker Punch"],"picked":"Deflect","floor":35},{"not_picked":["Predator","Escape Plan"],"picked":"Noxious Fumes","floor":37}],"player_experience":386152,"potions_floor_usage":[7,12,16,23],"damage_taken":[{"damage":0,"enemies":"2 Louse","floor":1,"turns":2},{"damage":0,"enemies":"Cultist","floor":3,"turns":4},{"damage":2,"enemies":"3 Sentries","floor":7,"turns":8},{"damage":1,"enemies":"Jaw Worm","floor":8,"turns":4},{"damage":17,"enemies":"Gremlin Nob","floor":11,"turns":5},{"damage":8,"enemies":"Exordium Wildlife","floor":12,"turns":3},{"damage":5,"enemies":"Looter","floor":14,"turns":3},{"damage":30,"enemies":"Slime Boss","floor":16,"turns":10},{"damage":0,"enemies":"Spheric Guardian","floor":18,"turns":4},{"damage":0,"enemies":"Chosen","floor":22,"turns":4},{"damage":23,"enemies":"Gremlin Leader","floor":23,"turns":6},{"damage":11,"enemies":"Slavers","floor":25,"turns":3},{"damage":5,"enemies":"Snake Plant","floor":28,"turns":3},{"damage":2,"enemies":"Sentry and Sphere","floor":29,"turns":5},{"damage":12,"enemies":"Gremlin Leader","floor":31,"turns":4},{"damage":34,"enemies":"Automaton","floor":33,"turns":10},{"damage":10,"enemies":"Flame Bruiser 1 Orb","floor":35,"turns":5},{"damage":9,"enemies":"3 Shapes","floor":37,"turns":3},{"damage":0,"enemies":"Maw","floor":38,"turns":6},{"damage":14,"enemies":"4 Shapes","floor":39,"turns":4},{"damage":20,"enemies":"Sphere and 2 Shapes","floor":40,"turns":6},{"damage":5,"enemies":"Flame Bruiser 2 Orb","floor":41,"turns":5},{"damage":2,"enemies":"Maw","floor":44,"turns":6},{"damage":18,"enemies":"Time Eater","floor":50,"turns":11}],"event_choices":[{"event_name":"Purifier","player_choice":"One Purge","floor":2,"damage_taken":0},{"event_name":"Living Wall","player_choice":"Forget","floor":5,"damage_taken":0},{"event_name":"Cursed Tome","player_choice":"Obtained Book","floor":19,"damage_taken":0},{"event_name":"Back to Basics","player_choice":"Simplicity","floor":21,"damage_taken":0},{"event_name":"Upgrade Shrine","player_choice":"Upgraded","floor":45,"damage_taken":0}],"boss_relics":[{"not_picked":["Lizard Tail","Velvet Choker"],"picked":"Sozu"},{"not_picked":["Astrolabe","Runic Pyramid"],"picked":"Eternal Feather"}],"potions_floor_spawned":[1,11,12,14,18,28,31,33,37,41],"seed_played":"-3050772335670420778","ascension_level":0,"is_trial":false}