{"gold_per_floor":[114,89,89,99,122,122,150,150,150,150,150,164,183,115,115,217,217,230,241,33,33,47,76,76,86,139,40,67,82,82,45,45,150,150,163,163,179,67,86,86,186,199,199,209,221,241,6,19,19,19],"floor_reached":51,"playtime":1828,"items_purged":[],"score":739,"play_id":"da5b2b09-0b3e-4f8f-83f4-48886389516d","local_time":"20181228144430","is_ascension_mode":false,"campfire_choices":[{"data":"Shrug It Off","floor":6.0,"key":"SMITH"},{"data":"Defend_R","floor":8.0,"key":"SMITH"},{"data":"Bash","floor":15.0,"key":"SMITH"},{"data":"Sword Boomerang","floor":24.0,"key":"SMITH"},{"floor":30.0,"key":"REST"},{"data":"Ghostly Armor","floor":32.0,"key":"SMITH"},{"data":"Shockwave","floor":40.0,"key":"SMITH"},{"data":"Defend_R","floor":49,"key":"SMITH"}],"neow_cost":"NONE","seed_source_timestamp":295806153988923,"circlet_count":0,"master_deck":["Strike_R","Strike_R","Strike_R","Strike_R","Strike_R","Defend_R","Defend_R+1","Defend_R+1","Defend_R+1","Bash+1","Twin Strike+1","Shrug It Off+1","Swift Strike","Dropkick","Anger+1","Sword Boomerang+1","Dropkick+1","Thunderclap","Dropkick","Headbutt","Reaper","Pommel Strike+1","Dropkick","Shockwave+1","Thunderclap","Shrug It Off"],"special_seed":0,"relics":["Burning Blood","Oddly Smooth Stone","Shuriken","Pear","Velvet Choker","Membership Card","Vajra","MawBank","Red Skull","Bird Faced Urn","Cursed Key","Regal Pillow","StoneCalendar","Ornamental Fan","HandDrill"],"potions_floor_usage":[50,50],"damage_taken":[{"damage":8.0,"enemies":"2 Louse","floor":1.0,"turns":2.0},{"damage":3.0,"enemies":"Jaw Worm","floor":4.0,"turns":2.0},{"damage":21.0,"enemies":"3 Sentries","floor":7.0,"turns":10.0},{"damage":0.0,"enemies":"Small Slimes","floor":12.0,"turns":2.0},{"damage":4.0,"enemies":"Red Slaver","floor":13.0,"turns":3.0},{"damage":30.0,"enemies":"Hexaghost","floor":16.0,"turns":9.0},{"damage":4.0,"enemies":"3 Byrds","floor":18.0,"turns":5.0},{"damage":12.0,"enemies":"Spheric Guardian","floor":19.0,"turns":4.0},{"damage":8.0,"enemies":"Centurion and Healer","floor":22.0,"turns":6.0},{"damage":49.0,"enemies":"Gremlin Leader","floor":23.0,"turns":6.0},{"damage":12.0,"enemies":"Snake Plant","floor":25.0,"turns":3.0},{"damage":20.0,"enemies":"Slavers","floor":28.0,"turns":3.0},{"damage":10.0,"enemies":"Cultist and Chosen","floor":29.0,"turns":2.0},{"damage":40.0,"enemies":"Champ","floor":33.0,"turns":8.0},{"damage":9.0,"enemies":"3 Darklings","floor":35.0,"turns":6.0},{"damage":9.0,"enemies":"Orb Walker","floor":37.0,"turns":3.0},{"damage":39.0,"enemies":"Writhing Mass","floor":39.0,"turns":4.0},{"damage":5.0,"enemies":"Mind Bloom Boss Battle","floor":41.0,"turns":4.0},{"damage":27.0,"enemies":"Sphere and 2 Shapes","floor":42.0,"turns":4.0},{"damage":0,"enemies":"Transient","floor":44,"turns":5},{"damage":17,"enemies":"Maw","floor":45,"turns":6},{"damage":21,"enemies":"Writhing Mass","floor":46,"turns":4},{"damage":12,"enemies":"Sphere and 2 Shapes","floor":48,"turns":3},{"damage":41,"enemies":"Donu and Deca","floor":50,"turns":7}],"seed_played":"-481207639309630293","potions_obtained":[{"floor":12.0,"key":"SkillPotion"},{"floor":13.0,"key":"PowerPotion"},{"floor":18.0,"key":"Block Potion"},{"floor":23.0,"key":"AttackPotion"},{"floor":29.0,"key":"GamblersBrew"},{"floor":37.0,"key":"Energy Potion"}],"is_trial":false,"path_per_floor":["M","$","?","M","T","R","E","R","T","$","?","M","M","$","R","B",null,"M","M","$","$","M","E","R","M","T","$","E","M","R","$","R","B",null,"M","?","M","$","M","R","?","M","T","M","M","M","$","M","R","B",null],"character_chosen":"IRONCLAD","items_purchased":["Twin Strike","Dropkick","Membership Card","Red Skull","Dropkick","Ghostly Armor","Regal Pillow","Shockwave","Shrug It Off","Ornamental Fan","HandDrill"],"campfire_rested":1,"item_purchase_floors":[2,14,20,27,27,31,38,38,47,47,47],"current_hp_per_floor":[86,86,68,71,71,71,56,56,66,66,66,72,74,74,74,50,98,98,92,92,92,90,47,47,41,41,41,27,23,52,52,52,18,98,98,98,95,95,74,74,84,68,68,89,87,72,72,82,82,73],"gold":19,"neow_bonus":"TEN_PERCENT_HP_BONUS","is_prod":false,"is_daily":false,"chose_seed":false,"campfire_upgraded":7,"win_rate":0,"timestamp":1546001070,"path_taken":["M","$","?","M","?","R","E","R","T","$","?","M","M","$","R","BOSS","M","M","?","$","M","E","R","M","T","$","E","M","R","$","R","BOSS","M","?","M","$","M","R","?","M","T","M","?","M","$","M","R","BOSS"],"build_version":"2018-12-20","purchased_purges":0,"victory":true,"max_hp_per_floor":[88,88,88,88,88,88,88,88,98,98,98,98,98,98,98,98,98,98,98,98,98,98,98,98,98,98,98,98,98,98,98,98,98,98,98,98,98,98,98,98,98,98,98,98,98,98,98,98,98,98],"card_choices":[{"not_picked":["Armaments","Havoc","Cleave"],"picked":"SKIP","floor":1.0},{"not_picked":["Pommel Strike","Warcry"],"picked":"Shrug It Off","floor":4.0},{"not_picked":["Disarm","Seeing Red","Exhume"],"picked":"SKIP","floor":7.0},{"not_picked":["Shrug It Off","Seeing Red","Infernal Blade"],"picked":"SKIP","floor":12.0},{"not_picked":["Searing Blow","Iron Wave","Havoc"],"picked":"SKIP","floor":13.0},{"not_picked":["Warcry+1","Carnage+1","Blood for Blood"],"picked":"SKIP","floor":18.0},{"not_picked":["Shockwave+1","Headbutt+1"],"picked":"Anger+1","floor":19.0},{"not_picked":["Reckless Charge","Feel No Pain"],"picked":"Sword Boomerang","floor":22.0},{"not_picked":["Warcry","Fiend Fire"],"picked":"Dropkick+1","floor":23.0},{"not_picked":["Blood for Blood+1","Corruption"],"picked":"Thunderclap","floor":25.0},{"not_picked":["Shockwave","Cleave+1","Battle Trance"],"picked":"SKIP","floor":28.0},{"not_picked":["Cleave","Wild Strike"],"picked":"Headbutt","floor":29.0},{"not_picked":["Berserk","Brutality"],"picked":"Reaper","floor":33.0},{"not_picked":["Body Slam+1","Evolve"],"picked":"Pommel Strike+1","floor":35.0},{"not_picked":["True Grit+1","Power Through+1"],"picked":"Dropkick","floor":37.0},{"not_picked":["Twin Strike+1","Fire Breathing"],"picked":"Thunderclap","floor":39.0},{"not_picked":["Flex+1","Uppercut","Combust"],"picked":"SKIP","floor":42.0},{"not_picked":["Iron Wave+1","Body Slam","Havoc"],"picked":"SKIP","floor":44},{"not_picked":["Heavy Blade+1","Rampage+1","Headbutt+1"],"picked":"SKIP","floor":45},{"not_picked":["True Grit","Body Slam","Exhume"],"picked":"SKIP","floor":46},{"not_picked":["Wild Strike+1","Heavy Blade","Reckless Charge"],"picked":"SKIP","floor":48}],"player_experience":530173,"relics_obtained":[{"floor":5.0,"key":"Oddly Smooth Stone"},{"floor":7.0,"key":"Shuriken"},{"floor":9.0,"key":"Pear"},{"floor":23.0,"key":"Vajra"},{"floor":26.0,"key":"MawBank"},{"floor":28.0,"key":"Bird Faced Urn"},{"floor":41.0,"key":"StoneCalendar"}],"event_choices":[{"damage_healed":0.0,"max_hp_gain":0.0,"max_hp_loss":0.0,"gold_gain":0.0,"event_name":"Shining Light","player_choice":"Entered Light","floor":3.0,"gold_loss":0.0,"damage_taken":18.0,"cards_upgraded":["Defend_R","Twin Strike"]},{"damage_healed":0.0,"max_hp_gain":0.0,"max_hp_loss":0.0,"gold_gain":0.0,"event_name":"Match and Keep!","player_choice":"1 cards matched","floor":11.0,"gold_loss":0.0,"damage_taken":0.0,"cards_obtained":["Swift Strike"]},{"cards_removed":["Ghostly Armor"],"damage_healed":0.0,"max_hp_gain":0.0,"max_hp_loss":0.0,"gold_gain":0.0,"event_name":"Falling","player_choice":"Removed Skill","floor":36.0,"gold_loss":0.0,"damage_taken":0.0},{"damage_healed":0.0,"max_hp_gain":0.0,"max_hp_loss":0.0,"gold_gain":0.0,"event_name":"MindBloom","player_choice":"Fight","floor":41.0,"gold_loss":0.0,"damage_taken":0.0}],"is_beta":false,"boss_relics":[{"not_picked":["Snecko Eye","Empty Cage"],"picked":"Velvet Choker"},{"not_picked":["Runic Dome","Orrery"],"picked":"Cursed Key"}],"items_purged_floors":[],"is_endless":false,"potions_floor_spawned":[12,13,18,23,29,37,41,45,46],"ascension_level":0}