{"gold_per_floor":[114,114,42,42,59,59,90,41,41,41,74,88,108,134,134,230,230,244,244,63,78,78,78,108,120,120,42,52,52,67,67,67,168,168,181,281,294,314,324,324,342,342,342,0,0,14,14,47,47,47],"floor_reached":51,"playtime":2786,"items_purged":["Strike_G"],"score":1123,"play_id":"35d5c0c7-3da8-4444-95ef-19a173dd43f8","local_time":"20190725195412","is_ascension_mode":true,"campfire_choices":[{"data":"Neutralize","floor":6,"key":"SMITH"},{"data":"Footwork","floor":10,"key":"SMITH"},{"data":"Envenom","floor":15,"key":"SMITH"},{"data":"RitualDagger","floor":23,"key":"SMITH"},{"floor":29,"key":"REST"},{"floor":32,"key":"REST"},{"floor":40,"key":"REST"},{"data":"Wraith Form v2","floor":42,"key":"SMITH"},{"data":"Catalyst","floor":49,"key":"SMITH"}],"neow_cost":"NONE","seed_source_timestamp":139440985617738,"circlet_count":0,"master_deck":["AscendersBane","Strike_G","Strike_G","Strike_G","Strike_G","Defend_G","Defend_G","Defend_G","Defend_G","Defend_G","Survivor","Neutralize+1","Dagger Spray","Footwork+1","Backstab","PiercingWail","Deflect","Dagger Spray","Envenom+1","Cloak And Dagger","Adrenaline","Catalyst+1","Noxious Fumes","Dodge and Roll","Deadly Poison","RitualDagger+1","Dodge and Roll+1","Deadly Poison","Well Laid Plans","PiercingWail+1","Catalyst+1","Wraith Form v2+1","Catalyst","Poisoned Stab+1","Crippling Poison+1","Dodge and Roll+1","Dagger Spray+1","Deflect+1"],"relics":["Ring of the Serpent","NeowsBlessing","Paper Crane","Orichalcum","Bronze Scales","Ancient Tea Set","Blood Vial","The Specimen","Art of War","Molten Egg 2","Lizard Tail","Bird Faced Urn","Nunchaku","Red Mask","Smiling Mask","PreservedInsect"],"potions_floor_usage":[14,24,24,30,33,36,38,50],"damage_taken":[{"damage":0,"enemies":"Jaw Worm","floor":1,"turns":1},{"damage":0,"enemies":"2 Louse","floor":5,"turns":1},{"damage":0,"enemies":"Gremlin Nob","floor":7,"turns":1},{"damage":17,"enemies":"3 Sentries","floor":11,"turns":8},{"damage":0,"enemies":"Small Slimes","floor":12,"turns":3},{"damage":1,"enemies":"Red Slaver","floor":13,"turns":4},{"damage":9,"enemies":"Gremlin Nob","floor":14,"turns":5},{"damage":19,"enemies":"The Guardian","floor":16,"turns":12},{"damage":16,"enemies":"Shell Parasite","floor":18,"turns":5},{"damage":19,"enemies":"Spheric Guardian","floor":21,"turns":8},{"damage":11,"enemies":"Gremlin Leader","floor":24,"turns":8},{"damage":0,"enemies":"Centurion and Healer","floor":25,"turns":7},{"damage":39,"enemies":"Sentry and Sphere","floor":28,"turns":8},{"damage":6,"enemies":"Cultist and Chosen","floor":30,"turns":6},{"damage":29,"enemies":"Automaton","floor":33,"turns":9},{"damage":9,"enemies":"Orb Walker","floor":35,"turns":5},{"damage":26,"enemies":"Mind Bloom Boss Battle","floor":36,"turns":8},{"damage":23,"enemies":"3 Darklings","floor":37,"turns":7},{"damage":38,"enemies":"Spire Growth","floor":38,"turns":5},{"damage":8,"enemies":"Transient","floor":39,"turns":5},{"damage":16,"enemies":"Sphere and 2 Shapes","floor":41,"turns":6},{"damage":8,"enemies":"Maw","floor":46,"turns":5},{"damage":3,"enemies":"Giant Head","floor":48,"turns":7},{"damage":36,"enemies":"Time Eater","floor":50,"turns":6}],"seed_played":"1930616761852266837","potions_obtained":[{"floor":5,"key":"Strength Potion"},{"floor":7,"key":"Weak Potion"},{"floor":14,"key":"FearPotion"},{"floor":16,"key":"GhostInAJar"},{"floor":18,"key":"Regen Potion"},{"floor":25,"key":"Ancient Potion"},{"floor":28,"key":"AttackPotion"},{"floor":33,"key":"AttackPotion"},{"floor":36,"key":"Explosive Potion"},{"floor":38,"key":"Fire Potion"},{"floor":41,"key":"FearPotion"}],"is_trial":false,"path_per_floor":["M","?","$","?","M","R","E","$","T","R","E","M","M","E","R","B",null,"M","?","$","M","?","R","E","M","T","$","M","R","M","T","R","B",null,"M","?","M","M","M","R","M","R","T","?","?","M","$","E","R","B",null],"character_chosen":"THE_SILENT","items_purchased":["Footwork","PiercingWail","Noxious Fumes","Dodge and Roll","Well Laid Plans"],"campfire_rested":3,"item_purchase_floors":[3,8,20,20,27],"current_hp_per_floor":[63,45,45,68,68,68,68,68,68,68,51,51,50,41,41,24,59,45,68,68,51,45,45,51,53,53,53,16,37,33,33,54,27,59,52,28,13,37,39,60,52,52,52,52,52,52,52,61,61,35],"gold":47,"neow_bonus":"THREE_ENEMY_KILL","is_prod":false,"is_daily":false,"chose_seed":false,"campfire_upgraded":6,"win_rate":0,"timestamp":1564102452,"path_taken":["M","?","$","?","M","R","E","$","T","R","E","M","M","E","R","BOSS","M","?","$","M","?","R","E","M","T","?","M","R","M","?","R","BOSS","M","?","M","M","M","R","M","R","T","?","?","?","?","E","R","BOSS"],"build_version":"2019-07-17","purchased_purges":1,"victory":true,"max_hp_per_floor":[70,70,70,70,70,70,70,70,70,70,70,70,70,70,70,70,70,70,70,70,70,70,70,70,70,70,70,70,70,70,70,70,70,70,70,70,70,70,70,70,70,70,70,70,70,70,70,70,70,70],"card_choices":[{"not_picked":["Bane","Dagger Throw"],"picked":"Dagger Spray","floor":1},{"not_picked":["Acrobatics","Blade Dance"],"picked":"Backstab","floor":5},{"not_picked":["Deadly Poison","Slice"],"picked":"Poisoned Stab","floor":7},{"not_picked":["Blade Dance","Masterful Stab"],"picked":"Deflect","floor":11},{"not_picked":["Dagger Throw","Endless Agony"],"picked":"Dagger Spray","floor":12},{"not_picked":["Cloak And Dagger","Concentrate"],"picked":"Envenom","floor":13},{"not_picked":["Endless Agony","Finisher"],"picked":"Cloak And Dagger","floor":14},{"not_picked":["Doppelganger","Night Terror"],"picked":"Adrenaline","floor":16},{"not_picked":["Dagger Spray+1","Backstab"],"picked":"Catalyst","floor":18},{"not_picked":["Tactician","Cloak And Dagger"],"picked":"Deadly Poison","floor":21},{"not_picked":["Dagger Throw","Slice+1"],"picked":"Dodge and Roll+1","floor":24},{"not_picked":["Underhanded Strike","Dodge and Roll"],"picked":"Deadly Poison","floor":25},{"not_picked":["Flechettes+1","Finisher"],"picked":"PiercingWail+1","floor":28},{"not_picked":["Dodge and Roll+1","Underhanded Strike"],"picked":"Catalyst+1","floor":30},{"not_picked":["Bullet Time","Tools of the Trade"],"picked":"Wraith Form v2","floor":33},{"not_picked":["Underhanded Strike+1","Flying Knee+1"],"picked":"Catalyst","floor":35},{"not_picked":["Outmaneuver+1","Prepared+1"],"picked":"Poisoned Stab+1","floor":36},{"not_picked":["Terror","Dagger Throw+1","Riddle With Holes+1"],"picked":"SKIP","floor":37},{"not_picked":["Poisoned Stab+1","Deadly Poison"],"picked":"Crippling Poison+1","floor":38},{"not_picked":["Underhanded Strike+1","Slice+1","Bane+1"],"picked":"SKIP","floor":39},{"not_picked":["Choke+1","Prepared+1"],"picked":"Dodge and Roll+1","floor":41},{"not_picked":["Underhanded Strike+1","Concentrate+1"],"picked":"Dagger Spray+1","floor":46},{"not_picked":["Outmaneuver","Blade Dance+1"],"picked":"Deflect+1","floor":48}],"player_experience":231688,"relics_obtained":[{"floor":7,"key":"Orichalcum"},{"floor":9,"key":"Bronze Scales"},{"floor":11,"key":"Ancient Tea Set"},{"floor":14,"key":"Blood Vial"},{"floor":24,"key":"The Specimen"},{"floor":26,"key":"Art of War"},{"floor":31,"key":"Molten Egg 2"},{"floor":36,"key":"Bird Faced Urn"},{"floor":43,"key":"Nunchaku"},{"floor":48,"key":"PreservedInsect"}],"event_choices":[{"damage_healed":0,"gold_gain":0,"player_choice":"Success","damage_taken":18,"relics_obtained":["Paper Crane"],"max_hp_gain":0,"max_hp_loss":0,"event_name":"Scrap Ooze","floor":2,"gold_loss":0},{"damage_healed":23,"gold_gain":0,"player_choice":"Banana","damage_taken":0,"max_hp_gain":0,"max_hp_loss":0,"event_name":"Big Fish","floor":4,"gold_loss":0},{"damage_healed":23,"gold_gain":0,"player_choice":"Heal","damage_taken":0,"max_hp_gain":0,"max_hp_loss":0,"event_name":"The Library","floor":19,"gold_loss":0},{"damage_healed":0,"gold_gain":0,"player_choice":"Joined the Cult","damage_taken":6,"max_hp_gain":0,"max_hp_loss":0,"event_name":"Nest","floor":22,"gold_loss":0,"cards_obtained":["RitualDagger"]},{"damage_healed":0,"gold_gain":0,"player_choice":"Fight","damage_taken":0,"max_hp_gain":0,"max_hp_loss":0,"event_name":"MindBloom","floor":36,"gold_loss":0},{"damage_healed":0,"gold_gain":0,"player_choice":"Paid","damage_taken":0,"relics_obtained":["Red Mask"],"max_hp_gain":0,"max_hp_loss":0,"event_name":"Tomb of Lord Red Mask","floor":44,"gold_loss":342},{"cards_removed":["Poisoned Stab"],"damage_healed":0,"gold_gain":0,"player_choice":"Gave Card","damage_taken":0,"relics_obtained":["Smiling Mask"],"max_hp_gain":0,"max_hp_loss":0,"event_name":"WeMeetAgain","floor":45,"gold_loss":0}],"is_beta":false,"boss_relics":[{"not_picked":["WristBlade","Coffee Dripper"],"picked":"Ring of the Serpent"},{"not_picked":["Orrery","Astrolabe"],"picked":"Lizard Tail"}],"items_purged_floors":[20],"is_endless":false,"potions_floor_spawned":[5,7,14,16,18,25,28,33,36,38,41,46],"ascension_level":10}