{"gold_per_floor":[115,115,135,149,159,187,187,205,290,290,309,327,356,7,7,112,112,131,131,141,141,141],"floor_reached":22,"playtime":9047,"items_purged":["Strike_G"],"score":208,"play_id":"15164cfa-6011-468a-b9f3-db261c54b3fc","local_time":"20190702223917","is_ascension_mode":true,"campfire_choices":[{"floor":7,"key":"REST"},{"floor":15,"key":"REST"}],"neow_cost":"NONE","seed_source_timestamp":48785500081655,"circlet_count":0,"master_deck":["Strike_G","Strike_G","Strike_G","Defend_G","Defend_G","Defend_G","Defend_G","Defend_G","Survivor","Neutralize","Flying Knee","Bane","Deadly Poison","Bane","Corpse Explosion","Bane","Blade Dance","Bouncing Flask","Footwork","Footwork","Dash","Tools of the Trade","Noxious Fumes","Outmaneuver","Infinite Blades","Deadly Poison","Well Laid Plans","Poisoned Stab+1","Deadly Poison"],"relics":["Ring of the Snake","Omamori","Ornamental Fan","Tiny Chest","Ninja Scroll","Oddly Smooth Stone","Orrery","Enchiridion"],"potions_floor_usage":[6],"damage_taken":[{"damage":0,"enemies":"2 Louse","floor":1,"turns":4},{"damage":0,"enemies":"Cultist","floor":3,"turns":5},{"damage":1,"enemies":"Jaw Worm","floor":4,"turns":4},{"damage":13,"enemies":"Lots of Slimes","floor":5,"turns":4},{"damage":13,"enemies":"Lagavulin","floor":6,"turns":5},{"damage":10,"enemies":"2 Fungi Beasts","floor":8,"turns":3},{"damage":0,"enemies":"Looter","floor":11,"turns":4},{"damage":10,"enemies":"Lots of Slimes","floor":12,"turns":4},{"damage":28,"enemies":"Gremlin Nob","floor":13,"turns":4},{"damage":22,"enemies":"The Guardian","floor":16,"turns":9},{"damage":16,"enemies":"2 Thieves","floor":18,"turns":4},{"damage":0,"enemies":"Chosen","floor":20,"turns":4},{"damage":41,"enemies":"Sentry and Sphere","floor":22,"turns":5}],"seed_played":"-6899564537331427617","potions_obtained":[{"floor":4,"key":"Poison Potion"},{"floor":6,"key":"Energy Potion"},{"floor":8,"key":"LiquidBronze"},{"floor":12,"key":"Dexterity Potion"},{"floor":16,"key":"Weak Potion"}],"is_trial":false,"path_per_floor":["M","?","M","M","M","E","R","M","T","?","M","M","E","$","R","B",null,"M","?","M","?","M"],"character_chosen":"THE_SILENT","items_purchased":["Oddly Smooth Stone","Footwork","Dash"],"campfire_rested":2,"item_purchase_floors":[14,14,14],"current_hp_per_floor":[70,70,70,69,56,43,64,54,54,54,54,44,16,16,37,15,70,54,38,38,38,0],"gold":141,"neow_bonus":"RANDOM_COMMON_RELIC","is_prod":false,"is_daily":false,"chose_seed":false,"campfire_upgraded":0,"win_rate":1,"timestamp":1562125157,"path_taken":["M","?","?","M","M","E","R","M","T","?","M","?","E","$","R","BOSS","M","?","M","?","M"],"build_version":"2019-07-01","purchased_purges":1,"victory":false,"max_hp_per_floor":[70,70,70,70,70,70,70,70,70,70,70,70,70,70,70,70,70,70,70,70,70,70],"card_choices":[{"not_picked":["Backstab","Dodge and Roll"],"picked":"Flying Knee","floor":1},{"not_picked":["Blade Dance","Flying Knee"],"picked":"Bane","floor":3},{"not_picked":["Dagger Spray","Dodge and Roll"],"picked":"Deadly Poison","floor":4},{"not_picked":["Blur","Underhanded Strike"],"picked":"Bane","floor":5},{"not_picked":["Choke","Quick Slash"],"picked":"Corpse Explosion","floor":6},{"not_picked":["PiercingWail","Blade Dance"],"picked":"Bane","floor":8},{"not_picked":["Eviscerate","Finisher"],"picked":"Blade Dance","floor":11},{"not_picked":["Underhanded Strike","Slice"],"picked":"Bouncing Flask","floor":12},{"not_picked":["Bouncing Flask","Dagger Throw"],"picked":"Footwork","floor":13},{"not_picked":["Doppelganger","A Thousand Cuts"],"picked":"Tools of the Trade","floor":16},{"not_picked":["Crippling Poison","Deflect"],"picked":"Noxious Fumes","floor":17},{"not_picked":["Blur","Catalyst"],"picked":"Outmaneuver","floor":17},{"not_picked":["Backstab","Acrobatics"],"picked":"Infinite Blades","floor":17},{"not_picked":["Dodge and Roll","Acrobatics"],"picked":"Deadly Poison","floor":17},{"not_picked":["Blur","Deadly Poison"],"picked":"Well Laid Plans","floor":17},{"not_picked":["Deadly Poison","Catalyst"],"picked":"Poisoned Stab+1","floor":18},{"not_picked":["Slice","Dagger Spray"],"picked":"Deadly Poison","floor":20}],"player_experience":163771,"relics_obtained":[{"floor":6,"key":"Ornamental Fan"},{"floor":9,"key":"Tiny Chest"},{"floor":13,"key":"Ninja Scroll"},{"floor":19,"key":"Enchiridion"}],"event_choices":[{"damage_healed":0,"gold_gain":0,"player_choice":"Ignored","damage_taken":0,"max_hp_gain":0,"max_hp_loss":0,"event_name":"WeMeetAgain","floor":2,"gold_loss":0},{"cards_removed":["Strike_G"],"damage_healed":0,"gold_gain":0,"player_choice":"Purged","damage_taken":0,"max_hp_gain":0,"max_hp_loss":0,"event_name":"Purifier","floor":10,"gold_loss":0},{"damage_healed":0,"gold_gain":0,"player_choice":"Obtained Book","damage_taken":16,"max_hp_gain":0,"max_hp_loss":0,"event_name":"Cursed Tome","floor":19,"gold_loss":0},{"damage_healed":0,"gold_gain":0,"player_choice":"Ignored","damage_taken":0,"max_hp_gain":0,"max_hp_loss":0,"event_name":"Vampires","floor":21,"gold_loss":0}],"is_beta":false,"boss_relics":[{"not_picked":["Runic Pyramid","Runic Dome"],"picked":"Orrery"}],"items_purged_floors":[14],"is_endless":false,"potions_floor_spawned":[4,6,8,12,16],"killed_by":"Sentry and Sphere","ascension_level":1}