{"gold_per_floor":[109,125,141,141,154,154,329,329,354,386,49,149,149,175,175,175],"floor_reached":16,"playtime":610,"items_purged":["Doubt"],"score":108,"play_id":"2cf6b09d-7d29-4d33-a806-d6bae139b65c","local_time":"20181228194204","is_ascension_mode":false,"campfire_choices":[{"data":"Go for the Eyes","floor":6,"key":"SMITH"},{"data":"Reboot","floor":8,"key":"SMITH"},{"data":"Dualcast","floor":13,"key":"SMITH"},{"data":"Coolheaded","floor":15,"key":"SMITH"}],"neow_cost":"CURSE","seed_source_timestamp":314950312679715,"circlet_count":0,"master_deck":["Strike_B","Strike_B","Strike_B","Strike_B","Defend_B","Defend_B","Defend_B","Defend_B","Zap+1","Dualcast+1","Injury","Reboot+1","Gash","FTL","Cold Snap","Go for the Eyes+1","Core Surge","Auto Shields","Coolheaded+1"],"relics":["Cracked Core","Smiling Mask","Regal Pillow","Runic Capacitor","Question Card"],"potions_floor_usage":[],"damage_taken":[{"damage":2,"enemies":"2 Louse","floor":1,"turns":3},{"damage":6,"enemies":"Cultist","floor":2,"turns":3},{"damage":2,"enemies":"Small Slimes","floor":3,"turns":3},{"damage":6,"enemies":"Red Slaver","floor":5,"turns":3},{"damage":25,"enemies":"Lagavulin","floor":10,"turns":6},{"damage":14,"enemies":"3 Sentries","floor":14,"turns":6},{"damage":21,"enemies":"The Guardian","floor":16,"turns":12}],"seed_played":"-6506903906108239471","potions_obtained":[{"floor":2,"key":"Ancient Potion"}],"is_trial":false,"path_per_floor":["M","M","M","?","M","R","?","R","T","E","$","?","R","E","R","B"],"character_chosen":"DEFECT","items_purchased":["Runic Capacitor","Auto Shields"],"campfire_rested":0,"item_purchase_floors":[11,11],"current_hp_per_floor":[73,67,65,65,59,59,59,59,59,34,34,34,34,20,20,0],"gold":175,"neow_bonus":"THREE_RARE_CARDS","is_prod":false,"is_daily":false,"chose_seed":false,"campfire_upgraded":4,"win_rate":0,"timestamp":1546018924,"path_taken":["M","M","M","?","?","R","?","R","T","E","$","?","R","E","R","BOSS"],"build_version":"2018-12-20","purchased_purges":1,"victory":false,"max_hp_per_floor":[75,75,75,75,75,75,75,75,75,75,75,75,75,75,75,75],"card_choices":[{"not_picked":["Rainbow","Biased Cognition"],"picked":"Reboot","floor":0},{"not_picked":["Glacier","Loop"],"picked":"Gash","floor":1},{"not_picked":["Rebound","Ball Lightning"],"picked":"FTL","floor":2},{"not_picked":["Force Field","Fusion"],"picked":"Cold Snap","floor":3},{"not_picked":["Double Energy","Redo"],"picked":"Go for the Eyes","floor":5},{"not_picked":["Leap","Cold Snap"],"picked":"Core Surge","floor":10},{"not_picked":["Consume","Redo"],"picked":"Coolheaded","floor":14}],"player_experience":537174,"relics_obtained":[{"floor":9,"key":"Smiling Mask"},{"floor":10,"key":"Regal Pillow"},{"floor":14,"key":"Question Card"}],"event_choices":[{"damage_healed":0,"gold_gain":0,"player_choice":"Forge","damage_taken":0,"max_hp_gain":0,"max_hp_loss":0,"event_name":"Accursed Blacksmith","floor":4,"gold_loss":0,"cards_upgraded":["Zap"]},{"damage_healed":0,"gold_gain":175,"player_choice":"AGREE","damage_taken":0,"max_hp_gain":0,"max_hp_loss":0,"event_name":"Liars Game","floor":7,"gold_loss":0,"cards_obtained":["Doubt"]},{"damage_healed":0,"gold_gain":100,"player_choice":"Gold","damage_taken":0,"max_hp_gain":0,"max_hp_loss":0,"event_name":"Wheel of Change","floor":12,"gold_loss":0}],"is_beta":false,"boss_relics":[],"items_purged_floors":[11],"is_endless":false,"potions_floor_spawned":[2],"killed_by":"The Guardian","ascension_level":0}