{"path_per_floor":["M","M","$","M","M","R","M","R","T","M","R","M","M","E","R","B",null,"M","M","$","M","$","R","M","R","T","M","?","M","M","?","R","B",null,"M","M","M","M"],"character_chosen":"DEFECT","items_purchased":["Capacitor","Lantern","Leap","Capacitor"],"gold_per_floor":[116,126,80,92,106,106,116,116,116,133,133,150,170,199,199,299,299,317,333,152,164,116,116,128,128,128,145,145,158,172,172,172,274,274,285,302,320,334,334],"floor_reached":39,"campfire_rested":0,"playtime":2384,"current_hp_per_floor":[75,75,75,75,71,71,62,62,62,56,56,56,56,48,48,34,75,75,65,65,57,57,57,39,39,39,39,39,37,32,75,75,59,75,71,48,55,31,0],"items_purged":[],"gold":334,"score":418,"play_id":"6a426f52-2bcd-42e2-985b-3dc2a4ebc7bf","local_time":"20180501070121","is_prod":false,"is_daily":false,"chose_seed":true,"is_ascension_mode":false,"campfire_upgraded":7,"timestamp":1525147281,"path_taken":["M","M","$","M","M","R","M","R","T","M","R","M","M","E","R","BOSS","M","M","$","M","$","R","M","R","T","M","?","M","M","?","R","BOSS","M","M","M","M","M"],"build_version":"2018-04-27v3","seed_source_timestamp":735217627320175,"purchased_purges":0,"victory":false,"master_deck":["Strike_B","Strike_B","Strike_B","Strike_B","Defend_B","Defend_B","Defend_B","Defend_B","Zap+1","Dualcast","Storm+1","Leap","Capacitor","Ball Lightning","Buffer+1","Leap","Machine Learning+1","Leap","Defragment+1","Amplify+1","Skim","Leap","Capacitor+1","Leap","Parasite","Self Repair","Double Energy+1","Leap","Creative AI","Defragment+1","Defragment"],"max_hp_per_floor":[75,75,75,75,75,75,75,75,75,75,75,75,75,75,75,75,75,75,75,75,75,75,75,75,75,75,75,75,75,75,75,75,75,75,75,75,75,75,75],"relics":["Cracked Core","NeowsBlessing","Question Card","Oddly Smooth Stone","Cursed Key","Lantern","Darkstone Periapt","Runic Pyramid"],"card_choices":[{"not_picked":["Capacitor","Streamline"],"picked":"Storm","floor":1.0},{"not_picked":["Hologram","Coolheaded"],"picked":"Leap","floor":2.0},{"not_picked":["Turbo","Impulse"],"picked":"Ball Lightning","floor":4.0},{"not_picked":["White Noise","Stack"],"picked":"Buffer","floor":5.0},{"not_picked":["Beam Cell","Streamline"],"picked":"Leap","floor":7.0},{"not_picked":["Axe Kick","Chaos","Streamline"],"picked":"Machine Learning","floor":12.0},{"not_picked":["Rip and Tear","Go for the Eyes","Reinforced Body"],"picked":"Leap","floor":13.0},{"not_picked":["Rip and Tear","Sunder","Conserve Battery"],"picked":"Defragment","floor":14.0},{"not_picked":["Biased Cognition","All For One","Nova"],"picked":"Amplify","floor":16.0},{"not_picked":["Hologram","Go for the Eyes","Leap"],"picked":"Skim","floor":19.0},{"not_picked":["Blaster","Beam Cell","Go for the Eyes"],"picked":"Leap","floor":24.0},{"not_picked":["Buffer","Skim","Steam Power"],"picked":"Self Repair","floor":27.0},{"not_picked":["Blaster","Coolheaded","Reprogram"],"picked":"Double Energy","floor":29.0},{"not_picked":["Sweeping Beam","Cold Snap","Chaos"],"picked":"Leap","floor":30.0},{"not_picked":["Amplify","Thunder Strike","Echo Form"],"picked":"Creative AI","floor":33.0},{"not_picked":["Streamline","Ball Lightning","Gash"],"picked":"Defragment","floor":36.0},{"not_picked":["Capacitor","Skim","Glacier"],"picked":"Defragment","floor":38.0}],"player_experience":116910,"potions_floor_usage":[39,39],"damage_taken":[{"damage":0.0,"enemies":"2 Louse","floor":1.0,"turns":1.0},{"damage":0.0,"enemies":"Jaw Worm","floor":2.0,"turns":1.0},{"damage":0.0,"enemies":"Cultist","floor":4.0,"turns":1.0},{"damage":4.0,"enemies":"Blue Slaver","floor":5.0,"turns":4.0},{"damage":9.0,"enemies":"Exordium Wildlife","floor":7.0,"turns":5.0},{"damage":6.0,"enemies":"3 Louse","floor":10.0,"turns":4.0},{"damage":0.0,"enemies":"Gremlin Gang","floor":12.0,"turns":2.0},{"damage":0.0,"enemies":"Large Slime","floor":13.0,"turns":6.0},{"damage":8.0,"enemies":"3 Sentries","floor":14.0,"turns":7.0},{"damage":14.0,"enemies":"Hexaghost","floor":16.0,"turns":10.0},{"damage":0.0,"enemies":"Shell Parasite","floor":18.0,"turns":5.0},{"damage":10.0,"enemies":"Chosen","floor":19.0,"turns":4.0},{"damage":8.0,"enemies":"Slaver and Parasite","floor":21.0,"turns":5.0},{"damage":18.0,"enemies":"3 Cultists","floor":24.0,"turns":5.0},{"damage":0.0,"enemies":"Centurion and Healer","floor":27.0,"turns":6.0},{"damage":2.0,"enemies":"Sentry and Sphere","floor":29.0,"turns":4.0},{"damage":12.0,"enemies":"Slaver and Parasite","floor":30.0,"turns":5.0},{"damage":23.0,"enemies":"Collector","floor":33.0,"turns":10.0},{"damage":4.0,"enemies":"3 Shapes","floor":35.0,"turns":4.0},{"damage":30.0,"enemies":"Flame Bruiser 1 Orb","floor":36.0,"turns":7.0},{"damage":0.0,"enemies":"Sphere and 2 Shapes","floor":37.0,"turns":4.0},{"damage":24.0,"enemies":"4 Shapes","floor":38.0,"turns":4.0},{"damage":49,"enemies":"Flame Bruiser 2 Orb","floor":39,"turns":2}],"event_choices":[{"event_name":"Beggar","player_choice":"Ignored","floor":28.0,"damage_taken":0.0},{"event_name":"Wheel of Change","player_choice":"Full Heal","floor":31.0,"damage_taken":0.0}],"boss_relics":[],"potions_floor_spawned":[2,10,12,14,18,27,30,35,37],"seed_played":"231645879","killed_by":"Flame Bruiser 2 Orb","ascension_level":0,"is_trial":false}