{"path_per_floor":["M","?","M","M","?","E","M","R","T","M","M","$","E","M","R","B",null,"M","?","$","M","M","R","M","M","T","E","?","M","R","$","R"],"character_chosen":"IRONCLAD","items_purchased":["Flash of Steel","Seeing Red"],"gold_per_floor":[116,116,130,150,150,185,199,199,199,216,229,124,152,165,165,267,267,281,281,124,142,154,154,169,180,180,209,309,324,324,224,224],"floor_reached":33,"campfire_rested":3,"playtime":4915,"current_hp_per_floor":[75,75,78,80,64,30,23,47,47,47,50,50,28,33,57,11,80,80,64,64,60,56,56,55,51,51,43,43,49,49,49,73],"items_purged":["Combust","Strike_R"],"gold":224,"play_id":"0c42ea9d-d204-4cfd-a73f-8b3fefcb1af7","is_prod":false,"is_daily":false,"campfire_rituals":0,"campfire_upgraded":2,"is_hardmode":false,"path_taken":["M","?","M","?","?","E","M","R","T","M","M","$","E","M","R","BOSS","M","?","$","M","M","R","M","?","T","E","?","M","R","$","R","BOSS"],"build_version":"2018-01-18-PROD4","purchased_purges":2,"victory":false,"master_deck":["Strike_R","Strike_R","Strike_R","Strike_R","Defend_R","Defend_R","Defend_R","Defend_R","Bash","Cleave","Headbutt","Double Tap","Pommel Strike","Flex","Headbutt","Flash of Steel","Disarm","Reckless Charge","Offering","Thunderclap","Necronomicurse","Seeing Red","Sword Boomerang","Dropkick","Pommel Strike","Intimidate","Shrug It Off"],"max_hp_per_floor":[80,80,80,80,80,80,80,80,80,80,80,80,80,80,80,80,80,80,80,80,80,80,80,80,80,80,80,80,80,80,80,80],"relics":["Black Blood","Centennial Puzzle","Torii","Paper Frog","Necronomicon","Frozen Eye","Whetstone"],"campfire_meditates":0,"card_choices":[{"not_picked":["True Grit","Searing Blow"],"picked":"Cleave"},{"not_picked":["Cleave","Flex"],"picked":"Headbutt"},{"not_picked":["Flex","Pummel"],"picked":"Combust"},{"not_picked":["Pummel","True Grit"],"picked":"Double Tap"},{"not_picked":["Power Through","Armaments"],"picked":"Pommel Strike"},{"not_picked":["True Grit","Perfected Strike"],"picked":"Flex"},{"not_picked":["Perfected Strike","Clothesline"],"picked":"Headbutt"},{"not_picked":["Clash","Sever Soul"],"picked":"Disarm"},{"not_picked":["Burning Pact","Headbutt"],"picked":"Reckless Charge"},{"not_picked":["Fiend Fire","Double Tap"],"picked":"Offering"},{"not_picked":["Clothesline","Shockwave"],"picked":"Thunderclap"},{"not_picked":["Dual Wield","Anger"],"picked":"Sword Boomerang"},{"not_picked":["Reaper","Sever Soul"],"picked":"Dropkick"},{"not_picked":["Clothesline","Flex"],"picked":"Pommel Strike"},{"not_picked":["Headbutt","Pommel Strike"],"picked":"Intimidate"},{"not_picked":["Battle Trance","Headbutt"],"picked":"Shrug It Off"}],"player_experience":0,"potions_floor_usage":[14,16,33,33],"damage_taken":[{"damage":11,"enemies":"Blue Slaver","floor":1,"turns":8},{"damage":3,"enemies":"2 Louse","floor":3,"turns":2},{"damage":0,"enemies":"Small Slimes","floor":4,"turns":3},{"damage":40,"enemies":"Lagavulin","floor":6,"turns":8},{"damage":13,"enemies":"2 Fungi Beasts","floor":7,"turns":3},{"damage":6,"enemies":"Exordium Wildlife","floor":10,"turns":3},{"damage":3,"enemies":"Large Slime","floor":11,"turns":5},{"damage":28,"enemies":"Gremlin Nob","floor":13,"turns":4},{"damage":1,"enemies":"2 Fungi Beasts","floor":14,"turns":3},{"damage":52,"enemies":"The Guardian","floor":16,"turns":10},{"damage":5,"enemies":"Spheric Guardian","floor":18,"turns":3},{"damage":14,"enemies":"2 Thieves","floor":21,"turns":2},{"damage":14,"enemies":"Snecko","floor":22,"turns":4},{"damage":11,"enemies":"Centurion and Healer","floor":24,"turns":4},{"damage":14,"enemies":"Chosen and Byrds","floor":25,"turns":3},{"damage":18,"enemies":"Book of Stabbing","floor":27,"turns":3},{"damage":4,"enemies":"Sentry and Sphere","floor":29,"turns":2},{"damage":93,"enemies":"Champ","floor":33,"turns":9}],"event_choices":[{"event_name":"Accursed Blacksmith","player_choice":"Forge","floor":2,"damage_taken":0},{"event_name":"Shining Light","player_choice":"Entered Light","floor":5,"damage_taken":0},{"event_name":"Cursed Tome","player_choice":"Obtained Book","floor":19,"damage_taken":0},{"event_name":"Golden Shrine","player_choice":"Pray","floor":28,"damage_taken":0}],"boss_relics":[{"not_picked":["Philosopher\u0027s Stone","Velvet Choker"],"picked":"Black Blood"}],"potions_floor_spawned":[7,11,13,16,22,25,27],"seed_played":"7532922720281987811","killed_by":"Champ","is_trial":false}