{"gold_per_floor":[10,24,24,24,43,74,94,120,132,144,172,216,228,267,279,392,404,429,293,304,324,324,324,324,324,324,17,17,50,62,75,75,180,180,190,204,66,166,90,90,100,100,181,181,191,203,32,52,52,52],"floor_reached":51,"playtime":1464,"items_purged":["Strike_R"],"score":762,"play_id":"4a8252d2-b689-47f4-b8c1-6815e4661b9b","local_time":"20190523072524","is_ascension_mode":false,"campfire_choices":[{"data":"Juggernaut","floor":10.0,"key":"SMITH"},{"floor":13.0,"key":"REST"},{"data":"Armaments","floor":15.0,"key":"SMITH"},{"floor":23.0,"key":"REST"},{"floor":25.0,"key":"REST"},{"floor":28.0,"key":"RECALL"},{"floor":32.0,"key":"REST"},{"floor":40,"key":"REST"},{"floor":42,"key":"REST"},{"floor":49,"key":"REST"}],"neow_cost":"NO_GOLD","seed_source_timestamp":10596588762200,"circlet_count":0,"master_deck":["Strike_R","Strike_R","Strike_R","Defend_R","Defend_R","Defend_R","Defend_R","Bash","Juggernaut+1","Metallicize","Juggernaut","Armaments+1","Juggernaut","Battle Trance","Shrug It Off","Body Slam","Shrug It Off","Barricade","Impervious","Metallicize","Armaments+1","Metallicize","Apotheosis","Entrench+1"],"special_seed":0,"relics":["Burning Blood","PreservedInsect","MawBank","Anchor","Dream Catcher","Happy Flower","Fusion Hammer","Strawberry","Letter Opener","Bird Faced Urn","Kunai","Velvet Choker","Prayer Wheel","Mummified Hand"],"potions_floor_usage":[],"damage_taken":[{"damage":9.0,"enemies":"Jaw Worm","floor":1.0,"turns":5.0},{"damage":9.0,"enemies":"2 Louse","floor":2.0,"turns":3.0},{"damage":2.0,"enemies":"Small Slimes","floor":5.0,"turns":4.0},{"damage":44.0,"enemies":"Lagavulin","floor":6.0,"turns":9.0},{"damage":12.0,"enemies":"3 Louse","floor":7.0,"turns":4.0},{"damage":13.0,"enemies":"Gremlin Gang","floor":11.0,"turns":7.0},{"damage":11.0,"enemies":"3 Sentries","floor":12.0,"turns":6.0},{"damage":19.0,"enemies":"Gremlin Nob","floor":14.0,"turns":4.0},{"damage":5.0,"enemies":"Hexaghost","floor":16.0,"turns":8.0},{"damage":11.0,"enemies":"3 Byrds","floor":18.0,"turns":4.0},{"damage":19.0,"enemies":"2 Thieves","floor":20.0,"turns":4.0},{"damage":13.0,"enemies":"3 Cultists","floor":21.0,"turns":4.0},{"damage":23.0,"enemies":"Book of Stabbing","floor":29.0,"turns":5.0},{"damage":22.0,"enemies":"Sentry and Sphere","floor":30.0,"turns":4.0},{"damage":14.0,"enemies":"Centurion and Healer","floor":31.0,"turns":4.0},{"damage":9.0,"enemies":"Automaton","floor":33.0,"turns":7.0},{"damage":20.0,"enemies":"3 Darklings","floor":35.0,"turns":4.0},{"damage":0.0,"enemies":"3 Shapes","floor":36.0,"turns":4.0},{"damage":0.0,"enemies":"Mind Bloom Boss Battle","floor":38.0,"turns":3.0},{"damage":26,"enemies":"Spire Growth","floor":41,"turns":4},{"damage":0,"enemies":"Transient","floor":45,"turns":5},{"damage":21,"enemies":"Sphere and 2 Shapes","floor":46,"turns":4},{"damage":11,"enemies":"Writhing Mass","floor":48,"turns":4},{"damage":0,"enemies":"Time Eater","floor":50,"turns":7}],"seed_played":"-158781973440690594","potions_obtained":[{"floor":2.0,"key":"FearPotion"},{"floor":11.0,"key":"Poison Potion"},{"floor":16.0,"key":"Swift Potion"},{"floor":20.0,"key":"Regen Potion"},{"floor":29.0,"key":"Dexterity Potion"},{"floor":45,"key":"FairyPotion"}],"is_trial":false,"path_per_floor":["M","M","$","?","M","E","M","T","T","R","M","E","R","E","R","B",null,"M","$","M","M","?","R","?","R","T","$","R","E","M","M","R","B",null,"M","M","$","?","$","R","M","R","T","?","M","M","$","M","R","B",null],"character_chosen":"IRONCLAD","items_purchased":["Battle Trance","Bird Faced Urn","Impervious","Metallicize","Apotheosis"],"campfire_rested":7,"item_purchase_floors":[19,27,37,39,47],"current_hp_per_floor":[77,74,74,67,71,33,27,27,27,27,20,15,39,26,26,27,80,75,75,62,55,55,79,86,87,87,87,87,74,66,66,87,85,87,77,87,87,87,87,87,71,87,87,87,87,72,72,81,87,87],"gold":52,"neow_bonus":"THREE_RARE_CARDS","is_prod":false,"is_daily":false,"chose_seed":false,"campfire_upgraded":2,"win_rate":0,"timestamp":1558585524,"path_taken":["M","M","$","?","M","E","M","?","T","R","M","E","R","E","R","BOSS","M","$","M","M","?","R","?","R","T","$","R","E","M","M","R","BOSS","M","M","$","?","$","R","M","R","T","?","M","M","$","M","R","BOSS"],"build_version":"2019-01-23","purchased_purges":1,"victory":true,"max_hp_per_floor":[80,80,80,80,80,80,80,80,80,80,80,80,80,80,80,80,80,80,80,80,80,80,80,87,87,87,87,87,87,87,87,87,87,87,87,87,87,87,87,87,87,87,87,87,87,87,87,87,87,87],"card_choices":[{"not_picked":["Berserk","Offering"],"picked":"Juggernaut","floor":0.0},{"not_picked":["True Grit","Searing Blow","Sword Boomerang"],"picked":"SKIP","floor":1.0},{"not_picked":["Perfected Strike","Headbutt","Clothesline"],"picked":"SKIP","floor":2.0},{"not_picked":["Twin Strike","Intimidate","Headbutt"],"picked":"SKIP","floor":5.0},{"not_picked":["Evolve","Perfected Strike","Dropkick"],"picked":"SKIP","floor":6.0},{"not_picked":["Perfected Strike","Havoc"],"picked":"Metallicize","floor":7.0},{"not_picked":["Spot Weakness","Whirlwind","Havoc"],"picked":"SKIP","floor":11.0},{"not_picked":["Flame Barrier","Double Tap"],"picked":"Juggernaut","floor":12.0},{"not_picked":["Iron Wave","Warcry"],"picked":"Armaments","floor":13.0},{"not_picked":["Havoc","Sword Boomerang","True Grit"],"picked":"SKIP","floor":14.0},{"not_picked":["Bludgeon","Impervious"],"picked":"Juggernaut","floor":16.0},{"not_picked":["Rampage","Evolve+1","Sever Soul"],"picked":"SKIP","floor":18.0},{"not_picked":["Clothesline+1","Warcry"],"picked":"Shrug It Off","floor":20.0},{"not_picked":["Corruption","Sword Boomerang+1","Pommel Strike+1"],"picked":"SKIP","floor":21.0},{"not_picked":["Headbutt","Warcry"],"picked":"Shrug It Off","floor":25.0},{"not_picked":["True Grit","Twin Strike","Armaments"],"picked":"SKIP","floor":29.0},{"not_picked":["Cleave","Thunderclap","Limit Break"],"picked":"SKIP","floor":30.0},{"not_picked":["Wild Strike","Iron Wave+1","Twin Strike"],"picked":"SKIP","floor":31.0},{"not_picked":["Juggernaut","Limit Break"],"picked":"Barricade","floor":33.0},{"not_picked":["Pommel Strike+1","Clash","Second Wind+1"],"picked":"SKIP","floor":35.0},{"not_picked":["Thunderclap","Burning Pact+1","Sword Boomerang+1"],"picked":"SKIP","floor":36.0},{"not_picked":["Anger","Heavy Blade+1","Intimidate"],"picked":"SKIP","floor":41},{"not_picked":["Offering","Spot Weakness","Twin Strike+1"],"picked":"SKIP","floor":41},{"not_picked":["Spot Weakness+1","Second Wind+1"],"picked":"Armaments+1","floor":45},{"not_picked":["Clash","Blood for Blood+1","Sword Boomerang"],"picked":"SKIP","floor":45},{"not_picked":["Twin Strike+1","Fire Breathing"],"picked":"Metallicize","floor":46},{"not_picked":["Headbutt","Warcry+1","Rupture"],"picked":"SKIP","floor":46},{"not_picked":["Offering","Clash"],"picked":"Entrench+1","floor":48},{"not_picked":["Headbutt","Armaments+1","Havoc+1"],"picked":"SKIP","floor":48}],"player_experience":607541,"relics_obtained":[{"floor":6.0,"key":"PreservedInsect"},{"floor":8.0,"key":"MawBank"},{"floor":9.0,"key":"Anchor"},{"floor":12.0,"key":"Dream Catcher"},{"floor":14.0,"key":"Happy Flower"},{"floor":26.0,"key":"Letter Opener"},{"floor":29.0,"key":"Kunai"},{"floor":38.0,"key":"Prayer Wheel"},{"floor":43,"key":"Mummified Hand"}],"event_choices":[{"cards_removed":["Strike_R"],"damage_healed":0.0,"max_hp_gain":0.0,"max_hp_loss":0.0,"gold_gain":0.0,"event_name":"Golden Wing","player_choice":"Card Removal","floor":4.0,"gold_loss":0.0,"damage_taken":7.0},{"damage_healed":0.0,"max_hp_gain":0.0,"max_hp_loss":0.0,"gold_gain":0.0,"event_name":"The Library","player_choice":"Read","floor":22.0,"gold_loss":0.0,"damage_taken":0.0,"cards_obtained":["Body Slam"]},{"damage_healed":0.0,"max_hp_gain":0.0,"max_hp_loss":0.0,"gold_gain":0.0,"event_name":"The Mausoleum","player_choice":"Opened","floor":24.0,"gold_loss":0.0,"damage_taken":0.0,"relics_obtained":["Strawberry"]},{"damage_healed":0.0,"max_hp_gain":0.0,"max_hp_loss":0.0,"gold_gain":0.0,"event_name":"MindBloom","player_choice":"Fight","floor":38.0,"gold_loss":0.0,"damage_taken":0.0},{"damage_healed":0,"gold_gain":0,"player_choice":"Ignored","damage_taken":0,"max_hp_gain":0,"max_hp_loss":0,"event_name":"Transmorgrifier","floor":44,"gold_loss":0}],"is_beta":false,"boss_relics":[{"not_picked":["Snecko Eye","Runic Pyramid"],"picked":"Fusion Hammer"},{"not_picked":["Black Star","Calling Bell"],"picked":"Velvet Choker"}],"items_purged_floors":[19],"is_endless":false,"potions_floor_spawned":[2,11,16,20,29,33,36,38,45,46],"ascension_level":0}