{"path_per_floor":["M","?","?","?","$","R","E","M","T","M","R","M","R","M","R","B",null,"M","?","?","M","$","R","M","R","T","M","?","R","M","M","R","B",null,"M","$","?","M","M","M","R","$","T","R","M","M","R","M","R","B"],"character_chosen":"THE_SILENT","items_purchased":["Footwork","Block Potion"],"gold_per_floor":[115,115,215,215,23,23,55,70,115,129,129,144,144,160,160,264,264,204,119,119,119,19,19,19,19,19,19,19,19,19,19,19,19,19,19,19,19,19,19,19,19,19,19,19,19,19,19,19,19,19],"floor_reached":51,"campfire_rested":1,"playtime":5920,"current_hp_per_floor":[66,66,66,66,66,66,47,47,47,49,49,49,49,51,51,43,70,53,60,60,55,55,55,45,45,45,45,45,45,39,41,64,38,77,77,77,77,67,59,51,61,61,61,71,73,50,60,62,72,33],"items_purged":["Defend_G","Strike_G"],"gold":19,"play_id":"b598793a-3d97-4a36-a86b-257fa9426439","is_prod":false,"is_daily":false,"is_ascension_mode":false,"campfire_upgraded":11,"path_taken":["M","?","?","?","$","R","E","?","T","M","R","M","R","M","R","BOSS","M","?","?","M","$","R","M","R","T","M","?","R","?","M","R","BOSS","M","$","?","M","M","M","R","$","T","R","M","M","R","M","R","BOSS"],"build_version":"2018-01-26-BETA1","purchased_purges":2,"victory":true,"master_deck":["Defend_G","Defend_G+1","Defend_G+1","Defend_G","Strike_G","Strike_G","Strike_G","Survivor+1","Neutralize+1","Leg Sweep+1","Footwork+1","Backstab+1","Poisoned Stab","Flying Knee+1","Caltrops+1","Dagger Spray+1","After Image+1","Heel Hook+1","Deflect","Prepared+1","Neutralize","Dramatic Entrance+1","Die Die Die+1","Backflip+1","Expertise+1","Malaise+1"],"max_hp_per_floor":[70,70,70,70,70,70,70,70,70,70,70,70,70,70,70,70,70,70,77,77,77,77,77,77,77,77,77,77,77,77,77,77,77,77,77,77,77,77,77,77,77,77,77,77,77,77,77,77,77,77],"relics":["Ring of the Snake","Molten Egg","Blood Vial","Ectoplasm","Nloth\u0027s Gift","Happy Flower","Eternal Feather","War Paint"],"card_choices":[{"not_picked":["Dodge and Roll","Malaise"],"picked":"Leg Sweep"},{"not_picked":["Glass Knife","Escape Plan"],"picked":"Backstab"},{"not_picked":["Underhanded Strike","Footwork"],"picked":"Poisoned Stab"},{"not_picked":["Cloak And Dagger","Outmaneuver"],"picked":"Flying Knee"},{"not_picked":["Acrobatics","All Out Attack"],"picked":"Caltrops"},{"not_picked":["Terror","Deflect"],"picked":"Dagger Spray"},{"not_picked":["Burst","Unload"],"picked":"After Image"},{"not_picked":["Expertise","Acrobatics"],"picked":"Heel Hook"},{"not_picked":["PiercingWail","Slice"],"picked":"Deflect"},{"not_picked":["Bouncing Flask","Expertise"],"picked":"Backflip"},{"not_picked":["Riddle With Holes","Flying Knee"],"picked":"Prepared"},{"not_picked":["Tools of the Trade","Envenom"],"picked":"Die Die Die"},{"not_picked":["Infinite Blades","Dagger Throw"],"picked":"Backflip"},{"not_picked":["Tools of the Trade","Envenom"],"picked":"Expertise"},{"not_picked":["Outmaneuver","Prepared"],"picked":"Malaise"}],"player_experience":95325,"potions_floor_usage":[7,14,16,21,24,33,40,45,46,50,50,50],"damage_taken":[{"damage":4,"enemies":"Small Slimes","floor":1,"turns":6},{"damage":19,"enemies":"3 Sentries","floor":7,"turns":14},{"damage":0,"enemies":"Jaw Worm","floor":8,"turns":4},{"damage":0,"enemies":"Cultist","floor":10,"turns":3},{"damage":2,"enemies":"Looter","floor":12,"turns":3},{"damage":0,"enemies":"Lots of Slimes","floor":14,"turns":2},{"damage":10,"enemies":"Hexaghost","floor":16,"turns":11},{"damage":17,"enemies":"2 Thieves","floor":18,"turns":3},{"damage":7,"enemies":"Chosen","floor":21,"turns":6},{"damage":12,"enemies":"Snake Plant","floor":24,"turns":4},{"damage":2,"enemies":"Centurion and Healer","floor":27,"turns":7},{"damage":8,"enemies":"Chosen and Byrds","floor":30,"turns":6},{"damage":0,"enemies":"Snecko","floor":31,"turns":8},{"damage":28,"enemies":"Automaton","floor":33,"turns":15},{"damage":0,"enemies":"3 Darklings","floor":35,"turns":5},{"damage":10,"enemies":"3 Shapes","floor":38,"turns":4},{"damage":10,"enemies":"Sphere and 2 Shapes","floor":39,"turns":6},{"damage":10,"enemies":"Flame Bruiser 2 Orb","floor":40,"turns":7},{"damage":6,"enemies":"3 Darklings","floor":45,"turns":4},{"damage":25,"enemies":"Spire Growth","floor":46,"turns":5},{"damage":0,"enemies":"Flame Bruiser 2 Orb","floor":48,"turns":11},{"damage":41,"enemies":"Time Eater","floor":50,"turns":19}],"event_choices":[{"event_name":"Liars Game","player_choice":"disagreed","floor":2,"damage_taken":0},{"event_name":"Golden Shrine","player_choice":"Pray","floor":3,"damage_taken":0},{"event_name":"Bonfire Elementals","player_choice":"BASIC","floor":4,"damage_taken":0},{"event_name":"Addict","player_choice":"Obtained Relic","floor":19,"damage_taken":0},{"event_name":"N\u0027loth","player_choice":"Traded a Strawberry","floor":20,"damage_taken":0},{"event_name":"Match and Keep!","player_choice":"2 cards matched","floor":28,"damage_taken":0}],"boss_relics":[{"not_picked":["Question Card","Velvet Choker"],"picked":"Ectoplasm"},{"not_picked":["Runic Dome","Calling Bell"],"picked":"Eternal Feather"}],"potions_floor_spawned":[7,8,16,18,30,31,33,38,40,45,46],"seed_played":"2287807177484557282","ascension_level":0,"is_trial":false}