{"gold_per_floor":[109,109,125,137,156,156,190,202,237,280,292,324,367,394,406,523,535,558,580,167,185,185,216,216,216,264,274,65,85,104,117,117,218,268,286,305,305,112,127,127,144,164,164,179,199,199,0,0,0,0],"floor_reached":51,"playtime":1449,"items_purged":[],"score":770,"play_id":"28a89941-72a9-4a15-85ae-680fc75c8152","local_time":"20180727100350","is_ascension_mode":false,"campfire_choices":[{"data":"Demon Form","floor":6.0,"key":"SMITH"},{"floor":8.0,"key":"REST"},{"floor":15.0,"key":"REST"},{"floor":25.0,"key":"REST"},{"floor":32.0,"key":"REST"},{"floor":40,"key":"REST"},{"floor":49,"key":"REST"}],"neow_cost":"FIFTY_PERCENT_DAMAGE","seed_source_timestamp":48999131881700,"circlet_count":0,"master_deck":["Defend_R","Defend_R","Defend_R","Defend_R","Bash","Demon Form+1","Iron Wave","Shrug It Off","Sword Boomerang+1","Body Slam","Iron Wave","Battle Trance","Twin Strike+1","Apotheosis","Whirlwind+1","Body Slam+1","Bite","Bite","Bite","Bite","Bite","Offering","Body Slam+1","Sword Boomerang+1","Madness","Madness","Demon Form+1"],"special_seed":0,"relics":["Burning Blood","MawBank","Vajra","Whetstone","Juzu Bracelet","Fusion Hammer","Happy Flower","The Courier","Bag of Marbles","Singing Bowl","Tiny House","Incense Burner","Dodecahedron","Shuriken","Red Mask"],"potions_floor_usage":[44,50],"damage_taken":[{"damage":7.0,"enemies":"2 Louse","floor":1.0,"turns":3.0},{"damage":3.0,"enemies":"Small Slimes","floor":3.0,"turns":3.0},{"damage":6.0,"enemies":"Cultist","floor":4.0,"turns":4.0},{"damage":19.0,"enemies":"Blue Slaver","floor":5.0,"turns":5.0},{"damage":18.0,"enemies":"Lagavulin","floor":7.0,"turns":6.0},{"damage":27.0,"enemies":"Gremlin Nob","floor":10.0,"turns":5.0},{"damage":2.0,"enemies":"Large Slime","floor":12.0,"turns":5.0},{"damage":8.0,"enemies":"Lagavulin","floor":13.0,"turns":7.0},{"damage":10.0,"enemies":"Looter","floor":14.0,"turns":3.0},{"damage":0.0,"enemies":"Slime Boss","floor":16.0,"turns":6.0},{"damage":21.0,"enemies":"Chosen","floor":18.0,"turns":5.0},{"damage":14.0,"enemies":"3 Byrds","floor":19.0,"turns":5.0},{"damage":29.0,"enemies":"Slaver and Parasite","floor":21.0,"turns":5.0},{"damage":30.0,"enemies":"Gremlin Leader","floor":23.0,"turns":6.0},{"damage":0.0,"enemies":"Snecko","floor":27.0,"turns":4.0},{"damage":27.0,"enemies":"Sentry and Sphere","floor":29.0,"turns":4.0},{"damage":12.0,"enemies":"Chosen and Byrds","floor":30.0,"turns":5.0},{"damage":0.0,"enemies":"Snecko","floor":31.0,"turns":3.0},{"damage":28,"enemies":"Champ","floor":33,"turns":7},{"damage":5,"enemies":"3 Shapes","floor":35,"turns":3},{"damage":5,"enemies":"3 Darklings","floor":36,"turns":1},{"damage":27,"enemies":"4 Shapes","floor":39,"turns":1},{"damage":13,"enemies":"Maw","floor":41,"turns":5},{"damage":22,"enemies":"Spire Growth","floor":42,"turns":3},{"damage":11,"enemies":"Sphere and 2 Shapes","floor":44,"turns":4},{"damage":2,"enemies":"3 Darklings","floor":45,"turns":4},{"damage":24,"enemies":"Time Eater","floor":50,"turns":5}],"seed_played":"-5365877879813998920","potions_obtained":[{"floor":7.0,"key":"Poison Potion"},{"floor":12.0,"key":"FearPotion"},{"floor":14.0,"key":"EntropicBrew"},{"floor":16.0,"key":"GamblersBrew"},{"floor":19.0,"key":"FearPotion"},{"floor":23.0,"key":"AttackPotion"},{"floor":39,"key":"GamblersBrew"},{"floor":44,"key":"AttackPotion"}],"is_trial":false,"path_per_floor":["M","$","M","M","M","R","E","R","T","E","$","M","E","M","R","B",null,"M","M","$","M","?","E","?","R","T","M","$","M","M","M","R","B",null,"M","M","?","$","M","R","M","M","T","M","M","?","?","?","R","B"],"character_chosen":"IRONCLAD","items_purchased":["Apotheosis","Whirlwind","Happy Flower","Singing Bowl","Dodecahedron"],"campfire_rested":6,"item_purchase_floors":[20,20,20,28,38],"current_hp_per_floor":[39,39,42,42,29,29,17,41,41,20,20,24,22,18,42,48,80,65,57,57,34,34,32,32,48,48,56,56,49,58,62,62,45,67,69,71,71,71,52,73,75,65,65,74,79,69,69,69,79,70],"gold":0,"neow_bonus":"THREE_RARE_CARDS","is_prod":false,"is_daily":false,"chose_seed":false,"campfire_upgraded":1,"win_rate":0,"timestamp":1532675030,"path_taken":["M","$","M","M","M","R","E","R","T","E","$","M","E","M","R","BOSS","M","M","$","M","?","E","?","R","T","M","$","M","M","M","R","BOSS","M","M","?","$","M","R","M","M","T","M","M","?","?","?","R","BOSS"],"build_version":"2018-07-26","purchased_purges":0,"victory":true,"max_hp_per_floor":[80,80,80,80,80,80,80,80,80,80,80,80,80,80,80,80,80,80,80,80,80,56,56,56,56,56,56,56,58,60,62,62,62,67,69,71,71,71,73,73,75,75,75,77,79,79,79,79,79,79],"card_choices":[{"not_picked":["Barricade","Impervious"],"picked":"Demon Form","floor":0.0},{"not_picked":["Warcry","Blood for Blood"],"picked":"Iron Wave","floor":1.0},{"not_picked":["Sever Soul","Reckless Charge","Wild Strike"],"picked":"SKIP","floor":3.0},{"not_picked":["Corruption","True Grit"],"picked":"Shrug It Off","floor":4.0},{"not_picked":["Twin Strike","Fiend Fire"],"picked":"Sword Boomerang","floor":5.0},{"not_picked":["Warcry","Fire Breathing","Burning Pact"],"picked":"SKIP","floor":7.0},{"not_picked":["Entrench","Clothesline","Fiend Fire"],"picked":"SKIP","floor":10.0},{"not_picked":["Warcry","Searing Blow"],"picked":"Body Slam","floor":12.0},{"not_picked":["True Grit","Burning Pact","Armaments"],"picked":"SKIP","floor":13.0},{"not_picked":["Ghostly Armor","Whirlwind"],"picked":"Iron Wave","floor":14.0},{"not_picked":["Spot Weakness","Combust+1"],"picked":"Battle Trance","floor":18.0},{"not_picked":["Flex","Anger"],"picked":"Twin Strike+1","floor":19.0},{"not_picked":["Warcry","Blood for Blood"],"picked":"Body Slam+1","floor":21.0},{"not_picked":["Headbutt","Intimidate","Rupture"],"picked":"SKIP","floor":23.0},{"not_picked":["Searing Blow","Havoc+1","Clothesline"],"picked":"SKIP","floor":27.0},{"not_picked":["Flex","True Grit","Bludgeon"],"picked":"Singing Bowl","floor":29.0},{"not_picked":["Sword Boomerang","Shrug It Off","Perfected Strike"],"picked":"Singing Bowl","floor":30.0},{"not_picked":["Burning Pact+1","Clothesline","Anger"],"picked":"Singing Bowl","floor":31.0},{"not_picked":["Dark Embrace","Immolate"],"picked":"Offering","floor":33},{"not_picked":["Iron Wave","Pommel Strike"],"picked":"Body Slam+1","floor":34},{"not_picked":["Dropkick","Shrug It Off","Inflame"],"picked":"Singing Bowl","floor":35},{"not_picked":["Heavy Blade+1","Clothesline+1","Sword Boomerang"],"picked":"Singing Bowl","floor":36},{"not_picked":["Shrug It Off+1","Perfected Strike+1","Ghostly Armor+1"],"picked":"Singing Bowl","floor":39},{"not_picked":["Cleave","Perfected Strike+1","Twin Strike+1"],"picked":"Singing Bowl","floor":41},{"not_picked":["Combust+1","Infernal Blade+1"],"picked":"Sword Boomerang+1","floor":42},{"not_picked":["Havoc","Second Wind","Cleave+1"],"picked":"Singing Bowl","floor":44},{"not_picked":["Entrench+1","Anger+1","Perfected Strike+1"],"picked":"Singing Bowl","floor":45}],"player_experience":229976,"relics_obtained":[{"floor":7.0,"key":"MawBank"},{"floor":9.0,"key":"Vajra"},{"floor":10.0,"key":"Whetstone"},{"floor":13.0,"key":"Juzu Bracelet"},{"floor":23.0,"key":"The Courier"},{"floor":26.0,"key":"Bag of Marbles"},{"floor":43,"key":"Shuriken"}],"event_choices":[{"event_name":"Vampires","player_choice":"Became a vampire","floor":22.0,"damage_taken":0.0},{"event_name":"Cursed Tome","player_choice":"Ignored","floor":24.0,"damage_taken":0.0},{"event_name":"WeMeetAgain","player_choice":"Potion","floor":37,"damage_taken":0},{"event_name":"Winding Halls","player_choice":"Embrace Madness","floor":46,"damage_taken":0},{"event_name":"Tomb of Lord Red Mask","player_choice":"Paid","floor":47,"damage_taken":0},{"event_name":"Duplicator","player_choice":"One dupe","floor":48,"damage_taken":0}],"is_beta":false,"boss_relics":[{"not_picked":["Runic Pyramid","Runic Dome"],"picked":"Fusion Hammer"},{"not_picked":["Empty Cage","Snecko Eye"],"picked":"Tiny House"}],"items_purged_floors":[],"is_endless":false,"potions_floor_spawned":[7,12,14,16,19,23,30,31,39,41,44],"ascension_level":0}