{"path_per_floor":["M","M","$","M","M","R","$","M","T","M","M","R","M","E","R","B",null,"M","M","M"],"character_chosen":"DEFECT","items_purchased":["Leap","Storm"],"gold_per_floor":[118,129,82,94,110,110,75,91,117,127,145,145,160,225,225,323,323,341,358,371,371],"floor_reached":21,"campfire_rested":0,"playtime":1154,"current_hp_per_floor":[68,67,67,68,53,53,53,53,53,64,68,68,68,66,66,39,68,68,55,38,0],"items_purged":[],"gold":371,"score":187,"play_id":"74330ebc-cfc5-4611-9473-c203de57240d","local_time":"20180512184148","is_prod":false,"is_daily":false,"chose_seed":false,"is_ascension_mode":false,"campfire_upgraded":3,"timestamp":1526139708,"path_taken":["M","M","$","M","M","R","$","M","T","M","M","R","M","E","R","BOSS","M","M","M","M"],"build_version":"2018-05-11","seed_source_timestamp":88805579846946,"purchased_purges":0,"victory":false,"master_deck":["Strike_B","Strike_B","Strike_B","Strike_B","Defend_B","Defend_B","Defend_B","Defend_B","Zap+1","Dualcast+1","Seek","Go for the Eyes","Self Repair","Leap","Consume+1","Storm","Self Repair","Tempest","Doom and Gloom","Fission"],"max_hp_per_floor":[68,68,68,68,68,68,68,68,68,68,68,68,68,68,68,68,68,68,68,68,68],"relics":["Cracked Core","Regal Pillow","Tiny Chest","Sozu"],"card_choices":[{"not_picked":["Rainbow","Creative AI"],"picked":"Seek","floor":0},{"not_picked":["Rip and Tear","Coolheaded"],"picked":"Go for the Eyes","floor":1},{"not_picked":["Rebound","Barrage"],"picked":"Self Repair","floor":2},{"not_picked":["Axe Kick","Redo"],"picked":"Consume","floor":4},{"not_picked":["Recycle","Nova","Force Field"],"picked":"SKIP","floor":5},{"not_picked":["Rip and Tear","Storm"],"picked":"Self Repair","floor":8},{"not_picked":["Go for the Eyes","Rebound"],"picked":"Tempest","floor":10},{"not_picked":["Coolheaded","Sweeping Beam"],"picked":"Doom and Gloom","floor":11},{"not_picked":["Streamline","Blizzard","Sweeping Beam"],"picked":"SKIP","floor":13},{"not_picked":["Genetic Algorithm","Cold Snap","Sweeping Beam"],"picked":"SKIP","floor":14},{"not_picked":["Reboot","Hyperbeam"],"picked":"Fission","floor":16},{"not_picked":["Coolheaded","Storm","Turbo"],"picked":"SKIP","floor":18},{"not_picked":["Hologram","Darkness","Force Field"],"picked":"SKIP","floor":19},{"not_picked":["Barrage+1","Chaos","Gash"],"picked":"SKIP","floor":20}],"player_experience":143492,"potions_floor_usage":[19],"damage_taken":[{"damage":0,"enemies":"2 Louse","floor":1,"turns":2},{"damage":1,"enemies":"Jaw Worm","floor":2,"turns":3},{"damage":0,"enemies":"Cultist","floor":4,"turns":4},{"damage":22,"enemies":"Exordium Thugs","floor":5,"turns":5},{"damage":7,"enemies":"Large Slime","floor":8,"turns":5},{"damage":3,"enemies":"Looter","floor":10,"turns":3},{"damage":2,"enemies":"Exordium Wildlife","floor":11,"turns":3},{"damage":9,"enemies":"2 Fungi Beasts","floor":13,"turns":3},{"damage":16,"enemies":"3 Sentries","floor":14,"turns":6},{"damage":41,"enemies":"Slime Boss","floor":16,"turns":9},{"damage":0,"enemies":"Chosen","floor":18,"turns":3},{"damage":20,"enemies":"2 Thieves","floor":19,"turns":3},{"damage":24,"enemies":"Snecko","floor":20,"turns":6},{"damage":53,"enemies":"Slaver and Parasite","floor":21,"turns":3}],"event_choices":[],"boss_relics":[{"not_picked":["Lizard Tail","White Beast Statue"],"picked":"Sozu"}],"potions_floor_spawned":[1,8,10,11,13,20],"seed_played":"-8002188070580089567","killed_by":"Slaver and Parasite","ascension_level":0,"is_trial":false}