{"gold_per_floor":[111,111,127,139,159,159,186,201,201,217,235,92,104,169,169,267,317,336,353,369,388,388,388],"floor_reached":23,"playtime":639,"items_purged":["Strike_R"],"score":284,"play_id":"a9fa5d71-e056-4170-9027-08c47c6e428e","local_time":"20190615173803","is_ascension_mode":false,"campfire_choices":[{"data":"Limit Break","floor":6,"key":"SMITH"},{"data":"Inflame","floor":15,"key":"SMITH"}],"neow_cost":"TEN_PERCENT_HP_LOSS","seed_source_timestamp":153663241443300,"circlet_count":0,"master_deck":["Strike_R","Strike_R","Strike_R","Strike_R","Defend_R","Defend_R","Defend_R","Defend_R","Bash","Limit Break+1","Shrug It Off","Twin Strike","Sword Boomerang","Inflame+1","Inflame+1","Shrug It Off","Shrug It Off+1"],"relics":["Burning Blood","Pen Nib","Shuriken","Tiny Chest","Tiny House","Self Forming Clay"],"potions_floor_usage":[5,20,21,23,23,23],"damage_taken":[{"damage":1,"enemies":"Cultist","floor":1,"turns":3},{"damage":5,"enemies":"Jaw Worm","floor":3,"turns":5},{"damage":8,"enemies":"2 Louse","floor":4,"turns":3},{"damage":14,"enemies":"Blue Slaver","floor":5,"turns":4},{"damage":40,"enemies":"Gremlin Nob","floor":7,"turns":5},{"damage":0,"enemies":"2 Fungi Beasts","floor":8,"turns":3},{"damage":8,"enemies":"3 Louse","floor":10,"turns":4},{"damage":2,"enemies":"Looter","floor":11,"turns":4},{"damage":7,"enemies":"2 Fungi Beasts","floor":13,"turns":3},{"damage":0,"enemies":"Lagavulin","floor":14,"turns":4},{"damage":0,"enemies":"Slime Boss","floor":16,"turns":5},{"damage":2,"enemies":"Spheric Guardian","floor":18,"turns":3},{"damage":31,"enemies":"Shell Parasite","floor":19,"turns":5},{"damage":42,"enemies":"Shelled Parasite and Fungi","floor":20,"turns":4},{"damage":13,"enemies":"Centurion and Healer","floor":21,"turns":6},{"damage":18,"enemies":"Gremlin Leader","floor":23,"turns":2}],"seed_played":"645250079426440780","potions_obtained":[{"floor":4,"key":"AttackPotion"},{"floor":5,"key":"SteroidPotion"},{"floor":8,"key":"GamblersBrew"},{"floor":11,"key":"Strength Potion"},{"floor":17,"key":"Strength Potion"},{"floor":20,"key":"Weak Potion"},{"floor":21,"key":"BloodPotion"}],"is_trial":false,"path_per_floor":["M","$","M","M","M","R","E","M","T","M","M","$","M","E","R","B",null,"M","M","M","M","T","E"],"character_chosen":"IRONCLAD","items_purchased":["Inflame"],"campfire_rested":0,"item_purchase_floors":[12],"current_hp_per_floor":[72,72,72,70,62,62,28,34,34,32,36,36,35,41,41,47,77,77,52,16,9,9,0],"gold":388,"neow_bonus":"THREE_RARE_CARDS","is_prod":false,"is_daily":false,"chose_seed":false,"campfire_upgraded":2,"win_rate":0,"timestamp":1560609483,"path_taken":["M","$","M","M","M","R","E","M","T","M","M","$","M","E","R","BOSS","M","M","M","M","?","E"],"build_version":"2019-01-23","purchased_purges":1,"victory":false,"max_hp_per_floor":[72,72,72,72,72,72,72,72,72,72,72,72,72,72,72,72,77,77,77,77,77,77,77],"card_choices":[{"not_picked":["Demon Form","Reaper"],"picked":"Limit Break","floor":0},{"not_picked":["Havoc","Combust"],"picked":"Shrug It Off","floor":1},{"not_picked":["Shrug It Off","Headbutt","Pommel Strike"],"picked":"SKIP","floor":3},{"not_picked":["Thunderclap","Headbutt"],"picked":"Twin Strike","floor":4},{"not_picked":["Havoc","Exhume","Heavy Blade"],"picked":"SKIP","floor":5},{"not_picked":["Second Wind","Dual Wield","Heavy Blade"],"picked":"SKIP","floor":7},{"not_picked":["Clash","Wild Strike","Flex"],"picked":"SKIP","floor":8},{"not_picked":["Uppercut","Fire Breathing","Flex"],"picked":"SKIP","floor":10},{"not_picked":["Wild Strike","Anger"],"picked":"Sword Boomerang","floor":11},{"not_picked":["Second Wind","Perfected Strike"],"picked":"Inflame","floor":13},{"not_picked":["Body Slam","Headbutt","Dropkick"],"picked":"SKIP","floor":14},{"not_picked":["Havoc","Flex"],"picked":"Shrug It Off","floor":17},{"not_picked":["Wild Strike","Perfected Strike","Burning Pact"],"picked":"SKIP","floor":18},{"not_picked":["Feel No Pain","Body Slam+1","Heavy Blade"],"picked":"SKIP","floor":19},{"not_picked":["Carnage","Havoc+1"],"picked":"Shrug It Off+1","floor":20},{"not_picked":["Uppercut+1","Sword Boomerang","Perfected Strike"],"picked":"SKIP","floor":21}],"player_experience":612695,"relics_obtained":[{"floor":7,"key":"Pen Nib"},{"floor":9,"key":"Shuriken"},{"floor":14,"key":"Tiny Chest"},{"floor":22,"key":"Self Forming Clay"}],"event_choices":[],"is_beta":false,"boss_relics":[{"not_picked":["Empty Cage","Runic Dome"],"picked":"Tiny House"}],"items_purged_floors":[12],"is_endless":false,"potions_floor_spawned":[4,5,8,11,14,18,20,21],"killed_by":"Gremlin Leader","ascension_level":0}