{"gold_per_floor":[116,70,88,11,25,54,54,4,4,18,18,41,41,41,41,140,140,150,163,163,176,176,203,216,234,234,248,260,260],"floor_reached":29,"playtime":966,"items_purged":[],"score":247,"play_id":"a6a93824-5fdf-483b-a9d4-dd5c736833e6","local_time":"20181025182627","is_ascension_mode":false,"campfire_choices":[{"data":"Defragment","floor":7,"key":"SMITH"},{"data":"Coolheaded","floor":15,"key":"SMITH"}],"neow_cost":"NONE","seed_source_timestamp":94270628314843,"circlet_count":0,"master_deck":["Strike_B","Strike_B","Strike_B","Defend_B","Defend_B","Defend_B","Defend_B","Zap","Dualcast","Cold Snap","Gash","Coolheaded","Defragment+1","Rebound","Go for the Eyes","Coolheaded+1","All For One","Scrape+1","Beam Cell","Streamline","Hologram","Writhe","Beam Cell+1","BootSequence"],"relics":["Cursed Key","Vajra","Mercury Hourglass","Odd Mushroom","White Beast Statue","MutagenicStrength","StoneCalendar","Oddly Smooth Stone"],"potions_floor_usage":[6,21],"damage_taken":[{"damage":1,"enemies":"Cultist","floor":1,"turns":4},{"damage":0,"enemies":"Small Slimes","floor":3,"turns":3},{"damage":5,"enemies":"2 Louse","floor":5,"turns":3},{"damage":14,"enemies":"Lagavulin","floor":6,"turns":6},{"damage":9,"enemies":"Blue Slaver","floor":10,"turns":3},{"damage":3,"enemies":"The Mushroom Lair","floor":12,"turns":3},{"damage":6,"enemies":"Hexaghost","floor":16,"turns":13},{"damage":0,"enemies":"3 Byrds","floor":18,"turns":4},{"damage":2,"enemies":"Chosen","floor":19,"turns":4},{"damage":4,"enemies":"3 Cultists","floor":21,"turns":4},{"damage":14,"enemies":"Book of Stabbing","floor":23,"turns":6},{"damage":0,"enemies":"Centurion and Healer","floor":24,"turns":7},{"damage":0,"enemies":"Shelled Parasite and Fungi","floor":25,"turns":6},{"damage":14,"enemies":"Snake Plant","floor":27,"turns":4},{"damage":6,"enemies":"Cultist and Chosen","floor":28,"turns":5},{"damage":41,"enemies":"Masked Bandits","floor":29,"turns":3}],"seed_played":"5253150091667041225","potions_obtained":[{"floor":3,"key":"Block Potion"},{"floor":5,"key":"Weak Potion"},{"floor":12,"key":"AttackPotion"},{"floor":18,"key":"LiquidBronze"},{"floor":21,"key":"Swift Potion"}],"is_trial":false,"path_per_floor":["M","$","M","$","M","E","R","$","T","M","?","?","?","$","R","B",null,"M","M","$","M","?","E","M","M","T","M","M"],"character_chosen":"DEFECT","items_purchased":["Gash","Defragment","Coolheaded"],"campfire_rested":0,"item_purchase_floors":[2,4,8],"current_hp_per_floor":[74,74,74,74,69,55,55,55,55,46,39,36,36,36,36,30,75,75,73,73,69,69,55,55,55,55,41,35,0],"gold":260,"neow_bonus":"BOSS_RELIC","is_prod":false,"is_daily":false,"chose_seed":false,"campfire_upgraded":2,"win_rate":0,"timestamp":1540481187,"path_taken":["M","$","M","?","M","E","R","$","T","M","?","?","?","$","R","BOSS","M","M","$","M","?","E","M","M","T","M","M","?"],"build_version":"2018-10-18","purchased_purges":0,"victory":false,"max_hp_per_floor":[75,75,75,75,75,75,75,75,75,75,75,75,75,75,75,75,75,75,75,75,75,75,75,75,75,75,75,75,75],"card_choices":[{"not_picked":["Compile Driver","Streamline"],"picked":"Cold Snap","floor":1},{"not_picked":["Ball Lightning","Conserve Battery"],"picked":"Coolheaded","floor":3},{"not_picked":["Sweeping Beam","Tempest"],"picked":"Rebound","floor":5},{"not_picked":["Redo","Rebound"],"picked":"Go for the Eyes","floor":6},{"not_picked":["Tempest","Ball Lightning","Lockon"],"picked":"SKIP","floor":10},{"not_picked":["Biased Cognition","Electrodynamics"],"picked":"All For One","floor":16},{"not_picked":["Cold Snap","Steam"],"picked":"Scrape+1","floor":18},{"not_picked":["Sweeping Beam","Storm"],"picked":"Beam Cell","floor":19},{"not_picked":["Undo","Leap+1","Rebound"],"picked":"SKIP","floor":21},{"not_picked":["Melter","Cold Snap+1","Buffer"],"picked":"SKIP","floor":23},{"not_picked":["Aggregate","Barrage"],"picked":"Streamline","floor":24},{"not_picked":["Loop","Hello World"],"picked":"Hologram","floor":25},{"not_picked":["Hologram+1","Turbo"],"picked":"Beam Cell+1","floor":27},{"not_picked":["Loop","Conserve Battery"],"picked":"BootSequence","floor":28}],"player_experience":432653,"relics_obtained":[{"floor":6,"key":"Vajra"},{"floor":9,"key":"Mercury Hourglass"},{"floor":12,"key":"Odd Mushroom"},{"floor":23,"key":"StoneCalendar"},{"floor":26,"key":"Oddly Smooth Stone"}],"event_choices":[{"cards_removed":["Normality"],"damage_healed":0,"gold_gain":0,"player_choice":"Card Removal","damage_taken":7,"max_hp_gain":0,"max_hp_loss":0,"event_name":"Golden Wing","floor":11,"gold_loss":0},{"damage_healed":0,"gold_gain":0,"player_choice":"Fought Mushrooms","damage_taken":0,"max_hp_gain":0,"max_hp_loss":0,"event_name":"Mushrooms","floor":12,"gold_loss":0},{"cards_removed":["Strike_B"],"damage_healed":0,"gold_gain":0,"player_choice":"Purged","damage_taken":0,"max_hp_gain":0,"max_hp_loss":0,"event_name":"Purifier","floor":13,"gold_loss":0},{"damage_healed":0,"gold_gain":0,"player_choice":"Inject Mutagens","damage_taken":0,"relics_obtained":["MutagenicStrength"],"max_hp_gain":0,"max_hp_loss":0,"event_name":"Drug Dealer","floor":22,"gold_loss":0},{"damage_healed":0,"gold_gain":0,"player_choice":"Fought Bandits","damage_taken":0,"max_hp_gain":0,"max_hp_loss":0,"event_name":"Masked Bandits","floor":29,"gold_loss":0}],"is_beta":false,"boss_relics":[{"not_picked":["Calling Bell","Astrolabe"],"picked":"White Beast Statue"}],"items_purged_floors":[],"is_endless":false,"potions_floor_spawned":[3,5,12,18,19,21,23,24,25,27,28],"killed_by":"Masked Bandits","ascension_level":0}