{"gold_per_floor":[12,32,32,50,50,82,94,122,160,237,249,274,286,311,323,335],"floor_reached":16,"playtime":415,"items_purged":[],"score":112,"play_id":"a1df4c42-2f5f-40ad-bea4-790095bcc4a2","local_time":"20190722033527","is_ascension_mode":false,"campfire_choices":[{"data":"Auto Shields","floor":7,"key":"SMITH"},{"floor":13,"key":"REST"},{"data":"Dualcast","floor":15,"key":"SMITH"}],"neow_cost":"NO_GOLD","seed_source_timestamp":198142144220300,"circlet_count":0,"master_deck":["Strike_B","Strike_B","Strike_B","Strike_B","Defend_B","Defend_B","Defend_B","Defend_B","Zap","Dualcast+1","Electrodynamics","Auto Shields+1","Capacitor","Go for the Eyes"],"relics":["Cracked Core","Juzu Bracelet","MawBank","Anchor","Tiny Chest"],"potions_floor_usage":[6,10,16],"damage_taken":[{"damage":0,"enemies":"2 Louse","floor":1,"turns":1},{"damage":6,"enemies":"Jaw Worm","floor":2,"turns":3},{"damage":1,"enemies":"Cultist","floor":4,"turns":4},{"damage":17,"enemies":"3 Sentries","floor":6,"turns":5},{"damage":1,"enemies":"2 Fungi Beasts","floor":8,"turns":2},{"damage":17,"enemies":"Gremlin Nob","floor":10,"turns":4},{"damage":6,"enemies":"Large Slime","floor":12,"turns":5},{"damage":0,"enemies":"Lots of Slimes","floor":14,"turns":2},{"damage":35,"enemies":"Hexaghost","floor":16,"turns":11}],"seed_played":"5189738091680883291","potions_obtained":[{"floor":1,"key":"Fire Potion"},{"floor":4,"key":"Poison Potion"},{"floor":6,"key":"SkillPotion"},{"floor":12,"key":"FocusPotion"}],"is_trial":false,"path_per_floor":["M","M","$","M","?","E","R","M","T","E","$","M","R","M","R","B"],"character_chosen":"DEFECT","items_purchased":[],"campfire_rested":1,"item_purchase_floors":[],"current_hp_per_floor":[75,69,69,68,50,33,33,32,32,15,15,9,31,31,31,0],"gold":335,"neow_bonus":"THREE_RARE_CARDS","is_prod":false,"is_daily":false,"chose_seed":false,"campfire_upgraded":2,"win_rate":0,"timestamp":1563755727,"path_taken":["M","M","$","M","?","E","R","M","T","E","$","M","R","M","R","BOSS"],"build_version":"2019-07-17","purchased_purges":0,"victory":false,"max_hp_per_floor":[75,75,75,75,75,75,75,75,75,75,75,75,75,75,75,75],"card_choices":[{"not_picked":["Biased Cognition","Multi-Cast"],"picked":"Electrodynamics","floor":0},{"not_picked":["Aggregate","Stack"],"picked":"Auto Shields","floor":1},{"not_picked":["Cold Snap","Sunder","Scrape"],"picked":"SKIP","floor":2},{"not_picked":["Chaos","Chill","Redo"],"picked":"SKIP","floor":4},{"not_picked":["Rebound","All For One","Darkness"],"picked":"SKIP","floor":6},{"not_picked":["Sweeping Beam","Doom and Gloom"],"picked":"Capacitor","floor":8},{"not_picked":["Cold Snap","Lockon"],"picked":"Go for the Eyes","floor":10},{"not_picked":["Barrage","Darkness","Sweeping Beam"],"picked":"SKIP","floor":12},{"not_picked":["Coolheaded","Doom and Gloom","Consume"],"picked":"SKIP","floor":14}],"player_experience":725644,"relics_obtained":[{"floor":6,"key":"MawBank"},{"floor":9,"key":"Anchor"},{"floor":10,"key":"Tiny Chest"}],"event_choices":[{"damage_healed":0,"gold_gain":0,"player_choice":"Success","damage_taken":18,"relics_obtained":["Juzu Bracelet"],"max_hp_gain":0,"max_hp_loss":0,"event_name":"Scrap Ooze","floor":5,"gold_loss":0}],"is_beta":false,"boss_relics":[],"items_purged_floors":[],"is_endless":false,"potions_floor_spawned":[1,4,6,12],"killed_by":"Hexaghost","ascension_level":0}