{"gold_per_floor":[217,217,91,41,61,61,139,139,188,88,104,124,144,182,182,306,369,382,382,407,134,158,192,124,124,124,167,188,188,188,206,206,332,332,346,346,3,62,187,231,231,231,282,306,306,331,372,114,114,114,114,114,114,145,145],"floor_reached":56,"playtime":1656,"items_purged":["Strike_R","Strike_R","Strike_R+1","Strike_R+1","Demon Form+1"],"score":1316,"play_id":"83e81555-67ef-4125-a95f-b58abb613947","local_time":"20190729182549","is_ascension_mode":false,"campfire_choices":[{"data":"Body Slam","floor":6.0,"key":"SMITH"},{"data":"Shrug It Off","floor":8.0,"key":"SMITH"},{"data":"Entrench","floor":15.0,"key":"SMITH"},{"data":"Juggernaut","floor":25,"key":"SMITH"},{"data":"Demon Form","floor":29,"key":"SMITH"},{"data":"Bash","floor":32,"key":"SMITH"},{"data":"Body Slam","floor":41,"key":"SMITH"},{"floor":49,"key":"RECALL"},{"data":"Body Slam","floor":52,"key":"SMITH"}],"neow_cost":"NONE","seed_source_timestamp":34365692643399,"circlet_count":0,"master_deck":["Defend_R+1","Defend_R+1","Defend_R+1","Defend_R+1","Bash+1","Body Slam+1","Shrug It Off+1","Ghostly Armor","Entrench+1","Juggernaut+1","Metallicize+1","Battle Trance","Shrug It Off","Body Slam+1","Entrench+1","Body Slam+1","Shrug It Off+1","Trip","Shrug It Off+1"],"special_seed":0,"relics":["Burning Blood","Golden Idol","Oddly Smooth Stone","Strawberry","Mercury Hourglass","Tiny House","Art of War","MawBank","Paper Frog","Dream Catcher","Coffee Dripper","Vajra","Thread and Needle","Magic Flower","Regal Pillow","Anchor","PreservedInsect","StoneCalendar"],"potions_floor_usage":[23,33,55,55,55],"damage_taken":[{"damage":13.0,"enemies":"Jaw Worm","floor":1.0,"turns":3.0},{"damage":0.0,"enemies":"Small Slimes","floor":5.0,"turns":5.0},{"damage":34.0,"enemies":"Gremlin Nob","floor":7.0,"turns":5.0},{"damage":0.0,"enemies":"2 Louse","floor":11.0,"turns":2.0},{"damage":0.0,"enemies":"Blue Slaver","floor":12.0,"turns":3.0},{"damage":0.0,"enemies":"Exordium Thugs","floor":13.0,"turns":4.0},{"damage":15.0,"enemies":"Gremlin Nob","floor":14.0,"turns":4.0},{"damage":9.0,"enemies":"The Guardian","floor":16.0,"turns":10.0},{"damage":6.0,"enemies":"Chosen","floor":18.0,"turns":6.0},{"damage":22.0,"enemies":"Shell Parasite","floor":20.0,"turns":6.0},{"damage":10,"enemies":"Sentry and Sphere","floor":22,"turns":5},{"damage":25,"enemies":"Slavers","floor":23,"turns":6},{"damage":26,"enemies":"Gremlin Leader","floor":27,"turns":5},{"damage":1,"enemies":"Centurion and Healer","floor":28,"turns":5},{"damage":4,"enemies":"Shelled Parasite and Fungi","floor":31,"turns":6},{"damage":9,"enemies":"Automaton","floor":33,"turns":10},{"damage":1,"enemies":"3 Darklings","floor":35,"turns":5},{"damage":7,"enemies":"2 Orb Walkers","floor":38,"turns":4},{"damage":0,"enemies":"Mind Bloom Boss Battle","floor":39,"turns":5},{"damage":0,"enemies":"Giant Head","floor":40,"turns":6},{"damage":0,"enemies":"3 Shapes","floor":44,"turns":3},{"damage":0,"enemies":"3 Darklings","floor":46,"turns":3},{"damage":19,"enemies":"Nemesis","floor":47,"turns":5},{"damage":25,"enemies":"Time Eater","floor":50,"turns":7},{"damage":26,"enemies":"Shield and Spear","floor":54,"turns":5},{"damage":68,"enemies":"The Heart","floor":55,"turns":10}],"seed_played":"6497344210943848940","potions_obtained":[{"floor":1.0,"key":"Ancient Potion"},{"floor":11.0,"key":"SkillPotion"},{"floor":12.0,"key":"FearPotion"},{"floor":13.0,"key":"Poison Potion"},{"floor":17.0,"key":"Regen Potion"},{"floor":20.0,"key":"Fruit Juice"},{"floor":23,"key":"BloodPotion"},{"floor":27,"key":"Explosive Potion"},{"floor":40,"key":"Weak Potion"}],"is_trial":false,"path_per_floor":["M","?","$","?","M","R","?","R","T","$","M","M","M","E","R","B",null,"M","?","M","$","M","E","$","R","T","E","M","R","?","M","R","B",null,"M","?","$","?","?","E","R","T","T","M","?","M","E","$","R","B",null,"R","$","E","B",null],"character_chosen":"IRONCLAD","items_purchased":["Shrug It Off","Art of War","Battle Trance","Vajra","Shrug It Off","Trip"],"campfire_rested":0,"item_purchase_floors":[3,21,24,37,37,48],"current_hp_per_floor":[73,53,53,53,59,59,31,31,38,38,44,50,56,47,47,44,92,92,92,81,81,77,73,73,73,73,53,58,58,49,51,51,48,97,97,97,97,96,97,97,97,97,97,97,92,92,82,82,82,66,92,92,92,75,51],"gold":145,"neow_bonus":"HUNDRED_GOLD","is_prod":false,"is_daily":false,"chose_seed":false,"campfire_upgraded":8,"win_rate":0,"timestamp":1564413949,"path_taken":["M","?","$","?","M","R","?","R","T","$","M","M","M","E","R","BOSS","M","?","M","$","M","E","$","R","T","E","M","R","?","M","R","BOSS","M","?","$","?","?","E","R","?","T","?","?","M","E","$","R","BOSS","R","$","E","BOSS"],"build_version":"2019-07-17","purchased_purges":5,"victory":true,"max_hp_per_floor":[80,80,80,80,80,80,80,80,87,87,87,87,87,87,87,87,92,92,92,97,97,97,97,97,97,97,97,97,97,97,97,97,97,97,97,97,97,97,97,97,97,97,97,97,92,92,92,92,92,92,92,92,92,92,92],"card_choices":[{"not_picked":["Combust","Thunderclap"],"picked":"Body Slam","floor":1.0},{"not_picked":["Pommel Strike","Rampage","Spot Weakness"],"picked":"SKIP","floor":5.0},{"not_picked":["Metallicize","Clothesline"],"picked":"Ghostly Armor","floor":11.0},{"not_picked":["Disarm","Iron Wave"],"picked":"Entrench","floor":12.0},{"not_picked":["Sentinel","Iron Wave"],"picked":"Demon Form","floor":13.0},{"not_picked":["Clash","Cleave","Flex"],"picked":"SKIP","floor":14.0},{"not_picked":["Demon Form","Feed"],"picked":"Juggernaut","floor":16.0},{"not_picked":["Flex","Clash","Thunderclap"],"picked":"SKIP","floor":18.0},{"not_picked":["Wild Strike+1","Pommel Strike","Pummel"],"picked":"SKIP","floor":20.0},{"not_picked":["Cleave","Wild Strike","Rampage+1"],"picked":"SKIP","floor":22},{"not_picked":["Twin Strike","Clothesline+1"],"picked":"Metallicize+1","floor":23},{"not_picked":["Heavy Blade+1","True Grit+1","Shockwave"],"picked":"SKIP","floor":27},{"not_picked":["Pummel","Power Through","Havoc"],"picked":"SKIP","floor":28},{"not_picked":["Armaments+1","Wild Strike+1","Pommel Strike+1"],"picked":"SKIP","floor":31},{"not_picked":["Dual Wield+1","Flex","Infernal Blade+1"],"picked":"SKIP","floor":35},{"not_picked":["Iron Wave","Warcry"],"picked":"Body Slam","floor":38},{"not_picked":["Rage+1","Twin Strike"],"picked":"Entrench+1","floor":39},{"not_picked":["Havoc","Berserk"],"picked":"Body Slam","floor":40},{"not_picked":["Clash","Sentinel","Heavy Blade+1"],"picked":"SKIP","floor":44},{"not_picked":["Sword Boomerang","Pommel Strike+1"],"picked":"Shrug It Off+1","floor":46},{"not_picked":["Armaments+1","Sword Boomerang","Flex"],"picked":"SKIP","floor":47},{"not_picked":["Havoc+1","Pommel Strike+1"],"picked":"Shrug It Off+1","floor":54}],"player_experience":795880,"relics_obtained":[{"floor":9.0,"key":"Strawberry"},{"floor":14.0,"key":"Mercury Hourglass"},{"floor":23,"key":"MawBank"},{"floor":26,"key":"Paper Frog"},{"floor":27,"key":"Dream Catcher"},{"floor":38,"key":"Thread and Needle"},{"floor":39,"key":"Magic Flower"},{"floor":40,"key":"Regal Pillow"},{"floor":43,"key":"Anchor"},{"floor":47,"key":"PreservedInsect"},{"floor":54,"key":"StoneCalendar"}],"event_choices":[{"damage_healed":0.0,"max_hp_gain":0.0,"max_hp_loss":0.0,"gold_gain":0.0,"event_name":"Golden Idol","player_choice":"Take Damage","floor":2.0,"gold_loss":0.0,"damage_taken":20.0,"relics_obtained":["Golden Idol"]},{"cards_removed":["Strike_R"],"damage_healed":0.0,"max_hp_gain":0.0,"max_hp_loss":0.0,"gold_gain":0.0,"event_name":"The Cleric","player_choice":"Card Removal","floor":4.0,"gold_loss":50.0,"damage_taken":0.0},{"damage_healed":0.0,"max_hp_gain":0.0,"max_hp_loss":0.0,"gold_gain":0.0,"event_name":"Dead Adventurer","player_choice":"Searched \u00272\u0027 times","floor":7.0,"gold_loss":0.0,"damage_taken":0.0,"relics_obtained":["Oddly Smooth Stone"]},{"damage_healed":0.0,"max_hp_gain":0.0,"max_hp_loss":0.0,"gold_gain":0.0,"event_name":"Back to Basics","player_choice":"Simplicity","floor":19.0,"gold_loss":0.0,"damage_taken":0.0,"cards_upgraded":["Strike_R","Strike_R","Defend_R","Defend_R","Defend_R"]},{"damage_healed":0,"gold_gain":0,"player_choice":"","damage_taken":9,"max_hp_gain":0,"max_hp_loss":0,"event_name":"Knowing Skull","floor":30,"potions_obtained":[],"gold_loss":0,"cards_obtained":[]},{"damage_healed":0,"gold_gain":0,"player_choice":"Ignored","damage_taken":0,"max_hp_gain":0,"max_hp_loss":0,"event_name":"Tomb of Lord Red Mask","floor":36,"gold_loss":0},{"damage_healed":0,"gold_gain":0,"player_choice":"Fight","damage_taken":0,"max_hp_gain":0,"max_hp_loss":0,"event_name":"Mysterious Sphere","floor":38,"gold_loss":0},{"damage_healed":0,"gold_gain":0,"player_choice":"Fight","damage_taken":0,"max_hp_gain":0,"max_hp_loss":0,"event_name":"MindBloom","floor":39,"gold_loss":0},{"damage_healed":0,"gold_gain":0,"player_choice":"Max HP","damage_taken":0,"max_hp_gain":0,"max_hp_loss":5,"event_name":"Winding Halls","floor":45,"gold_loss":0}],"is_beta":false,"boss_relics":[{"not_picked":["Lizard Tail","Velvet Choker"],"picked":"Tiny House"},{"not_picked":["Eternal Feather","Black Blood"],"picked":"Coffee Dripper"}],"items_purged_floors":[3,10,21,37,48],"is_endless":false,"potions_floor_spawned":[1,11,12,13,20,23,27,40,47,54],"ascension_level":0}