{"gold_per_floor":[114,114,125,143,155,170,170,183,183,198,16,91,124,137,137,239,239,251,279,292,305,203,231,231,231,282,282,297,314,314,331,331,434,434,446,457,473,484,706,706,725,743,773,773,785,803,87,100,100,100],"floor_reached":51,"playtime":2144,"items_purged":["True Grit"],"score":981,"play_id":"44868cd3-0897-44a4-aac2-16a8fdb17542","local_time":"20180703233856","daily_mods":["Draft","Binary","Vintage"],"is_ascension_mode":false,"campfire_choices":[{"data":"Flex","floor":15,"key":"SMITH"},{"data":"Armaments","floor":24,"key":"SMITH"},{"data":"1","floor":30,"key":"LIFT"},{"data":"True Grit","floor":32,"key":"SMITH"},{"data":"2","floor":40,"key":"LIFT"},{"data":"3","floor":44,"key":"LIFT"},{"data":"Inflame","floor":49,"key":"SMITH"}],"neow_cost":"","seed_source_timestamp":0,"circlet_count":0,"master_deck":["Flex+1","Body Slam+1","Havoc","Power Through","Clothesline+1","Sword Boomerang","Headbutt","Battle Trance+1","Inflame+1","Iron Wave","Ghostly Armor+1","Whirlwind+1","Cleave","True Grit+1","Mayhem+1","Armaments+1","Offering"],"special_seed":0,"relics":["Burning Blood","Busted Crown","Bottled Flame","Pen Nib","Frozen Egg 2","Orichalcum","Dream Catcher","Ice Cream","Singing Bowl","Oddly Smooth Stone","Bottled Lightning","Blood Vial","The Courier","Ornamental Fan","Red Mask","Regal Pillow","Potion Belt","Girya","Lantern","Paper Frog","Boot","Mummified Hand","Strawberry","Gremlin Horn","Bottled Tornado","Pear","War Paint","Vajra","Question Card","Tiny Chest","Art of War","Anchor","Mercury Hourglass","Whetstone","Shuriken","Kunai"],"potions_floor_usage":[23,33,41,46,50,50,50,50,50],"damage_taken":[{"damage":0.0,"enemies":"Cultist","floor":1.0,"turns":2.0},{"damage":0.0,"enemies":"2 Louse","floor":3.0,"turns":1.0},{"damage":0.0,"enemies":"Small Slimes","floor":4.0,"turns":1.0},{"damage":0.0,"enemies":"Looter","floor":5.0,"turns":2.0},{"damage":0.0,"enemies":"3 Louse","floor":6.0,"turns":1.0},{"damage":0.0,"enemies":"2 Fungi Beasts","floor":8.0,"turns":1.0},{"damage":8.0,"enemies":"Red Slaver","floor":10.0,"turns":2.0},{"damage":4.0,"enemies":"Lagavulin","floor":13.0,"turns":4.0},{"damage":0.0,"enemies":"Blue Slaver","floor":14.0,"turns":1.0},{"damage":9,"enemies":"Slime Boss","floor":16,"turns":6},{"damage":0,"enemies":"3 Byrds","floor":18,"turns":3},{"damage":0,"floor":19,"turns":1},{"damage":1,"enemies":"2 Thieves","floor":20,"turns":2},{"damage":0,"enemies":"Slaver and Parasite","floor":21,"turns":1},{"damage":3,"enemies":"Book of Stabbing","floor":23,"turns":4},{"damage":0,"enemies":"Chosen and Byrds","floor":28,"turns":3},{"damage":0,"enemies":"Cultist and Chosen","floor":29,"turns":3},{"damage":0,"enemies":"Snake Plant","floor":31,"turns":2},{"damage":0,"enemies":"Collector","floor":33,"turns":5},{"damage":0,"enemies":"3 Darklings","floor":35,"turns":1},{"damage":0,"enemies":"Orb Walker","floor":36,"turns":3},{"damage":0,"enemies":"Flame Bruiser 2 Orb","floor":37,"turns":2},{"damage":14,"enemies":"4 Shapes","floor":38,"turns":1},{"damage":12,"enemies":"Maw","floor":41,"turns":6},{"damage":0,"enemies":"3 Darklings","floor":42,"turns":1},{"damage":0,"enemies":"Flame Bruiser 2 Orb","floor":45,"turns":1},{"damage":0,"enemies":"Maw","floor":46,"turns":3},{"damage":0,"enemies":"3 Darklings","floor":48,"turns":1},{"damage":4,"enemies":"Donu and Deca","floor":50,"turns":3}],"seed_played":"1157660731176067139","potions_obtained":[{"floor":4.0,"key":"Explosive Potion"},{"floor":6.0,"key":"BloodPotion"},{"floor":8.0,"key":"SteroidPotion"},{"floor":13.0,"key":"GamblersBrew"},{"floor":14.0,"key":"SkillPotion"},{"floor":16,"key":"LiquidBronze"},{"floor":23,"key":"SkillPotion"},{"floor":28,"key":"FearPotion"},{"floor":29,"key":"Swift Potion"},{"floor":36,"key":"EssenceOfSteel"},{"floor":41,"key":"Block Potion"},{"floor":48,"key":"Strength Potion"}],"is_trial":true,"path_per_floor":["M","?","M","M","M","M","?","M","T","M","$","?","E","M","R","B",null,"M","?","M","M","$","E","R","?","T","?","M","M","R","M","R","B",null,"M","M","M","M","?","R","M","M","T","R","M","M","$","M","R","B"],"character_chosen":"IRONCLAD","items_purchased":["Mayhem+1","Armaments","Offering","SteroidPotion","Mercury Hourglass","Whetstone","Shuriken"],"campfire_rested":0,"item_purchase_floors":[],"current_hp_per_floor":[80,80,80,80,80,80,80,80,80,78,78,67,77,80,80,77,80,80,80,80,80,80,80,80,80,80,80,80,80,80,80,80,87,87,87,87,97,89,89,89,85,93,93,93,97,97,97,97,97,97],"gold":100,"neow_bonus":"","is_prod":false,"is_daily":false,"chose_seed":false,"campfire_upgraded":4,"win_rate":0,"timestamp":1530653936,"path_taken":["M","?","M","M","M","M","?","M","T","?","$","?","E","M","R","BOSS","M","?","M","M","$","E","R","?","T","?","M","M","R","M","R","BOSS","M","M","M","M","?","R","M","M","T","R","M","M","$","M","R","BOSS"],"build_version":"2018-07-02","purchased_purges":1,"victory":true,"max_hp_per_floor":[80,80,80,80,80,80,80,80,80,80,80,80,80,80,80,80,80,80,80,80,80,80,80,80,80,80,80,80,80,80,80,80,87,87,87,87,97,97,97,97,97,97,97,97,97,97,97,97,97,97],"card_choices":[{"not_picked":["Pommel Strike","Warcry"],"picked":"Flex","floor":0.0},{"not_picked":["Havoc","Perfected Strike"],"picked":"Body Slam","floor":0.0},{"not_picked":["Corruption","Clash"],"picked":"Havoc","floor":0.0},{"not_picked":["Shockwave","Warcry"],"picked":"Power Through","floor":0.0},{"not_picked":["Intimidate","Body Slam"],"picked":"Clothesline","floor":0.0},{"not_picked":["Carnage","Hemokinesis"],"picked":"Sword Boomerang","floor":0.0},{"not_picked":["Heavy Blade","Evolve"],"picked":"Headbutt","floor":0.0},{"not_picked":["Clothesline","Headbutt"],"picked":"Battle Trance","floor":0.0},{"not_picked":["Perfected Strike","Armaments"],"picked":"Inflame","floor":0.0},{"not_picked":["Feel No Pain","Headbutt"],"picked":"True Grit","floor":0.0},{"not_picked":["Pummel","Clash"],"picked":"Iron Wave","floor":0.0},{"not_picked":["Heavy Blade","Perfected Strike"],"picked":"Ghostly Armor","floor":0.0},{"not_picked":["Sever Soul","Rupture"],"picked":"Whirlwind","floor":0.0},{"not_picked":["Anger","Sword Boomerang"],"picked":"Cleave","floor":0.0},{"not_picked":["Ghostly Armor","Intimidate"],"picked":"True Grit","floor":0.0}],"player_experience":565425,"relics_obtained":[{"floor":1.0,"key":"Bottled Flame"},{"floor":3.0,"key":"Pen Nib"},{"floor":4.0,"key":"Frozen Egg 2"},{"floor":5.0,"key":"Orichalcum"},{"floor":6.0,"key":"Dream Catcher"},{"floor":8.0,"key":"Ice Cream"},{"floor":9.0,"key":"Singing Bowl"},{"floor":10.0,"key":"Oddly Smooth Stone"},{"floor":13.0,"key":"Bottled Lightning"},{"floor":14.0,"key":"Blood Vial"},{"floor":16,"key":"The Courier"},{"floor":18,"key":"Ornamental Fan"},{"floor":19,"key":"Red Mask"},{"floor":20,"key":"Regal Pillow"},{"floor":21,"key":"Potion Belt"},{"floor":23,"key":"Girya"},{"floor":26,"key":"Lantern"},{"floor":28,"key":"Paper Frog"},{"floor":29,"key":"Boot"},{"floor":31,"key":"Mummified Hand"},{"floor":33,"key":"Strawberry"},{"floor":35,"key":"Gremlin Horn"},{"floor":36,"key":"Bottled Tornado"},{"floor":37,"key":"Pear"},{"floor":38,"key":"War Paint"},{"floor":41,"key":"Vajra"},{"floor":42,"key":"Question Card"},{"floor":43,"key":"Tiny Chest"},{"floor":45,"key":"Art of War"},{"floor":46,"key":"Anchor"},{"floor":48,"key":"Kunai"}],"event_choices":[{"event_name":"Living Wall","player_choice":"Grow","floor":2.0,"damage_taken":0.0},{"event_name":"The Cleric","player_choice":"Leave","floor":7.0,"damage_taken":0.0},{"event_name":"World of Goop","player_choice":"Gather Gold","floor":12.0,"damage_taken":0.0},{"event_name":"Masked Bandits","player_choice":"Fought over 251 gold","floor":19,"damage_taken":0},{"event_name":"The Mausoleum","player_choice":"No","floor":25,"damage_taken":0},{"event_name":"Beggar","player_choice":"Ignored","floor":27,"damage_taken":0},{"event_name":"Tomb of Lord Red Mask","player_choice":"Wore Mask","floor":39,"damage_taken":0}],"boss_relics":[{"not_picked":["Velvet Choker","Runic Dome","Black Star"]},{"not_picked":["Fusion Hammer","Runic Cube","Astrolabe"]}],"items_purged_floors":[22],"is_endless":false,"potions_floor_spawned":[4,6,8,13,14,16,18,23,28,29,36,41,48],"ascension_level":0}