{"path_per_floor":["M","$","M","M","M","R","E","R","T","$","?","M","M","?","R","B",null,"M","?","?","M","$","R","?","M","T","M","M","$","R","M","R","B",null,"M","M","?","?","M","R","M","M","T","$","M","M","R","M","R","B"],"character_chosen":"THE_SILENT","items_purchased":["Deadly Poison","Catalyst","Bag of Preparation"],"gold_per_floor":[118,18,29,48,63,63,96,96,96,96,96,116,132,112,112,211,211,226,226,226,241,72,72,100,114,114,133,151,26,26,37,37,139,139,153,167,267,267,282,282,292,302,378,78,96,112,112,122,122,122],"floor_reached":51,"campfire_rested":3,"playtime":5857,"current_hp_per_floor":[70,70,68,68,68,68,42,42,42,42,42,18,18,18,54,51,70,70,70,70,70,70,70,62,59,59,57,42,42,42,38,70,19,70,70,70,70,60,60,60,70,70,70,70,60,60,60,60,70,70],"items_purged":["Strike_G","Strike_G","Wraith Form","Defend_G"],"gold":122,"play_id":"14595f1f-2818-453b-91ea-4c8c32c4ece4","is_prod":false,"is_daily":false,"is_ascension_mode":false,"campfire_upgraded":6,"path_taken":["M","$","M","M","M","R","E","R","T","$","?","M","M","?","R","BOSS","M","?","?","M","$","R","?","M","T","?","?","$","R","M","R","BOSS","M","M","?","?","M","R","M","M","T","$","M","M","R","?","R","BOSS"],"build_version":"2018-01-26-BETA1","purchased_purges":4,"victory":true,"master_deck":["Defend_G","Defend_G","Defend_G","Survivor","Neutralize+1","Deadly Poison","Deadly Poison","Backflip+1","Footwork+1","Bouncing Flask","Noxious Fumes+1","PiercingWail","Blur","Slice+1","Reflex+1","Acrobatics+1","Prepared+1","Catalyst+1","Sucker Punch+1","Venomology","Escape Plan+1","Madness","Madness","Backflip+1","Blur+1"],"max_hp_per_floor":[70,70,70,70,70,70,70,70,70,70,70,70,70,70,70,70,70,70,70,70,70,70,70,70,70,70,70,70,70,70,70,70,70,70,70,70,70,70,70,70,70,70,70,70,70,70,70,70,70,70],"relics":["Ring of the Snake","Snake Skull","Regal Pillow","Bottled Flame","Astrolabe","Oddly Smooth Stone","Red Mask","Shuriken","Velvet Choker","Dodecahedron","Bag of Preparation"],"card_choices":[{"not_picked":["Outmaneuver","Slice"],"picked":"Deadly Poison"},{"not_picked":["Expertise","Escape Plan"],"picked":"Backflip"},{"not_picked":["Dash","Dodge and Roll"],"picked":"Footwork"},{"not_picked":["Outmaneuver","Dodge and Roll"],"picked":"Bouncing Flask"},{"not_picked":["Slice","Deflect"],"picked":"Noxious Fumes"},{"not_picked":["Expertise","Riddle With Holes"],"picked":"Blur"},{"not_picked":["Night Terror","Unload"],"picked":"Wraith Form"},{"not_picked":["Malaise","Bouncing Flask"],"picked":"Prepared"},{"not_picked":["Infinite Blades","Riddle With Holes"],"picked":"Sucker Punch"},{"not_picked":["Night Terror","Die Die Die"],"picked":"Venomology"},{"not_picked":["Bane","Cloak And Dagger"],"picked":"Escape Plan"},{"not_picked":["Deflect","Flying Knee"],"picked":"Backflip"},{"not_picked":["Caltrops","PiercingWail"],"picked":"Blur"}],"player_experience":89468,"potions_floor_usage":[7,12,18,24,24,27,33,33,39,41,42,45,46,50,50,50],"damage_taken":[{"damage":0,"enemies":"Small Slimes","floor":1,"turns":4},{"damage":2,"enemies":"Blue Slaver","floor":3,"turns":4},{"damage":0,"enemies":"2 Louse","floor":4,"turns":3},{"damage":0,"enemies":"2 Fungi Beasts","floor":5,"turns":5},{"damage":26,"enemies":"3 Sentries","floor":7,"turns":11},{"damage":24,"enemies":"Gremlin Gang","floor":12,"turns":4},{"damage":0,"enemies":"Exordium Wildlife","floor":13,"turns":6},{"damage":3,"enemies":"Hexaghost","floor":16,"turns":7},{"damage":0,"enemies":"Spheric Guardian","floor":18,"turns":3},{"damage":0,"enemies":"Shell Parasite","floor":21,"turns":6},{"damage":8,"enemies":"Masked Bandits","floor":24,"turns":5},{"damage":3,"enemies":"Snake Plant","floor":25,"turns":6},{"damage":2,"enemies":"Slaver and Parasite","floor":27,"turns":6},{"damage":15,"enemies":"3 Cultists","floor":28,"turns":6},{"damage":4,"enemies":"Sentry and Sphere","floor":31,"turns":5},{"damage":51,"enemies":"Collector","floor":33,"turns":10},{"damage":0,"enemies":"3 Darklings","floor":35,"turns":8},{"damage":0,"enemies":"3 Shapes","floor":36,"turns":5},{"damage":0,"enemies":"Spire Growth","floor":39,"turns":4},{"damage":4,"enemies":"Sphere and 2 Shapes","floor":41,"turns":7},{"damage":6,"enemies":"Maw","floor":42,"turns":6},{"damage":10,"enemies":"Flame Bruiser 2 Orb","floor":45,"turns":8},{"damage":0,"enemies":"4 Shapes","floor":46,"turns":6},{"damage":0,"enemies":"Maw","floor":48,"turns":6},{"damage":0,"enemies":"Time Eater","floor":50,"turns":8}],"event_choices":[{"event_name":"Transmorgrifier","player_choice":"Transform","floor":11,"damage_taken":0},{"event_name":"The Woman in Blue","player_choice":"Bought 1 Potion","floor":14,"damage_taken":0},{"event_name":"The Mausoleum","player_choice":"Yes","floor":19,"damage_taken":0},{"event_name":"Drug Dealer","player_choice":"Ignored","floor":20,"damage_taken":0},{"event_name":"Masked Bandits","player_choice":"Fought over 72 gold","floor":24,"damage_taken":0},{"event_name":"Golden Shrine","player_choice":"Pray","floor":37,"damage_taken":0},{"event_name":"Winding Halls","player_choice":"Embrace Madness","floor":38,"damage_taken":0}],"boss_relics":[{"not_picked":["Snecko Eye","White Beast Statue"],"picked":"Astrolabe"},{"not_picked":["Tiny House","Philosopher\u0027s Stone"],"picked":"Velvet Choker"}],"potions_floor_spawned":[4,5,7,13,16,21,24,27,36,41,42,45,46,48],"seed_played":"5699249734675374200","ascension_level":0,"is_trial":false}