{"gold_per_floor":[110,120,131,12,12,12,46,64,64,75,93,122,122,72,72,177,177,193,193,70,84,84,84],"floor_reached":23,"playtime":1452,"items_purged":["Meteor Strike"],"score":241,"play_id":"56a7a8f1-0318-43ef-9461-c23d89aa35c8","local_time":"20190710034538","is_ascension_mode":true,"campfire_choices":[{"data":"Capacitor","floor":6,"key":"SMITH"},{"floor":13,"key":"REST"},{"data":"Conserve Battery","floor":15,"key":"SMITH"}],"neow_cost":"NONE","seed_source_timestamp":30800047844952,"circlet_count":0,"master_deck":["Strike_B+1","Strike_B+1","Strike_B+1","Defend_B+1","Defend_B+1","Defend_B+1","Defend_B+1","Zap","Dualcast","Auto Shields","Ball Lightning","Beam Cell","Capacitor+1","Cold Snap","Ball Lightning","Conserve Battery+1","Go for the Eyes","Redo","Machine Learning","Cold Snap","Defragment","Leap","Sweeping Beam+1"],"relics":["Cracked Core","Gremlin Horn","Meat on the Bone","Blue Candle","Turnip"],"potions_floor_usage":[10,11,12,16,21],"damage_taken":[{"damage":2,"enemies":"Jaw Worm","floor":1,"turns":4},{"damage":0,"enemies":"2 Louse","floor":2,"turns":2},{"damage":3,"enemies":"Small Slimes","floor":3,"turns":3},{"damage":37,"enemies":"Lagavulin","floor":7,"turns":6},{"damage":11,"enemies":"Exordium Thugs","floor":8,"turns":4},{"damage":0,"enemies":"3 Louse","floor":10,"turns":3},{"damage":13,"enemies":"Exordium Wildlife","floor":11,"turns":5},{"damage":12,"enemies":"Gremlin Nob","floor":12,"turns":4},{"damage":16,"enemies":"The Guardian","floor":16,"turns":12},{"damage":16,"enemies":"Shell Parasite","floor":18,"turns":8},{"damage":36,"enemies":"3 Byrds","floor":21,"turns":6},{"damage":35,"enemies":"Slavers","floor":23,"turns":3}],"seed_played":"5683870928261456113","potions_obtained":[{"floor":2,"key":"Energy Potion"},{"floor":3,"key":"Fire Potion"},{"floor":8,"key":"Block Potion"},{"floor":11,"key":"SpeedPotion"},{"floor":12,"key":"Swift Potion"},{"floor":21,"key":"Ancient Potion"}],"is_trial":false,"path_per_floor":["M","M","M","$","?","R","E","M","T","M","M","E","R","?","R","B",null,"M","?","$","M","?","E"],"character_chosen":"DEFECT","items_purchased":["Capacitor","Cold Snap","Leap"],"campfire_rested":1,"item_purchase_floors":[4,4,20],"current_hp_per_floor":[73,73,70,70,63,63,26,27,27,39,38,38,60,60,60,44,75,59,59,59,35,35,0],"gold":84,"neow_bonus":"ONE_RANDOM_RARE_CARD","is_prod":false,"is_daily":false,"chose_seed":false,"campfire_upgraded":2,"win_rate":0,"timestamp":1562723138,"path_taken":["M","M","M","$","?","R","E","M","T","M","M","E","R","?","R","BOSS","M","?","$","M","?","E"],"build_version":"2019-07-05","purchased_purges":1,"victory":false,"max_hp_per_floor":[75,75,75,75,75,75,75,75,75,75,75,75,75,75,75,75,75,75,75,75,75,75,75],"card_choices":[{"not_picked":["Redo","Genetic Algorithm"],"picked":"Auto Shields","floor":1},{"not_picked":["Leap","Redo"],"picked":"Ball Lightning","floor":2},{"not_picked":["Ball Lightning","Force Field"],"picked":"Beam Cell","floor":3},{"not_picked":["Gash","Reboot"],"picked":"Ball Lightning","floor":7},{"not_picked":["Coolheaded","Streamline"],"picked":"Conserve Battery","floor":8},{"not_picked":["Streamline","BootSequence"],"picked":"Go for the Eyes","floor":10},{"not_picked":["Steam","Gash"],"picked":"Redo","floor":11},{"not_picked":["Streamline","Tempest","Amplify"],"picked":"SKIP","floor":12},{"not_picked":["Thunder Strike","Core Surge"],"picked":"Machine Learning","floor":16},{"not_picked":["Go for the Eyes","Streamline+1"],"picked":"Cold Snap","floor":18},{"not_picked":["Compile Driver+1","Redo"],"picked":"Sweeping Beam+1","floor":21}],"player_experience":318173,"relics_obtained":[{"floor":7,"key":"Meat on the Bone"},{"floor":9,"key":"Blue Candle"},{"floor":12,"key":"Turnip"}],"event_choices":[{"damage_healed":0,"gold_gain":0,"player_choice":"Success","damage_taken":7,"relics_obtained":["Gremlin Horn"],"max_hp_gain":0,"max_hp_loss":0,"event_name":"Scrap Ooze","floor":5,"gold_loss":0},{"cards_removed":["Strike_B"],"damage_healed":0,"gold_gain":0,"player_choice":"Card Removal","damage_taken":0,"max_hp_gain":0,"max_hp_loss":0,"event_name":"The Cleric","floor":14,"gold_loss":50},{"damage_healed":0,"gold_gain":0,"player_choice":"Read","damage_taken":0,"max_hp_gain":0,"max_hp_loss":0,"event_name":"The Library","floor":19,"gold_loss":0,"cards_obtained":["Defragment"]},{"damage_healed":0,"gold_gain":0,"player_choice":"Simplicity","damage_taken":0,"max_hp_gain":0,"max_hp_loss":0,"event_name":"Back to Basics","floor":22,"gold_loss":0,"cards_upgraded":["Strike_B","Strike_B","Strike_B","Defend_B","Defend_B","Defend_B","Defend_B"]}],"is_beta":false,"boss_relics":[{"not_picked":["Velvet Choker","Snecko Eye","Calling Bell"]}],"items_purged_floors":[20],"is_endless":false,"potions_floor_spawned":[2,3,8,11,12,21],"killed_by":"Slavers","ascension_level":4}