{"path_per_floor":["M","$","?","M","?","R","E","?","T","M","M","M","R","M","R","B",null,"M","?","M","$","M","R","M","E","T"],"character_chosen":"DEFECT","items_purchased":["Capacitor","Skim","Transmutation"],"gold_per_floor":[112,8,8,28,28,28,90,90,90,102,118,136,136,148,148,251,251,263,263,274,7,27,27,44,73,73,73],"floor_reached":27,"campfire_rested":2,"playtime":2912,"current_hp_per_floor":[75,75,80,78,78,78,43,27,27,27,27,18,42,42,42,23,80,73,73,57,57,33,57,51,15,15,0],"items_purged":["Strike_B"],"gold":73,"score":235,"play_id":"f7076232-f5ec-4fcc-8cf8-cf4616a58dd6","local_time":"20180430162915","is_prod":false,"is_daily":false,"chose_seed":false,"is_ascension_mode":false,"campfire_upgraded":2,"timestamp":1525098555,"path_taken":["M","$","?","M","?","R","E","?","T","?","M","M","R","M","R","BOSS","M","?","M","$","M","R","M","E","T","?"],"build_version":"2018-04-27v3","seed_source_timestamp":14704078373468,"purchased_purges":2,"victory":false,"master_deck":["Strike_B","Strike_B","Defend_B","Defend_B","Defend_B","Defend_B","Zap","Dualcast","Conserve Battery","Barrage+1","Capacitor+1","Skim+1","Ball Lightning","Leap","Rainbow+1","Sweeping Beam","Machine Learning","Double Energy","Go for the Eyes","Transmutation","Go for the Eyes+1","Chill+1","Capacitor+1","Parasite","Defragment"],"max_hp_per_floor":[75,75,80,80,80,80,80,80,80,80,80,80,80,80,80,80,80,80,80,80,80,80,80,80,80,80,80],"relics":["Cracked Core","Tiny Chest","Mummified Hand","Cursed Key","Prayer Wheel","Happy Flower"],"card_choices":[{"not_picked":["Rip and Tear","Hologram"],"picked":"Barrage","floor":1},{"not_picked":["FTL","Blizzard"],"picked":"Ball Lightning","floor":4},{"not_picked":["Reprogram","Darkness"],"picked":"Leap","floor":7},{"not_picked":["Hologram","Heatsinks"],"picked":"Rainbow","floor":11},{"not_picked":["Steam Power","Leap"],"picked":"Sweeping Beam","floor":14},{"not_picked":["Reboot","Thunder Strike"],"picked":"Machine Learning","floor":16},{"not_picked":["Chill","Buffer"],"picked":"Double Energy","floor":18},{"not_picked":["Glacier","Leap"],"picked":"Go for the Eyes","floor":20},{"not_picked":["Cold Snap","Rip and Tear"],"picked":"Go for the Eyes","floor":22},{"not_picked":["Static Discharge","Force Field"],"picked":"Chill","floor":24},{"not_picked":["Cold Snap","Darkness"],"picked":"Capacitor","floor":25},{"not_picked":["Beam Cell","Axe Kick"],"picked":"Defragment","floor":26}],"player_experience":355841,"potions_floor_usage":[7,14,16,18,24,27],"damage_taken":[{"damage":0,"enemies":"2 Louse","floor":1,"turns":2},{"damage":2,"enemies":"Small Slimes","floor":4,"turns":4},{"damage":35,"enemies":"Gremlin Nob","floor":7,"turns":5},{"damage":0,"enemies":"Cultist","floor":10,"turns":2},{"damage":0,"enemies":"Blue Slaver","floor":11,"turns":3},{"damage":9,"enemies":"2 Fungi Beasts","floor":12,"turns":5},{"damage":0,"enemies":"Large Slime","floor":14,"turns":4},{"damage":34,"enemies":"Hexaghost","floor":16,"turns":10},{"damage":7,"enemies":"3 Byrds","floor":18,"turns":4},{"damage":16,"enemies":"2 Thieves","floor":20,"turns":4},{"damage":28,"enemies":"Snake Plant","floor":22,"turns":5},{"damage":6,"enemies":"Snecko","floor":24,"turns":4},{"damage":36,"enemies":"Book of Stabbing","floor":25,"turns":6},{"damage":23,"enemies":"Slaver and Parasite","floor":27,"turns":4}],"event_choices":[{"event_name":"Big Fish","player_choice":"Donut","floor":3,"damage_taken":0},{"event_name":"The Cleric","player_choice":"Leave","floor":5,"damage_taken":0},{"event_name":"Shining Light","player_choice":"Entered Light","floor":8,"damage_taken":0},{"event_name":"Ghosts","player_choice":"Ignored","floor":19,"damage_taken":0}],"boss_relics":[{"not_picked":["Philosopher\u0027s Stone","Runic Dome"],"picked":"Cursed Key"}],"potions_floor_spawned":[1,11,14,16,20,25],"seed_played":"4963569040700020541","killed_by":"Slaver and Parasite","ascension_level":0,"is_trial":false}