{"gold_per_floor":[117,117,117,128,143,143,31,46,93,107,122,122,147,162,162,267,317,335,83,83,99,112,112,142,142,142,155,155,30,30,41,41,145,145,164,180,180,130,150,250,262,262,262,262,262,297,297,308,308,308,308,308,24,56,56],"floor_reached":55,"playtime":2669,"items_purged":["Strike_G","Strike_G","Strike_G+1","Strike_G+1"],"score":694,"play_id":"84156d04-b7e1-4250-bfe0-38bcebf83883","local_time":"20190729193916","is_ascension_mode":false,"campfire_choices":[{"data":"Footwork","floor":6.0,"key":"SMITH"},{"data":"Caltrops","floor":12.0,"key":"SMITH"},{"data":"Well Laid Plans","floor":15.0,"key":"SMITH"},{"data":"Deadly Poison","floor":23.0,"key":"SMITH"},{"data":"Poisoned Stab","floor":25.0,"key":"SMITH"},{"data":"Tools of the Trade","floor":28.0,"key":"SMITH"},{"data":"Poisoned Stab","floor":32.0,"key":"SMITH"},{"floor":49,"key":"RECALL"},{"data":"After Image","floor":52,"key":"SMITH"}],"neow_cost":"NONE","seed_source_timestamp":37653991407300,"circlet_count":0,"master_deck":["Defend_G+1","Defend_G+1","Defend_G+1","Defend_G+1","Defend_G+1","Survivor","Neutralize","Backflip+1","Neutralize","Leg Sweep","Footwork+1","Caltrops+1","Blur","Poisoned Stab","Well Laid Plans+1","Tools of the Trade+1","Dodge and Roll","Poisoned Stab+1","Deadly Poison+1","Blur","Deflect","Footwork","Poisoned Stab+1","After Image+1","Infinite Blades+1","Escape Plan","Backflip","Flash of Steel","Noxious Fumes+1","Bouncing Flask+1","Noxious Fumes","Deadly Poison+1"],"special_seed":0,"relics":["Ring of the Snake","Smiling Mask","Happy Flower","Tiny House","Oddly Smooth Stone","Sundial","Anchor","Cursed Key","Gremlin Horn","Medical Kit","Blood Vial"],"potions_floor_usage":[55,55],"damage_taken":[{"damage":2.0,"enemies":"Small Slimes","floor":1.0,"turns":5.0},{"damage":0.0,"enemies":"Jaw Worm","floor":4.0,"turns":4.0},{"damage":0.0,"enemies":"Cultist","floor":5.0,"turns":3.0},{"damage":3.0,"enemies":"3 Louse","floor":8.0,"turns":3.0},{"damage":1.0,"enemies":"Blue Slaver","floor":10.0,"turns":5.0},{"damage":1.0,"enemies":"Exordium Thugs","floor":11.0,"turns":6.0},{"damage":3.0,"enemies":"3 Sentries","floor":13.0,"turns":9.0},{"damage":0.0,"enemies":"Red Slaver","floor":14.0,"turns":3.0},{"damage":6.0,"enemies":"The Guardian","floor":16.0,"turns":14.0},{"damage":0.0,"enemies":"Shell Parasite","floor":18.0,"turns":9.0},{"damage":0.0,"enemies":"3 Byrds","floor":21.0,"turns":3.0},{"damage":0.0,"enemies":"Shelled Parasite and Fungi","floor":22.0,"turns":7.0},{"damage":17.0,"enemies":"Gremlin Leader","floor":24.0,"turns":7.0},{"damage":1.0,"enemies":"Cultist and Chosen","floor":27.0,"turns":8.0},{"damage":0.0,"enemies":"Snake Plant","floor":31.0,"turns":6.0},{"damage":39.0,"enemies":"Collector","floor":33.0,"turns":10.0},{"damage":1.0,"enemies":"3 Shapes","floor":35.0,"turns":8.0},{"damage":0.0,"enemies":"Orb Walker","floor":36.0,"turns":4.0},{"damage":9.0,"enemies":"3 Darklings","floor":39.0,"turns":7.0},{"damage":0.0,"enemies":"Maw","floor":41.0,"turns":8.0},{"damage":0,"enemies":"Giant Head","floor":46,"turns":13},{"damage":7,"enemies":"Writhing Mass","floor":48,"turns":7},{"damage":18,"enemies":"Donu and Deca","floor":50,"turns":12},{"damage":32,"enemies":"Shield and Spear","floor":54,"turns":7},{"damage":49,"enemies":"The Heart","floor":55,"turns":5}],"seed_played":"-463069353989838242","potions_obtained":[{"floor":1.0,"key":"Poison Potion"},{"floor":11.0,"key":"Explosive Potion"},{"floor":13.0,"key":"Energy Potion"},{"floor":16.0,"key":"Explosive Potion"},{"floor":27.0,"key":"SpeedPotion"},{"floor":31.0,"key":"AttackPotion"},{"floor":39.0,"key":"Dexterity Potion"},{"floor":41.0,"key":"Strength Potion"}],"is_trial":false,"path_per_floor":["M","?","?","M","M","R","$","M","T","M","M","R","E","M","R","B",null,"M","$","?","M","M","R","E","R","T","M","R","$","?","M","R","B",null,"M","M","?","$","M","?","M","?","T","?","?","E","?","M","R","B",null,"R","$","E","B"],"character_chosen":"THE_SILENT","items_purchased":["Caltrops","Oddly Smooth Stone","Deadly Poison","Footwork","Backflip","Noxious Fumes","Medical Kit"],"campfire_rested":0,"item_purchase_floors":[7,19,19,29,38,53,53],"current_hp_per_floor":[75,60,60,60,60,60,60,57,57,56,55,55,52,52,52,46,82,82,82,82,82,82,82,65,65,65,64,64,64,64,64,64,25,82,81,81,81,81,72,72,72,72,72,72,72,72,72,65,65,47,78,78,78,46,0],"gold":56,"neow_bonus":"TEN_PERCENT_HP_BONUS","is_prod":false,"is_daily":false,"chose_seed":false,"campfire_upgraded":8,"win_rate":0,"timestamp":1564418356,"path_taken":["M","?","?","M","M","R","$","M","T","?","M","R","E","M","R","BOSS","M","$","?","M","M","R","E","R","T","M","R","$","?","M","R","BOSS","M","M","?","$","?","?","?","?","T","?","?","E","?","M","R","BOSS","R","$","E","BOSS"],"build_version":"2019-07-17","purchased_purges":4,"victory":false,"max_hp_per_floor":[77,77,77,77,77,77,77,77,77,77,77,77,77,77,77,77,82,82,82,82,82,82,82,82,82,82,82,82,82,82,82,82,82,82,82,82,82,82,82,82,82,82,82,78,78,78,78,78,78,78,78,78,78,78,78],"card_choices":[{"not_picked":["Backstab","Choke"],"picked":"Backflip","floor":1.0},{"not_picked":["Slice","Quick Slash"],"picked":"Leg Sweep","floor":4.0},{"not_picked":["Predator","Riddle With Holes"],"picked":"Footwork","floor":5.0},{"not_picked":["Sucker Punch","Flying Knee"],"picked":"Blur","floor":8.0},{"not_picked":["Accuracy","Tactician"],"picked":"Poisoned Stab","floor":10.0},{"not_picked":["Reflex","Phantasmal Killer","Prepared"],"picked":"SKIP","floor":11.0},{"not_picked":["Leg Sweep","Calculated Gamble","Bane"],"picked":"SKIP","floor":13.0},{"not_picked":["Dagger Throw","Terror"],"picked":"Well Laid Plans","floor":14.0},{"not_picked":["Grand Finale","Malaise"],"picked":"Tools of the Trade","floor":16.0},{"not_picked":["Well Laid Plans","Dagger Spray"],"picked":"Dodge and Roll","floor":17.0},{"not_picked":["Backflip+1","Skewer+1"],"picked":"Poisoned Stab","floor":18.0},{"not_picked":["Dodge and Roll+1","Acrobatics+1"],"picked":"Blur","floor":21.0},{"not_picked":["Accuracy","Underhanded Strike+1","PiercingWail"],"picked":"SKIP","floor":22.0},{"not_picked":["Endless Agony","Flying Knee+1"],"picked":"Deflect","floor":24.0},{"not_picked":["Quick Slash","Dodge and Roll","Acrobatics"],"picked":"SKIP","floor":27.0},{"not_picked":["All Out Attack+1","Slice"],"picked":"Poisoned Stab","floor":31.0},{"not_picked":["Grand Finale","Doppelganger"],"picked":"After Image","floor":33.0},{"not_picked":["Dagger Throw","PiercingWail+1"],"picked":"Infinite Blades+1","floor":35.0},{"not_picked":["PiercingWail+1","Footwork"],"picked":"Escape Plan","floor":36.0},{"not_picked":["Blade Dance+1","Flying Knee","Quick Slash"],"picked":"SKIP","floor":39.0},{"not_picked":["Heel Hook+1","Endless Agony","Concentrate+1"],"picked":"SKIP","floor":41.0},{"not_picked":["PanicButton","Forethought"],"picked":"Flash of Steel","floor":42.0},{"not_picked":["Backflip","Backstab+1"],"picked":"Noxious Fumes+1","floor":46},{"not_picked":["Dodge and Roll+1","All Out Attack+1"],"picked":"Bouncing Flask+1","floor":48},{"not_picked":["Predator+1","Endless Agony"],"picked":"Deadly Poison+1","floor":54}],"player_experience":798942,"relics_obtained":[{"floor":9.0,"key":"Smiling Mask"},{"floor":13.0,"key":"Happy Flower"},{"floor":24.0,"key":"Sundial"},{"floor":46,"key":"Gremlin Horn"},{"floor":54,"key":"Blood Vial"}],"event_choices":[{"damage_healed":0.0,"max_hp_gain":0.0,"max_hp_loss":0.0,"gold_gain":0.0,"event_name":"Shining Light","player_choice":"Entered Light","floor":2.0,"gold_loss":0.0,"damage_taken":15.0,"cards_upgraded":["Strike_G","Backflip"]},{"damage_healed":0.0,"max_hp_gain":0.0,"max_hp_loss":0.0,"gold_gain":0.0,"event_name":"Match and Keep!","player_choice":"1 cards matched","floor":3.0,"gold_loss":0.0,"damage_taken":0.0,"cards_obtained":["Neutralize"]},{"damage_healed":0.0,"max_hp_gain":0.0,"max_hp_loss":0.0,"gold_gain":0.0,"event_name":"Back to Basics","player_choice":"Simplicity","floor":20.0,"gold_loss":0.0,"damage_taken":0.0,"cards_upgraded":["Strike_G","Strike_G","Defend_G","Defend_G","Defend_G","Defend_G"]},{"damage_healed":0.0,"max_hp_gain":0.0,"max_hp_loss":0.0,"gold_gain":0.0,"event_name":"WeMeetAgain","player_choice":"Gave Potion","floor":30.0,"gold_loss":0.0,"damage_taken":0.0,"relics_obtained":["Anchor"]},{"cards_removed":["Strike_G"],"damage_healed":0.0,"max_hp_gain":0.0,"max_hp_loss":0.0,"gold_gain":0.0,"event_name":"Purifier","player_choice":"Purged","floor":37.0,"gold_loss":0.0,"damage_taken":0.0},{"damage_healed":0.0,"max_hp_gain":0.0,"max_hp_loss":0.0,"gold_gain":100.0,"event_name":"Golden Shrine","player_choice":"Pray","floor":40.0,"gold_loss":0.0,"damage_taken":0.0},{"damage_healed":0.0,"max_hp_gain":0.0,"max_hp_loss":0.0,"gold_gain":0.0,"event_name":"SensoryStone","player_choice":"Memory 1","floor":42.0,"gold_loss":0.0,"damage_taken":0.0},{"damage_healed":0.0,"max_hp_gain":0.0,"max_hp_loss":4.0,"gold_gain":0.0,"event_name":"Winding Halls","player_choice":"Max HP","floor":44.0,"gold_loss":0.0,"damage_taken":0.0},{"damage_healed":0,"gold_gain":0,"player_choice":"Ignored","damage_taken":0,"max_hp_gain":0,"max_hp_loss":0,"event_name":"Mysterious Sphere","floor":45,"gold_loss":0},{"damage_healed":0,"gold_gain":0,"player_choice":"Ignored","damage_taken":0,"max_hp_gain":0,"max_hp_loss":0,"event_name":"Tomb of Lord Red Mask","floor":47,"gold_loss":0}],"is_beta":false,"boss_relics":[{"not_picked":["Pandora\u0027s Box","HoveringKite"],"picked":"Tiny House"},{"not_picked":["Sozu","Runic Pyramid"],"picked":"Cursed Key"}],"items_purged_floors":[7,19,29,53],"is_endless":false,"potions_floor_spawned":[1,11,13,16,18,27,31,39,41,46],"killed_by":"The Heart","ascension_level":0}