{"gold_per_floor":[109,34,45,56,231,257,257,276,276,38,54,54,74,94,94,191,191,206,220,7,7,26,26,42,72,72,72,147,72,83,102,102,205,255,266,282,301,318,41,72,72,172,220,246,146,161,161,180,180,180],"floor_reached":51,"playtime":2260,"items_purged":["Bite","Defend_B"],"score":808,"play_id":"a2685b4e-0a72-4b60-b700-56fd97a21d98","local_time":"20181217061958","is_ascension_mode":false,"campfire_choices":[{"data":"Coolheaded","floor":12.0,"key":"SMITH"},{"data":"Zap","floor":15.0,"key":"SMITH"},{"data":"Defragment","floor":23.0,"key":"SMITH"},{"data":"Seek","floor":27.0,"key":"SMITH"},{"data":"Go for the Eyes","floor":32.0,"key":"SMITH"},{"data":"Coolheaded","floor":41.0,"key":"SMITH"},{"floor":47,"key":"REST"},{"data":"Coolheaded","floor":49,"key":"SMITH"}],"neow_cost":"NONE","seed_source_timestamp":100170600859135,"circlet_count":0,"master_deck":["Defend_B","Defend_B","Defend_B","Zap+1","Dualcast","Go for the Eyes+1","Gash","Beam Cell","Self Repair","Gash+1","Coolheaded+1","FTL","Seek+1","Reboot","Gash","Steam","Defragment+1","Bite","Bite","Bite+1","Bite","Coolheaded+1","Gash+1","All For One","Gash+1","Capacitor+1","Echo Form+1","Coolheaded+1","Gash+1","FTL"],"special_seed":0,"relics":["FrozenCore","NeowsBlessing","Pantograph","Pear","Singing Bowl","Oddly Smooth Stone","Ornamental Fan","Frozen Egg 2","Tiny House","Runic Capacitor","Sundial","Du-Vu Doll","Whetstone","Shuriken"],"potions_floor_usage":[50,50],"damage_taken":[{"damage":0.0,"enemies":"2 Louse","floor":1.0,"turns":1.0},{"damage":0.0,"enemies":"Jaw Worm","floor":3.0,"turns":1.0},{"damage":0.0,"enemies":"Cultist","floor":4.0,"turns":1.0},{"damage":68.0,"enemies":"3 Sentries","floor":6.0,"turns":12.0},{"damage":5.0,"enemies":"Looter","floor":8.0,"turns":3.0},{"damage":0.0,"enemies":"Large Slime","floor":11.0,"turns":4.0},{"damage":10.0,"enemies":"Red Slaver","floor":13.0,"turns":3.0},{"damage":2.0,"enemies":"Blue Slaver","floor":14.0,"turns":3.0},{"damage":17.0,"enemies":"Hexaghost","floor":16.0,"turns":8.0},{"damage":15.0,"enemies":"Chosen","floor":18.0,"turns":5.0},{"damage":14.0,"enemies":"Spheric Guardian","floor":19.0,"turns":6.0},{"damage":19.0,"enemies":"Snake Plant","floor":22.0,"turns":7.0},{"damage":9.0,"enemies":"Chosen and Byrds","floor":24.0,"turns":6.0},{"damage":21.0,"enemies":"Slavers","floor":25.0,"turns":8.0},{"damage":1.0,"enemies":"Centurion and Healer","floor":30.0,"turns":8.0},{"damage":14.0,"enemies":"Cultist and Chosen","floor":31.0,"turns":9.0},{"damage":31.0,"enemies":"Champ","floor":33.0,"turns":12.0},{"damage":2.0,"enemies":"3 Darklings","floor":35.0,"turns":9.0},{"damage":26.0,"enemies":"3 Shapes","floor":36.0,"turns":8.0},{"damage":3.0,"enemies":"Spire Growth","floor":37.0,"turns":4.0},{"damage":0.0,"enemies":"Transient","floor":38.0,"turns":5.0},{"damage":1.0,"enemies":"Giant Head","floor":40.0,"turns":9.0},{"damage":0.0,"enemies":"Mind Bloom Boss Battle","floor":42.0,"turns":7.0},{"damage":59,"enemies":"Reptomancer","floor":44,"turns":7},{"damage":9,"enemies":"Sphere and 2 Shapes","floor":46,"turns":5},{"damage":12,"enemies":"Writhing Mass","floor":48,"turns":5},{"damage":10,"enemies":"Donu and Deca","floor":50,"turns":9}],"seed_played":"2411120435310865884","potions_obtained":[{"floor":3.0,"key":"FearPotion"},{"floor":11.0,"key":"PowerPotion"},{"floor":13.0,"key":"Strength Potion"},{"floor":16.0,"key":"EssenceOfSteel"},{"floor":46,"key":"Swift Potion"}],"is_trial":false,"path_per_floor":["M","$","M","M","?","E","?","M","T","$","M","R","M","M","R","B",null,"M","M","$","?","M","R","M","E","T","R","?","$","M","M","R","B",null,"M","M","M","M","$","E","R","?","T","E","$","M","R","M","R","B",null],"character_chosen":"DEFECT","items_purchased":["Gash","Beam Cell","Singing Bowl","Defragment","Oddly Smooth Stone","Runic Capacitor","Capacitor+1"],"campfire_rested":1,"item_purchase_floors":[2,2,10,20,20,39,39],"current_hp_per_floor":[75,75,75,75,75,14,14,16,26,26,33,33,32,37,37,52,87,79,72,72,60,60,60,62,62,62,62,56,56,64,61,61,55,73,73,56,68,79,79,79,79,79,79,28,28,33,57,59,59,81],"gold":180,"neow_bonus":"THREE_ENEMY_KILL","is_prod":false,"is_daily":false,"chose_seed":false,"campfire_upgraded":7,"win_rate":0,"timestamp":1545020398,"path_taken":["M","$","M","M","?","E","?","M","T","$","M","R","M","M","R","BOSS","M","M","$","?","M","R","M","E","T","R","?","$","M","?","R","BOSS","M","M","M","M","$","E","R","?","T","E","$","M","R","M","R","BOSS"],"build_version":"2018-12-13","purchased_purges":2,"victory":true,"max_hp_per_floor":[75,75,75,75,75,75,75,75,85,85,85,85,87,87,87,87,87,87,87,87,60,62,62,62,62,62,62,62,62,64,66,66,66,73,73,75,77,79,79,79,79,79,79,81,81,81,81,81,81,81],"card_choices":[{"not_picked":["Coolheaded","Compile Driver"],"picked":"Go for the Eyes","floor":1.0},{"not_picked":["Streamline","Recycle"],"picked":"Self Repair","floor":3.0},{"not_picked":["White Noise","Barrage","Sweeping Beam"],"picked":"SKIP","floor":4.0},{"not_picked":["Doom and Gloom","Redo"],"picked":"Gash","floor":6.0},{"not_picked":["Compile Driver","Redo"],"picked":"Coolheaded","floor":8.0},{"not_picked":["Barrage","Ball Lightning"],"picked":"FTL","floor":11.0},{"not_picked":["Melter","Hello World","Reinforced Body"],"picked":"Singing Bowl","floor":13.0},{"not_picked":["Skim","Streamline"],"picked":"Seek","floor":14.0},{"not_picked":["Fission","Rainbow"],"picked":"Reboot","floor":16.0},{"not_picked":["Compile Driver","BootSequence"],"picked":"Gash","floor":18.0},{"not_picked":["Recycle+1","Reinforced Body"],"picked":"Steam","floor":19.0},{"not_picked":["Hologram","Genetic Algorithm","Rebound"],"picked":"Singing Bowl","floor":22.0},{"not_picked":["Genetic Algorithm","Skim+1"],"picked":"Coolheaded","floor":24.0},{"not_picked":["Core Surge","Stack"],"picked":"Gash","floor":25.0},{"not_picked":["Lockon","Gash","Cold Snap"],"picked":"Singing Bowl","floor":30.0},{"not_picked":["Steam Power","Redo","Beam Cell"],"picked":"Singing Bowl","floor":31.0},{"not_picked":["Fission","Hyperbeam"],"picked":"All For One","floor":33.0},{"not_picked":["Stack","Turbo+1","Cold Snap"],"picked":"Singing Bowl","floor":34.0},{"not_picked":["Leap+1","Compile Driver"],"picked":"Gash+1","floor":35.0},{"not_picked":["Reboot","Sweeping Beam","Aggregate"],"picked":"Singing Bowl","floor":36.0},{"not_picked":["Chill+1","Rip and Tear","Cold Snap+1"],"picked":"Singing Bowl","floor":37.0},{"not_picked":["Streamline+1","Redo","Rebound+1"],"picked":"Singing Bowl","floor":38.0},{"not_picked":["Barrage","Consume+1"],"picked":"Echo Form+1","floor":40.0},{"not_picked":["Capacitor+1","Static Discharge+1"],"picked":"Coolheaded","floor":42.0},{"not_picked":["Steam","Conserve Battery","Undo"],"picked":"Singing Bowl","floor":44},{"not_picked":["Conserve Battery","Ball Lightning"],"picked":"Gash+1","floor":46},{"not_picked":["Consume","Leap"],"picked":"FTL","floor":48}],"player_experience":518993,"relics_obtained":[{"floor":6.0,"key":"Pantograph"},{"floor":9.0,"key":"Pear"},{"floor":25.0,"key":"Ornamental Fan"},{"floor":26.0,"key":"Frozen Egg 2"},{"floor":40.0,"key":"Sundial"},{"floor":42.0,"key":"Du-Vu Doll"},{"floor":43.0,"key":"Whetstone"},{"floor":44,"key":"Shuriken"}],"event_choices":[{"damage_healed":0.0,"max_hp_gain":0.0,"max_hp_loss":0.0,"gold_gain":175.0,"event_name":"Liars Game","player_choice":"AGREE","floor":5.0,"gold_loss":0.0,"damage_taken":0.0,"cards_obtained":["Doubt"]},{"cards_removed":["Doubt"],"damage_healed":0.0,"max_hp_gain":0.0,"max_hp_loss":0.0,"gold_gain":0.0,"event_name":"Living Wall","player_choice":"Forget","floor":7.0,"gold_loss":0.0,"damage_taken":0.0},{"damage_healed":0.0,"max_hp_gain":0.0,"max_hp_loss":27.0,"gold_gain":0.0,"event_name":"Vampires","player_choice":"Became a vampire","floor":21.0,"gold_loss":0.0,"damage_taken":0.0,"cards_obtained":["Bite","Bite","Bite","Bite","Bite"]},{"damage_healed":0.0,"max_hp_gain":0.0,"max_hp_loss":0.0,"gold_gain":75.0,"event_name":"FaceTrader","player_choice":"Touch","floor":28.0,"gold_loss":0.0,"damage_taken":6.0},{"damage_healed":0.0,"max_hp_gain":0.0,"max_hp_loss":0.0,"gold_gain":0.0,"event_name":"MindBloom","player_choice":"Fight","floor":42.0,"gold_loss":0.0,"damage_taken":0.0}],"is_beta":false,"boss_relics":[{"not_picked":["Runic Pyramid","Empty Cage"],"picked":"FrozenCore"},{"not_picked":["Velvet Choker","Pandora\u0027s Box"],"picked":"Tiny House"}],"items_purged_floors":[29,45],"is_endless":false,"potions_floor_spawned":[3,11,13,14,16,22,24,25,33,35,38,40,42,46,48],"ascension_level":0}