{"path_per_floor":["M","M","?","$","M","M","E","M","T","M","R","?","T","M","R","B",null,"M","M","M","M","$","R","E","R","T","?","M","E","?","$","R","B",null,"M","M","?","$","?","R","$","$","T","M","M","M","?","M","R","B"],"character_chosen":"DEFECT","items_purchased":["Apotheosis","Frozen Egg 2","Bag of Preparation","Defragment","Leap","Conserve Battery","Static Discharge+1","Static Discharge+1","Conserve Battery"],"gold_per_floor":[366,383,383,191,210,221,252,262,310,328,328,503,503,517,517,617,617,629,646,661,678,166,166,191,191,191,116,136,162,162,34,34,132,132,146,160,205,166,166,166,87,42,42,58,71,81,81,94,94,94],"floor_reached":51,"campfire_rested":3,"playtime":2090,"item_purchase_floors":[],"current_hp_per_floor":[37,32,57,57,56,54,68,68,68,61,61,61,61,60,60,34,89,75,73,64,48,48,48,33,59,69,69,52,15,15,15,59,29,99,98,97,74,74,74,74,74,74,74,67,57,55,50,29,73,46],"items_purged":["Clumsy"],"gold":94,"score":1016,"play_id":"ce7af830-b3ca-4d3d-965d-1fa9df61a030","local_time":"20180611012852","is_prod":false,"is_daily":false,"chose_seed":false,"is_ascension_mode":false,"campfire_upgraded":3,"win_rate":0,"timestamp":1528669732,"campfire_choices":[{"data":"Apotheosis","floor":11.0,"key":"SMITH"},{"data":"Defragment","floor":15.0,"key":"SMITH"},{"data":"Echo Form","floor":23,"key":"SMITH"},{"floor":25,"key":"REST"},{"floor":32,"key":"REST"},{"floor":40,"key":"DIG"},{"floor":49,"key":"REST"}],"path_taken":["M","M","?","$","M","M","E","M","T","M","R","?","?","M","R","BOSS","M","M","M","M","$","R","E","R","T","?","M","E","?","$","R","BOSS","M","M","?","$","?","R","?","$","T","M","?","M","?","M","R","BOSS"],"build_version":"2018-06-07v3","seed_source_timestamp":775556718552426,"purchased_purges":1,"victory":true,"master_deck":["Strike_B","Strike_B","Strike_B","Strike_B","Defend_B","Defend_B","Defend_B","Defend_B","Zap","Dualcast","Steam","Redo","Apotheosis+1","Defragment+1","Hologram","Rip and Tear","Sweeping Beam","Lockon","Echo Form+1","Conserve Battery","Redo","Hologram","Defragment+1","Leap","FTL","Streamline","Streamline","Conserve Battery","Machine Learning+1","Skim","Storm+1","Conserve Battery","Static Discharge+1","Static Discharge+1","Conserve Battery","Doubt","Undo","Reinforced Body","Stack+1","Defragment+1","Hologram+1"],"max_hp_per_floor":[75,75,75,75,75,75,89,89,89,89,89,89,89,89,89,89,89,89,89,89,89,89,89,89,89,99,99,99,99,99,99,99,99,99,99,99,99,99,99,99,99,99,99,99,99,99,99,99,99,99],"relics":["Cracked Core","Mango","Orichalcum","Mummified Hand","Cursed Key","Frozen Egg 2","Bag of Preparation","Mercury Hourglass","Pear","Regal Pillow","Torii","Nuclear Battery","Shovel","Potion Belt","Question Card","Thread and Needle"],"card_choices":[{"not_picked":["Capacitor","Leap"],"picked":"Steam","floor":1.0},{"not_picked":["Loop","Barrage"],"picked":"Redo","floor":2.0},{"not_picked":["Capacitor","Cold Snap"],"picked":"Defragment","floor":5.0},{"not_picked":["Fusion","Consume"],"picked":"Hologram","floor":6.0},{"not_picked":["Steam","Reprogram"],"picked":"Rip and Tear","floor":7.0},{"not_picked":["Reprogram","Gash"],"picked":"Sweeping Beam","floor":8.0},{"not_picked":["Cold Snap","Force Field"],"picked":"Lockon","floor":10.0},{"not_picked":["Storm","Rebound","Multi-Cast"],"picked":"SKIP","floor":14.0},{"not_picked":["Buffer","Thunder Strike"],"picked":"Echo Form","floor":16.0},{"not_picked":["Steam","Streamline"],"picked":"Conserve Battery","floor":18},{"not_picked":["Streamline","Go for the Eyes"],"picked":"Redo","floor":19},{"not_picked":["Tempest","Sweeping Beam","Doom and Gloom+1"],"picked":"SKIP","floor":20},{"not_picked":["Aggregate","Cold Snap"],"picked":"Hologram","floor":21},{"not_picked":["Chaos","Fission"],"picked":"FTL","floor":24},{"not_picked":["Heatsinks+1","Tempest"],"picked":"Streamline","floor":28},{"not_picked":["Turbo","Capacitor+1"],"picked":"Streamline","floor":29},{"not_picked":["Thunder Strike","Rainbow"],"picked":"Machine Learning+1","floor":33},{"not_picked":["Conserve Battery+1","Cold Snap+1"],"picked":"Skim","floor":35},{"not_picked":["Go for the Eyes+1","Gash+1"],"picked":"Storm+1","floor":36},{"not_picked":["Darkness+1","Rip and Tear"],"picked":"Conserve Battery","floor":37},{"not_picked":["Leap","Hello World+1","Multi-Cast"],"picked":"Undo","floor":44},{"not_picked":["Redo+1","Sweeping Beam","Rip and Tear+1"],"picked":"Reinforced Body","floor":45},{"not_picked":["Beam Cell","Barrage+1","Steam+1"],"picked":"Stack+1","floor":46},{"not_picked":["Chill","Force Field","Undo"],"picked":"Defragment+1","floor":47},{"not_picked":["Barrage+1","Gash+1","Leap+1"],"picked":"Hologram+1","floor":48}],"player_experience":108994,"potions_floor_usage":[18,21,21,24,29,48,50,50],"damage_taken":[{"damage":1.0,"enemies":"Cultist","floor":1.0,"turns":3.0},{"damage":5.0,"enemies":"Small Slimes","floor":2.0,"turns":3.0},{"damage":1.0,"enemies":"Jaw Worm","floor":5.0,"turns":3.0},{"damage":2.0,"enemies":"3 Louse","floor":6.0,"turns":4.0},{"damage":0.0,"enemies":"Lagavulin","floor":7.0,"turns":8.0},{"damage":0.0,"enemies":"Large Slime","floor":8.0,"turns":4.0},{"damage":7.0,"enemies":"Looter","floor":10.0,"turns":3.0},{"damage":1.0,"enemies":"Blue Slaver","floor":14.0,"turns":2.0},{"damage":26.0,"enemies":"The Guardian","floor":16.0,"turns":10.0},{"damage":14,"enemies":"2 Thieves","floor":18,"turns":3},{"damage":2,"enemies":"Spheric Guardian","floor":19,"turns":4},{"damage":9,"enemies":"Snake Plant","floor":20,"turns":4},{"damage":16,"enemies":"Slaver and Parasite","floor":21,"turns":5},{"damage":15,"enemies":"Gremlin Leader","floor":24,"turns":4},{"damage":17,"enemies":"Snecko","floor":28,"turns":5},{"damage":37,"enemies":"Slavers","floor":29,"turns":5},{"damage":30,"enemies":"Collector","floor":33,"turns":7},{"damage":1,"enemies":"3 Darklings","floor":35,"turns":5},{"damage":1,"enemies":"3 Shapes","floor":36,"turns":3},{"damage":23,"floor":37,"turns":4},{"damage":7,"enemies":"Sphere and 2 Shapes","floor":44,"turns":4},{"damage":10,"enemies":"3 Darklings","floor":45,"turns":3},{"damage":2,"enemies":"4 Shapes","floor":46,"turns":4},{"damage":5,"floor":47,"turns":4},{"damage":21,"enemies":"Maw","floor":48,"turns":6},{"damage":27,"enemies":"Donu and Deca","floor":50,"turns":6}],"relics_obtained":[{"floor":7.0,"key":"Mango"},{"floor":9.0,"key":"Orichalcum"},{"floor":13.0,"key":"Mummified Hand"},{"floor":24,"key":"Mercury Hourglass"},{"floor":26,"key":"Pear"},{"floor":29,"key":"Regal Pillow"},{"floor":37,"key":"Shovel"},{"floor":40,"key":"Potion Belt"},{"floor":43,"key":"Question Card"},{"floor":47,"key":"Thread and Needle"}],"event_choices":[{"event_name":"Big Fish","player_choice":"Banana","floor":3.0,"damage_taken":0.0},{"event_name":"Liars Game","player_choice":"agreed","floor":12.0,"damage_taken":0.0},{"event_name":"Beggar","player_choice":"Gave Gold","floor":27,"damage_taken":0},{"event_name":"Wheel of Change","player_choice":"Relic","floor":30,"damage_taken":0},{"event_name":"Mysterious Sphere","player_choice":"Fight","floor":37,"damage_taken":0},{"event_name":"Tomb of Lord Red Mask","player_choice":"Ignored","floor":39,"damage_taken":0},{"event_name":"MindBloom","player_choice":"Fight","floor":47,"damage_taken":0}],"boss_relics":[{"not_picked":["Busted Crown","Philosopher\u0027s Stone"],"picked":"Cursed Key"},{"not_picked":["White Beast Statue","Eternal Feather"],"picked":"Nuclear Battery"}],"items_purged_floors":[31],"potions_floor_spawned":[1,8,14,16,18,20,28,36,37,45,47],"seed_played":"3905699180118724875","ascension_level":0,"potions_obtained":[{"floor":1.0,"key":"Block Potion"},{"floor":8.0,"key":"Explosive Potion"},{"floor":14.0,"key":"GamblersBrew"},{"floor":16.0,"key":"SkillPotion"},{"floor":18,"key":"LiquidBronze"},{"floor":28,"key":"Block Potion"},{"floor":36,"key":"SteroidPotion"},{"floor":37,"key":"Fire Potion"},{"floor":45,"key":"Poison Potion"},{"floor":47,"key":"Swift Potion"}],"is_trial":false}