{"gold_per_floor":[217,132,232,245,256,256,276,276,276,289,303,322,353,353,353,353],"floor_reached":16,"playtime":606,"items_purged":[],"score":104,"play_id":"f5a27547-9eb6-4fb2-9025-c35d99e9f46d","local_time":"20180710045848","is_ascension_mode":false,"campfire_choices":[{"data":"Noxious Fumes","floor":6,"key":"SMITH"},{"data":"Neutralize","floor":8,"key":"SMITH"},{"data":"Dodge and Roll","floor":15,"key":"SMITH"}],"neow_cost":"NONE","seed_source_timestamp":14326464353716,"circlet_count":0,"master_deck":["Defend_G","Defend_G","Defend_G","Defend_G","Defend_G","Strike_G","Strike_G","Strike_G","Strike_G","Strike_G","Survivor","Neutralize+1","Deflect","Noxious Fumes+1","Dodge and Roll+1","Dodge and Roll","Dodge and Roll","Deflect","Cloak And Dagger"],"relics":["Ring of the Snake","Pen Nib","The Courier","Darkstone Periapt"],"potions_floor_usage":[16],"damage_taken":[{"damage":1,"enemies":"Jaw Worm","floor":1,"turns":6},{"damage":3,"enemies":"Cultist","floor":4,"turns":6},{"damage":0,"enemies":"Small Slimes","floor":5,"turns":3},{"damage":3,"enemies":"Exordium Thugs","floor":7,"turns":5},{"damage":0,"enemies":"Blue Slaver","floor":10,"turns":5},{"damage":14,"enemies":"Gremlin Gang","floor":11,"turns":5},{"damage":0,"enemies":"Exordium Thugs","floor":12,"turns":6},{"damage":11,"enemies":"3 Sentries","floor":13,"turns":8},{"damage":38,"enemies":"Slime Boss","floor":16,"turns":12}],"seed_played":"7451137134651013680","potions_obtained":[{"floor":7,"key":"Ancient Potion"},{"floor":11,"key":"GhostInAJar"},{"floor":12,"key":"LiquidBronze"}],"is_trial":false,"path_per_floor":["M","$","?","M","M","R","M","R","T","M","M","M","E","T","R"],"character_chosen":"THE_SILENT","items_purchased":["Noxious Fumes","Dodge and Roll"],"campfire_rested":0,"item_purchase_floors":[2,2],"current_hp_per_floor":[69,69,69,66,66,66,63,63,63,63,49,49,38,38,38,0],"gold":353,"neow_bonus":"HUNDRED_GOLD","is_prod":false,"is_daily":false,"chose_seed":false,"campfire_upgraded":3,"win_rate":0,"timestamp":1531187928,"path_taken":["M","$","?","M","M","R","M","R","T","M","M","M","E","?","R","BOSS"],"build_version":"2018-07-05","purchased_purges":0,"victory":false,"max_hp_per_floor":[70,70,70,70,70,70,70,70,70,70,70,70,70,70,70,70],"card_choices":[{"not_picked":["Backstab","Prepared"],"picked":"Deflect","floor":1},{"not_picked":["Dagger Throw","Acrobatics"],"picked":"Dodge and Roll","floor":4},{"not_picked":["Dagger Spray","Outmaneuver"],"picked":"Dodge and Roll","floor":5},{"not_picked":["Burst","Acrobatics","Sucker Punch"],"picked":"SKIP","floor":7},{"not_picked":["Flechettes","Slice","Endless Agony"],"picked":"SKIP","floor":10},{"not_picked":["Dagger Spray","Dodge and Roll"],"picked":"Deflect","floor":11},{"not_picked":["Dagger Throw","Choke","Distraction"],"picked":"SKIP","floor":12},{"not_picked":["After Image","Eviscerate"],"picked":"Cloak And Dagger","floor":13}],"player_experience":197660,"relics_obtained":[{"floor":9,"key":"Pen Nib"},{"floor":13,"key":"The Courier"},{"floor":14,"key":"Darkstone Periapt"}],"event_choices":[{"event_name":"Golden Shrine","player_choice":"Pray","floor":3,"damage_taken":0}],"boss_relics":[],"items_purged_floors":[],"is_endless":false,"potions_floor_spawned":[7,11,12],"killed_by":"Slime Boss","ascension_level":0}