{"gold_per_floor":[118,118,132,146,157,186,203,230,256,271,271,290,316,334,334,439,439,455,455,455,124,138,138,166,180,180,195,213,228,228,245,245,245],"floor_reached":33,"playtime":923,"items_purged":[],"score":310,"play_id":"57b5aa78-85d9-4295-ab0d-f1ad75e1f182","local_time":"20180630024609","is_ascension_mode":true,"campfire_choices":[{"floor":15.0,"key":"REST"},{"data":"Evolve","floor":23.0,"key":"SMITH"},{"data":"Flame Barrier","floor":30.0,"key":"SMITH"},{"data":"Perfected Strike","floor":32.0,"key":"SMITH"}],"neow_cost":"","seed_source_timestamp":0,"circlet_count":0,"master_deck":["Strike_R","Strike_R","Strike_R","Strike_R","Strike_R","Defend_R","Defend_R","Defend_R","Defend_R","Bash","Twin Strike","Pommel Strike","Perfected Strike","Shrug It Off","Perfected Strike+1","Reaper","Shrug It Off","Thunderclap","Evolve+1","Flame Barrier+1","Offering","Immolate","Whirlwind","Battle Trance+1","Armaments+1"],"special_seed":0,"relics":["Burning Blood","Mummified Hand","Omamori","Bag of Marbles","Bottled Flame","Boot","Sozu","Meat on the Bone","Orichalcum","Frozen Egg 2"],"potions_floor_usage":[],"damage_taken":[{"damage":1.0,"enemies":"Cultist","floor":1.0,"turns":3.0},{"damage":7.0,"enemies":"2 Louse","floor":3.0,"turns":2.0},{"damage":8.0,"enemies":"Jaw Worm","floor":4.0,"turns":3.0},{"damage":10.0,"enemies":"Exordium Thugs","floor":5.0,"turns":3.0},{"damage":28.0,"enemies":"Gremlin Nob","floor":6.0,"turns":4.0},{"damage":0.0,"enemies":"Exordium Wildlife","floor":7.0,"turns":3.0},{"damage":11.0,"enemies":"3 Sentries","floor":8.0,"turns":3.0},{"damage":0.0,"enemies":"Large Slime","floor":10.0,"turns":2.0},{"damage":16.0,"enemies":"Exordium Thugs","floor":12.0,"turns":3.0},{"damage":21.0,"enemies":"Lagavulin","floor":13.0,"turns":5.0},{"damage":8.0,"enemies":"Red Slaver","floor":14.0,"turns":2.0},{"damage":43.0,"enemies":"The Guardian","floor":16.0,"turns":12.0},{"damage":14.0,"enemies":"Spheric Guardian","floor":18.0,"turns":3.0},{"damage":4.0,"enemies":"Chosen","floor":22.0,"turns":2.0},{"damage":31.0,"enemies":"Gremlin Leader","floor":24.0,"turns":4.0},{"damage":4.0,"enemies":"Snake Plant","floor":25.0,"turns":1.0},{"damage":18.0,"enemies":"Sentry and Sphere","floor":27.0,"turns":4.0},{"damage":18.0,"enemies":"Slaver and Parasite","floor":28.0,"turns":5.0},{"damage":7.0,"enemies":"3 Cultists","floor":29.0,"turns":4.0},{"damage":26.0,"enemies":"Sentry and Sphere","floor":31.0,"turns":4.0},{"damage":60,"enemies":"Champ","floor":33,"turns":9}],"seed_played":"6456697582844478438","potions_obtained":[{"floor":4.0,"key":"EntropicBrew"},{"floor":5.0,"key":"PowerPotion"},{"floor":6.0,"key":"GamblersBrew"},{"floor":10.0,"key":"EssenceOfSteel"},{"floor":13.0,"key":"Swift Potion"}],"is_trial":false,"path_per_floor":["M","?","M","M","M","E","M","E","T","M","T","M","E","M","R","B",null,"M","$","?","$","M","R","E","M","T","M","M","M","R","M","R"],"character_chosen":"IRONCLAD","items_purchased":["Meat on the Bone","Immolate"],"campfire_rested":1,"item_purchase_floors":[],"current_hp_per_floor":[80,80,79,77,73,51,57,52,52,58,58,48,33,31,55,18,80,76,76,76,76,78,78,53,55,55,55,55,54,54,46,46,0],"gold":245,"neow_bonus":"","is_prod":false,"is_daily":false,"chose_seed":false,"campfire_upgraded":3,"win_rate":0,"timestamp":1530315969,"path_taken":["M","?","M","M","M","E","M","E","T","M","?","M","E","?","R","BOSS","M","$","?","$","M","R","E","M","T","M","M","M","R","M","R","BOSS"],"build_version":"2018-06-28","purchased_purges":0,"victory":false,"max_hp_per_floor":[80,80,80,80,80,80,80,80,80,80,80,80,80,80,80,80,80,80,80,80,80,80,80,80,80,80,80,80,80,80,80,80,80],"card_choices":[{"not_picked":["Wild Strike","Sever Soul"],"picked":"Twin Strike","floor":1.0},{"not_picked":["Carnage","Dual Wield"],"picked":"Pommel Strike","floor":3.0},{"not_picked":["Warcry","Pummel"],"picked":"Perfected Strike","floor":4.0},{"not_picked":["Sentinel","Combust"],"picked":"Shrug It Off","floor":5.0},{"not_picked":["True Grit","Disarm"],"picked":"Perfected Strike","floor":6.0},{"not_picked":["Wild Strike","Sword Boomerang"],"picked":"Reaper","floor":7.0},{"not_picked":["Clothesline","True Grit"],"picked":"Shrug It Off","floor":8.0},{"not_picked":["Second Wind","Dual Wield","Rupture"],"picked":"SKIP","floor":10.0},{"not_picked":["Uppercut","Pommel Strike"],"picked":"Thunderclap","floor":12.0},{"not_picked":["Flex","Uppercut"],"picked":"Evolve","floor":13.0},{"not_picked":["Shrug It Off","Wild Strike"],"picked":"Flame Barrier","floor":14.0},{"not_picked":["Immolate","Bludgeon"],"picked":"Offering","floor":16.0},{"not_picked":["Havoc","Cleave","Hemokinesis+1"],"picked":"SKIP","floor":18.0},{"not_picked":["Iron Wave","Armaments"],"picked":"Whirlwind","floor":22.0},{"not_picked":["True Grit","Clash"],"picked":"Battle Trance+1","floor":24.0},{"not_picked":["Ghostly Armor","Headbutt","True Grit+1"],"picked":"SKIP","floor":25.0},{"not_picked":["Pummel","Body Slam","Heavy Blade"],"picked":"SKIP","floor":27.0},{"not_picked":["Flex","Searing Blow+1","Thunderclap"],"picked":"SKIP","floor":28.0},{"not_picked":["Havoc","Wild Strike+1"],"picked":"Armaments+1","floor":29.0},{"not_picked":["Body Slam","Bloodletting","Pummel+1"],"picked":"SKIP","floor":31.0}],"player_experience":167685,"relics_obtained":[{"floor":6.0,"key":"Mummified Hand"},{"floor":8.0,"key":"Omamori"},{"floor":9.0,"key":"Bag of Marbles"},{"floor":11.0,"key":"Bottled Flame"},{"floor":13.0,"key":"Boot"},{"floor":24.0,"key":"Orichalcum"},{"floor":26.0,"key":"Frozen Egg 2"}],"event_choices":[{"event_name":"The Woman in Blue","player_choice":"Bought 0 Potions","floor":2.0,"damage_taken":0.0},{"event_name":"Purifier","player_choice":"Skipped","floor":20.0,"damage_taken":0.0}],"boss_relics":[{"not_picked":["Ectoplasm","Coffee Dripper"],"picked":"Sozu"}],"items_purged_floors":[],"is_endless":false,"potions_floor_spawned":[4,5,6,10,13,27,28,31],"killed_by":"Champ","ascension_level":1}