{"gold_per_floor":[117,117,117,117,134,166,178,178,202,230,230,241,241,255,255,380,380,380,320,320,54,54,54,54,54,54,54,54,54,54,54,54,54,54],"floor_reached":34,"playtime":898,"items_purged":[],"score":407,"play_id":"e62252fa-7a23-484c-a7db-62a781324d63","local_time":"20181021154352","is_ascension_mode":false,"campfire_choices":[{"data":"Rampage","floor":8,"key":"SMITH"},{"data":"Pommel Strike","floor":15,"key":"SMITH"},{"data":"Shrug It Off","floor":23,"key":"SMITH"},{"data":"Rampage","floor":25,"key":"SMITH"},{"floor":30,"key":"REST"},{"data":"Shrug It Off","floor":32,"key":"SMITH"}],"neow_cost":"NONE","seed_source_timestamp":44165554406622,"circlet_count":0,"master_deck":["Strike_R+1","Strike_R+1","Strike_R+1","Strike_R+1","Strike_R+1","Defend_R+1","Defend_R+1","Defend_R+1","Defend_R+1","Bash","Rampage+1","Pommel Strike+1","Offering","Shrug It Off+1","Rampage+1","Shrug It Off+1","Shrug It Off+1","Parasite","Doubt","Injury"],"relics":["Burning Blood","NeowsBlessing","Juzu Bracelet","Orichalcum","Dream Catcher","Golden Idol","Ectoplasm","Ornamental Fan","Pear","Ice Cream","Calling Bell","Strawberry","Letter Opener","Torii"],"potions_floor_usage":[16,27,33,33],"damage_taken":[{"damage":0,"enemies":"2 Louse","floor":1,"turns":1},{"damage":0,"enemies":"Cultist","floor":5,"turns":1},{"damage":0,"enemies":"Gremlin Nob","floor":6,"turns":1},{"damage":0,"enemies":"Small Slimes","floor":7,"turns":3},{"damage":24,"enemies":"Lagavulin","floor":10,"turns":6},{"damage":6,"enemies":"Blue Slaver","floor":12,"turns":4},{"damage":7,"enemies":"Looter","floor":14,"turns":5},{"damage":25,"enemies":"Slime Boss","floor":16,"turns":9},{"damage":10,"enemies":"Spheric Guardian","floor":18,"turns":3},{"damage":30,"enemies":"2 Thieves","floor":19,"turns":4},{"damage":13,"enemies":"Shelled Parasite and Fungi","floor":22,"turns":4},{"damage":6,"enemies":"Centurion and Healer","floor":24,"turns":4},{"damage":14,"enemies":"Slavers","floor":27,"turns":5},{"damage":13,"enemies":"Snake Plant","floor":29,"turns":3},{"damage":6,"enemies":"Chosen and Byrds","floor":31,"turns":6},{"damage":55,"enemies":"Collector","floor":33,"turns":13}],"seed_played":"3410515195970279744","potions_obtained":[{"floor":3,"key":"Explosive Potion"},{"floor":3,"key":"Energy Potion"},{"floor":3,"key":"SteroidPotion"},{"floor":18,"key":"Poison Potion"},{"floor":33,"key":"Strength Potion"}],"is_trial":false,"path_per_floor":["M","$","?","$","M","E","M","R","T","E","?","M","?","M","R","B",null,"M","M","?","$","M","R","M","R","T","E","$","M","R","M","R","B"],"character_chosen":"IRONCLAD","items_purchased":["Shrug It Off","Ornamental Fan"],"campfire_rested":1,"item_purchase_floors":[21,21],"current_hp_per_floor":[80,80,80,80,80,80,80,80,80,62,62,62,62,61,61,42,74,70,46,46,46,39,39,39,39,49,41,41,34,59,59,59,10,17],"gold":54,"neow_bonus":"THREE_ENEMY_KILL","is_prod":false,"is_daily":false,"chose_seed":false,"campfire_upgraded":5,"win_rate":0,"timestamp":1540125832,"path_taken":["M","$","?","$","M","E","M","R","T","E","?","M","?","M","R","BOSS","M","M","?","?","M","R","M","R","T","E","$","M","R","M","R","BOSS"],"build_version":"2018-10-18","purchased_purges":0,"victory":false,"max_hp_per_floor":[80,80,80,80,80,80,80,80,80,80,80,80,74,74,74,74,74,74,74,74,74,74,74,74,74,84,84,84,84,84,84,84,84,91],"card_choices":[{"not_picked":["Pommel Strike","Metallicize","Perfected Strike"],"picked":"SKIP","floor":1},{"not_picked":["Body Slam","Thunderclap"],"picked":"Rampage","floor":5},{"not_picked":["Evolve","Warcry","Havoc"],"picked":"SKIP","floor":6},{"not_picked":["Bloodletting","Perfected Strike","Wild Strike"],"picked":"SKIP","floor":7},{"not_picked":["Infernal Blade","Seeing Red","True Grit"],"picked":"SKIP","floor":10},{"not_picked":["Heavy Blade","Twin Strike","Fiend Fire"],"picked":"SKIP","floor":12},{"not_picked":["Flex","Wild Strike"],"picked":"Pommel Strike","floor":14},{"not_picked":["Berserk","Reaper"],"picked":"Offering","floor":16},{"not_picked":["Second Wind+1","Spot Weakness","Power Through+1"],"picked":"SKIP","floor":18},{"not_picked":["Cleave+1","Bloodletting","True Grit"],"picked":"SKIP","floor":19},{"not_picked":["Headbutt","Hemokinesis","Thunderclap"],"picked":"SKIP","floor":22},{"not_picked":["Pummel+1","Body Slam"],"picked":"Rampage","floor":24},{"not_picked":["Impervious","Warcry"],"picked":"Shrug It Off+1","floor":27},{"not_picked":["Flex+1","Clothesline","True Grit"],"picked":"SKIP","floor":29},{"not_picked":["Anger+1","Twin Strike"],"picked":"Shrug It Off","floor":30},{"not_picked":["Havoc","Combust+1","Carnage"],"picked":"SKIP","floor":31}],"player_experience":421807,"relics_obtained":[{"floor":6,"key":"Juzu Bracelet"},{"floor":9,"key":"Orichalcum"},{"floor":10,"key":"Dream Catcher"},{"floor":26,"key":"Pear"},{"floor":27,"key":"Ice Cream"},{"floor":34,"key":"Strawberry"},{"floor":34,"key":"Letter Opener"},{"floor":34,"key":"Torii"}],"event_choices":[{"damage_healed":0,"gold_gain":0,"player_choice":"Got Potions","damage_taken":0,"max_hp_gain":0,"max_hp_loss":0,"event_name":"The Lab","floor":3,"gold_loss":0},{"damage_healed":0,"gold_gain":0,"player_choice":"Ignored","damage_taken":0,"max_hp_gain":0,"max_hp_loss":0,"event_name":"Liars Game","floor":11,"gold_loss":0},{"damage_healed":0,"gold_gain":0,"player_choice":"Lose Max HP","damage_taken":0,"relics_obtained":["Golden Idol"],"max_hp_gain":0,"max_hp_loss":6,"event_name":"Golden Idol","floor":13,"gold_loss":0},{"damage_healed":0,"gold_gain":0,"player_choice":"Simplicity","damage_taken":0,"max_hp_gain":0,"max_hp_loss":0,"event_name":"Back to Basics","floor":20,"gold_loss":0,"cards_upgraded":["Strike_R","Strike_R","Strike_R","Strike_R","Strike_R","Defend_R","Defend_R","Defend_R","Defend_R"]}],"is_beta":false,"boss_relics":[{"not_picked":["Lizard Tail","Black Star"],"picked":"Ectoplasm"},{"not_picked":["Mark of Pain","Tiny House"],"picked":"Calling Bell"}],"items_purged_floors":[],"is_endless":false,"potions_floor_spawned":[5,7,10,12,18,33],"ascension_level":0}