{"gold_per_floor":[111,122,132,81,99,99,109,109,163,163,163,193,22,57,57,57],"floor_reached":16,"playtime":401,"items_purged":[],"score":135,"play_id":"8f6ec5a0-3a01-4578-b0ce-04f138df7d78","local_time":"20180721080721","is_ascension_mode":false,"campfire_choices":[{"data":"Entrench","floor":6.0,"key":"SMITH"},{"data":"Shrug It Off","floor":8.0,"key":"SMITH"},{"data":"Impervious","floor":10.0,"key":"SMITH"},{"data":"Armaments","floor":15,"key":"SMITH"}],"neow_cost":"NONE","seed_source_timestamp":349110789489658,"circlet_count":0,"master_deck":["Strike_R","Strike_R","Strike_R","Strike_R","Strike_R","Defend_R+1","Defend_R","Defend_R","Defend_R+1","Bash","Entrench+1","Shrug It Off+1","Impervious+1","Armaments+1","Body Slam"],"special_seed":0,"relics":["Burning Blood","War Paint","Bag of Preparation","Paper Frog","Blood Vial","Strawberry"],"potions_floor_usage":[12,16],"damage_taken":[{"damage":3.0,"enemies":"Jaw Worm","floor":1.0,"turns":4.0},{"damage":5.0,"enemies":"2 Louse","floor":2.0,"turns":3.0},{"damage":0.0,"enemies":"Small Slimes","floor":3.0,"turns":4.0},{"damage":10.0,"enemies":"Gremlin Gang","floor":5.0,"turns":8.0},{"damage":20.0,"enemies":"Looter","floor":7.0,"turns":3.0},{"damage":53,"enemies":"Lagavulin","floor":12,"turns":9},{"damage":0,"enemies":"Gremlin Nob","floor":14,"turns":2},{"damage":55,"enemies":"Hexaghost","floor":16,"turns":11}],"seed_played":"-1312487589881387330","potions_obtained":[{"floor":5.0,"key":"EssenceOfSteel"},{"floor":7.0,"key":"Energy Potion"},{"floor":12,"key":"EssenceOfSteel"}],"is_trial":false,"path_per_floor":["M","M","M","$","M","R","M","R","T","R","?","E","$","E","R"],"character_chosen":"IRONCLAD","items_purchased":["Shrug It Off","Body Slam","Blood Vial"],"campfire_rested":0,"item_purchase_floors":[4,13,13],"current_hp_per_floor":[80,80,80,80,76,76,62,62,62,62,80,33,33,48,48,0],"gold":57,"neow_bonus":"RANDOM_COMMON_RELIC","is_prod":false,"is_daily":false,"chose_seed":false,"campfire_upgraded":4,"win_rate":0,"timestamp":1532149641,"path_taken":["M","M","M","$","M","R","M","R","T","R","?","E","$","E","R","BOSS"],"build_version":"2018-07-19v2","purchased_purges":0,"victory":false,"max_hp_per_floor":[80,80,80,80,80,80,80,80,80,80,80,80,80,87,87,87],"card_choices":[{"not_picked":["Wild Strike","Headbutt","Warcry"],"picked":"SKIP","floor":1.0},{"not_picked":["Headbutt","Havoc"],"picked":"Entrench","floor":2.0},{"not_picked":["Flex","Clash","Rampage"],"picked":"SKIP","floor":3.0},{"not_picked":["Power Through","Pommel Strike"],"picked":"Impervious","floor":5.0},{"not_picked":["Flex","Corruption","Feel No Pain"],"picked":"SKIP","floor":7.0},{"not_picked":["Rupture","Entrench"],"picked":"Armaments","floor":12},{"not_picked":["Clash","Disarm","Perfected Strike"],"picked":"SKIP","floor":14}],"player_experience":210561,"relics_obtained":[{"floor":9.0,"key":"Bag of Preparation"},{"floor":12,"key":"Paper Frog"},{"floor":14,"key":"Strawberry"}],"event_choices":[{"event_name":"Big Fish","player_choice":"Banana","floor":11.0,"damage_taken":0.0}],"is_beta":false,"boss_relics":[],"items_purged_floors":[],"is_endless":false,"potions_floor_spawned":[5,7,12],"killed_by":"Hexaghost","ascension_level":0}