{"path_per_floor":["M","M","M","M","$","R","M","E","T","R","E","M","M","E","R","B",null,"M","M","?","$","M","E","M","R","T","E","R","M","R","?","R","B",null,"M","M","M","?","M","E","$","M","T","R","$","M","R","M","R","B"],"character_chosen":"DEFECT","items_purchased":["Sunder","Mercury Hourglass","Vajra","Seek"],"gold_per_floor":[114,125,137,156,78,78,90,119,145,145,176,187,199,234,234,335,335,355,375,375,134,153,181,192,192,241,266,266,286,286,209,209,308,338,357,375,394,394,406,436,131,146,146,146,146,160,160,172,172,172],"floor_reached":51,"campfire_rested":0,"playtime":2873,"item_purchase_floors":[],"current_hp_per_floor":[69,69,69,69,69,69,68,55,55,55,47,47,54,43,43,21,75,75,75,75,75,66,73,75,75,75,75,75,75,75,75,75,75,80,66,71,67,67,62,55,55,64,64,64,64,71,71,77,77,13],"items_purged":[],"gold":172,"score":793,"play_id":"4001e2a5-4c9d-460f-8eb7-180736406d9b","local_time":"20180611065138","is_prod":false,"is_daily":false,"chose_seed":false,"is_ascension_mode":false,"campfire_upgraded":10,"win_rate":0,"timestamp":1528689098,"campfire_choices":[{"data":"Zap","floor":6.0,"key":"SMITH"},{"data":"Dualcast","floor":10.0,"key":"SMITH"},{"data":"Seek","floor":15.0,"key":"SMITH"},{"data":"Self Repair","floor":25.0,"key":"SMITH"},{"data":"Sunder","floor":28.0,"key":"SMITH"},{"data":"Stack","floor":30,"key":"SMITH"},{"data":"J.A.X.","floor":32,"key":"SMITH"},{"data":"Defragment","floor":44,"key":"SMITH"},{"data":"Storm","floor":47,"key":"SMITH"},{"data":"Seek","floor":49,"key":"SMITH"}],"path_taken":["M","M","M","M","$","R","M","E","T","R","E","M","M","E","R","BOSS","M","M","?","$","M","E","M","R","T","E","R","M","R","?","R","BOSS","M","M","M","?","M","E","$","M","T","R","$","M","R","M","R","BOSS"],"build_version":"2018-06-07v3","seed_source_timestamp":794065392374490,"purchased_purges":0,"victory":true,"master_deck":["Strike_B","Strike_B","Strike_B","Strike_B+1","Defend_B","Defend_B","Defend_B","Defend_B","Zap+1","Dualcast+1","Conserve Battery","Steam+1","FTL+1","Hologram","Sunder+1","Undo","Gash","Seek+1","Self Repair+1","Ball Lightning","Gash","Melter+1","Gash","Stack+1","Leap","Stack+1","Ball Lightning","White Noise+1","J.A.X.+1","Electrodynamics","Streamline","Defragment+1","Reinforced Body","Storm+1","Seek+1","Steam+1","Gash+1"],"max_hp_per_floor":[75,75,75,75,75,75,75,75,75,75,75,75,75,75,75,75,75,75,75,75,75,75,75,75,75,75,75,75,75,75,75,75,75,80,80,80,80,80,80,80,80,80,80,80,80,80,80,80,80,80],"relics":["Black Star","Ice Cream","Gambling Chip","Orichalcum","Whetstone","Oddly Smooth Stone","Dream Catcher","Bag of Preparation","Runic Pyramid","Mercury Hourglass","Centennial Puzzle","Gremlin Horn","Bronze Scales","Torii","Turnip","Tiny House","Bag of Marbles","Boot","Vajra","Sundial"],"card_choices":[{"not_picked":["Cold Snap","Barrage"],"picked":"Conserve Battery","floor":1.0},{"not_picked":["Stack","Defragment"],"picked":"Steam","floor":2.0},{"not_picked":["Rebound","Compile Driver"],"picked":"FTL","floor":3.0},{"not_picked":["Steam","Rebound"],"picked":"Hologram","floor":4.0},{"not_picked":["Scrape","Cold Snap"],"picked":"Undo","floor":7.0},{"not_picked":["Static Discharge","BootSequence"],"picked":"Gash","floor":8.0},{"not_picked":["Redo","White Noise"],"picked":"Seek","floor":11.0},{"not_picked":["Consume","Skim"],"picked":"Self Repair","floor":12.0},{"not_picked":["Steam Power","Redo"],"picked":"Ball Lightning","floor":13.0},{"not_picked":["Cold Snap","White Noise"],"picked":"Gash","floor":14.0},{"not_picked":["Hello World","Barrage"],"picked":"Melter+1","floor":18.0},{"not_picked":["Barrage+1","Compile Driver"],"picked":"Doom and Gloom+1","floor":19.0},{"not_picked":["Steam","Recycle"],"picked":"Stack+1","floor":22.0},{"not_picked":["Heatsinks","Sweeping Beam"],"picked":"Leap","floor":23.0},{"not_picked":["Sunder","Aggregate"],"picked":"Stack","floor":24.0},{"not_picked":["Stack","White Noise"],"picked":"Ball Lightning","floor":27.0},{"not_picked":["Streamline","Rebound+1"],"picked":"White Noise+1","floor":29},{"not_picked":["Hyperbeam","Reboot"],"picked":"Electrodynamics","floor":33},{"not_picked":["Compile Driver","Redo"],"picked":"Streamline","floor":34},{"not_picked":["Beam Cell+1","Turbo+1"],"picked":"Defragment","floor":35},{"not_picked":["Force Field","Compile Driver"],"picked":"Reinforced Body","floor":36},{"not_picked":["Coolheaded+1","Tempest+1","Conserve Battery"],"picked":"SKIP","floor":37},{"not_picked":["Loop","Coolheaded","Hologram"],"picked":"SKIP","floor":39},{"not_picked":["Scrape+1","Force Field+1"],"picked":"Storm","floor":40},{"not_picked":["Skim+1","Chill"],"picked":"Steam+1","floor":42},{"not_picked":["Streamline+1","Rebound","Beam Cell"],"picked":"SKIP","floor":46},{"not_picked":["Capacitor","Sweeping Beam+1"],"picked":"Gash+1","floor":48}],"player_experience":120701,"potions_floor_usage":[33,40,40,50,50],"damage_taken":[{"damage":6.0,"enemies":"Jaw Worm","floor":1.0,"turns":5.0},{"damage":0.0,"enemies":"2 Louse","floor":2.0,"turns":2.0},{"damage":0.0,"enemies":"Cultist","floor":3.0,"turns":5.0},{"damage":0.0,"enemies":"Looter","floor":4.0,"turns":5.0},{"damage":1.0,"enemies":"2 Fungi Beasts","floor":7.0,"turns":3.0},{"damage":13.0,"enemies":"Lagavulin","floor":8.0,"turns":6.0},{"damage":8.0,"enemies":"3 Sentries","floor":11.0,"turns":9.0},{"damage":0.0,"enemies":"Blue Slaver","floor":12.0,"turns":3.0},{"damage":0.0,"enemies":"3 Louse","floor":13.0,"turns":3.0},{"damage":18.0,"enemies":"Lagavulin","floor":14.0,"turns":6.0},{"damage":22.0,"enemies":"Slime Boss","floor":16.0,"turns":9.0},{"damage":0.0,"enemies":"Spheric Guardian","floor":18.0,"turns":3.0},{"damage":0.0,"enemies":"Chosen","floor":19.0,"turns":5.0},{"damage":16.0,"enemies":"Slaver and Parasite","floor":22.0,"turns":6.0},{"damage":0.0,"enemies":"Gremlin Leader","floor":23.0,"turns":7.0},{"damage":5.0,"enemies":"Centurion and Healer","floor":24.0,"turns":5.0},{"damage":3.0,"enemies":"Book of Stabbing","floor":27.0,"turns":5.0},{"damage":2,"enemies":"Cultist and Chosen","floor":29,"turns":5},{"damage":10,"enemies":"Champ","floor":33,"turns":11},{"damage":14,"enemies":"3 Darklings","floor":35,"turns":4},{"damage":5,"enemies":"Orb Walker","floor":36,"turns":4},{"damage":4,"enemies":"Sphere and 2 Shapes","floor":37,"turns":2},{"damage":15,"enemies":"Maw","floor":39,"turns":9},{"damage":17,"enemies":"Nemesis","floor":40,"turns":9},{"damage":1,"enemies":"4 Shapes","floor":42,"turns":2},{"damage":3,"enemies":"3 Darklings","floor":46,"turns":4},{"damage":4,"enemies":"Sphere and 2 Shapes","floor":48,"turns":3},{"damage":64,"enemies":"Awakened One","floor":50,"turns":13}],"relics_obtained":[{"floor":8.0,"key":"Ice Cream"},{"floor":8.0,"key":"Gambling Chip"},{"floor":9.0,"key":"Orichalcum"},{"floor":11.0,"key":"Whetstone"},{"floor":11.0,"key":"Oddly Smooth Stone"},{"floor":14.0,"key":"Dream Catcher"},{"floor":14.0,"key":"Bag of Preparation"},{"floor":23.0,"key":"Centennial Puzzle"},{"floor":23.0,"key":"Gremlin Horn"},{"floor":26.0,"key":"Bronze Scales"},{"floor":27.0,"key":"Torii"},{"floor":27.0,"key":"Turnip"},{"floor":40,"key":"Bag of Marbles"},{"floor":40,"key":"Boot"},{"floor":43,"key":"Sundial"}],"event_choices":[{"event_name":"The Library","player_choice":"Read","floor":20.0,"damage_taken":0.0},{"event_name":"Drug Dealer","player_choice":"Got JAXXED","floor":31,"damage_taken":0},{"event_name":"Falling","player_choice":"Removed Attack","floor":38,"damage_taken":0}],"boss_relics":[{"not_picked":["Ectoplasm","Inserter"],"picked":"Runic Pyramid"},{"not_picked":["Philosopher\u0027s Stone","Astrolabe"],"picked":"Tiny House"}],"items_purged_floors":[],"potions_floor_spawned":[4,7,8,16,23,29,35,39,40],"seed_played":"-1540467881297202359","ascension_level":0,"potions_obtained":[{"floor":4.0,"key":"Ancient Potion"},{"floor":7.0,"key":"Swift Potion"},{"floor":8.0,"key":"Strength Potion"},{"floor":16.0,"key":"PowerPotion"},{"floor":23.0,"key":"SkillPotion"},{"floor":29,"key":"Block Potion"},{"floor":34,"key":"EssenceOfSteel"},{"floor":35,"key":"PowerPotion"},{"floor":40,"key":"Dexterity Potion"}],"is_trial":false}