{"gold_per_floor":[361,361,22,40,140,140,93,110,110,110,137,15,30,62,62,166,166,180,200,11,11,24,57,57,73,153,180,200,212,311,186,186,282,282,301,1300,1300,1300,797,825,836,836,861,914,924,469,469,489,489,489,489,489,26,58,58],"floor_reached":56,"playtime":3041,"items_purged":["Strike_R","Strike_R","Cleave","Demon Form+1"],"score":1323,"play_id":"4d271c99-dbce-4255-8199-0be904863dd4","local_time":"20190728122630","is_ascension_mode":false,"campfire_choices":[{"data":"Apotheosis","floor":6.0,"key":"SMITH"},{"data":"Body Slam","floor":15.0,"key":"SMITH"},{"data":"Body Slam","floor":24,"key":"SMITH"},{"floor":32,"key":"RECALL"},{"data":"Battle Trance","floor":47,"key":"SMITH"},{"data":"Impatience","floor":49,"key":"SMITH"},{"data":"Shrug It Off","floor":52,"key":"SMITH"}],"neow_cost":"PERCENT_DAMAGE","seed_source_timestamp":47610437669700,"circlet_count":0,"master_deck":["Defend_R","Defend_R","Defend_R","Defend_R","Apotheosis+1","Shrug It Off","Shrug It Off+1","Body Slam+1","Shrug It Off+1","Good Instincts+1","Body Slam+1","Ghostly Armor+1","Body Slam+1","Battle Trance+1","Good Instincts","Impatience+1","Body Slam+1","Shrug It Off"],"special_seed":0,"relics":["Burning Blood","Pen Nib","Strawberry","Frozen Egg 2","Omamori","FossilizedHelix","Empty Cage","Bottled Flame","Letter Opener","War Paint","Lizard Tail","Gambling Chip","Bag of Preparation","Centennial Puzzle","Turnip","Sundial","Medical Kit","Calipers","Orichalcum"],"potions_floor_usage":[55],"damage_taken":[{"damage":8.0,"enemies":"Jaw Worm","floor":1.0,"turns":4.0},{"damage":6.0,"enemies":"Cultist","floor":4.0,"turns":3.0},{"damage":2.0,"enemies":"Small Slimes","floor":8.0,"turns":3.0},{"damage":14.0,"enemies":"3 Sentries","floor":11.0,"turns":7.0},{"damage":0.0,"enemies":"Red Slaver","floor":13.0,"turns":3.0},{"damage":6.0,"enemies":"Lagavulin","floor":14.0,"turns":7.0},{"damage":40.0,"enemies":"Hexaghost","floor":16.0,"turns":16.0},{"damage":5,"enemies":"2 Thieves","floor":18,"turns":5},{"damage":0,"enemies":"Chosen","floor":19,"turns":5},{"damage":8,"enemies":"Centurion and Healer","floor":22,"turns":5},{"damage":11,"enemies":"Slavers","floor":23,"turns":7},{"damage":0,"enemies":"Shelled Parasite and Fungi","floor":25,"turns":6},{"damage":6,"enemies":"Book of Stabbing","floor":27,"turns":5},{"damage":0,"enemies":"Cultist and Chosen","floor":28,"turns":5},{"damage":5,"enemies":"Snecko","floor":29,"turns":6},{"damage":21,"enemies":"Champ","floor":33,"turns":12},{"damage":0,"enemies":"3 Shapes","floor":35,"turns":5},{"damage":8,"enemies":"Nemesis","floor":40,"turns":5},{"damage":0,"enemies":"3 Darklings","floor":41,"turns":4},{"damage":0,"enemies":"2 Orb Walkers","floor":44,"turns":5},{"damage":0,"enemies":"Jaw Worm Horde","floor":45,"turns":4},{"damage":0,"enemies":"Transient","floor":48,"turns":5},{"damage":10,"enemies":"Awakened One","floor":50,"turns":10},{"damage":0,"enemies":"Shield and Spear","floor":54,"turns":3},{"damage":26,"enemies":"The Heart","floor":55,"turns":8}],"seed_played":"-4518554469351946436","potions_obtained":[{"floor":8.0,"key":"SteroidPotion"},{"floor":13.0,"key":"BloodPotion"},{"floor":14.0,"key":"Energy Potion"},{"floor":27,"key":"Strength Potion"},{"floor":40,"key":"Swift Potion"},{"floor":48,"key":"PowerPotion"}],"is_trial":false,"path_per_floor":["M","?","$","M","?","R","$","M","T","T","E","$","M","E","R","B",null,"M","M","$","?","M","E","R","M","T","E","M","M","?","$","R","B",null,"M","?","?","?","$","E","M","?","T","?","M","$","R","M","R","B",null,"R","$","E","B",null],"character_chosen":"IRONCLAD","items_purchased":["Pen Nib","Apotheosis","Shrug It Off","Shrug It Off","Good Instincts","Gambling Chip","Bag of Preparation","Battle Trance","Sundial","Medical Kit","Calipers","Shrug It Off"],"campfire_rested":0,"item_purchase_floors":[3,3,7,12,20,39,39,39,46,46,53,53],"current_hp_per_floor":[54,54,54,54,54,54,54,58,65,65,57,57,63,63,63,29,87,87,87,87,87,85,80,80,86,86,86,87,87,87,87,87,72,87,87,87,87,87,87,85,87,77,77,83,87,87,87,87,87,83,87,87,87,87,67],"gold":58,"neow_bonus":"TWO_FIFTY_GOLD","is_prod":false,"is_daily":false,"chose_seed":false,"campfire_upgraded":6,"win_rate":0,"timestamp":1564305990,"path_taken":["M","?","?","M","?","R","$","?","T","?","E","$","M","E","R","BOSS","M","M","$","?","M","E","R","M","T","E","M","M","?","$","R","BOSS","M","?","?","?","$","E","?","?","T","?","M","$","R","M","R","BOSS","R","$","E","BOSS"],"build_version":"2019-07-17","purchased_purges":4,"victory":true,"max_hp_per_floor":[80,80,80,80,80,80,80,80,87,87,87,87,87,87,87,87,87,87,87,87,87,87,87,87,87,87,87,87,87,87,87,87,87,87,87,87,87,87,87,87,87,87,87,87,87,87,87,87,87,87,87,87,87,87,87],"card_choices":[{"not_picked":["Shrug It Off","Armaments"],"picked":"Cleave","floor":1.0},{"not_picked":["Metallicize","Uppercut","Intimidate"],"picked":"SKIP","floor":4.0},{"not_picked":["Entrench","Cleave"],"picked":"Shrug It Off","floor":8.0},{"not_picked":["Rupture+1","Carnage"],"picked":"Body Slam","floor":11.0},{"not_picked":["Sever Soul","Wild Strike","Hemokinesis"],"picked":"SKIP","floor":13.0},{"not_picked":["Thunderclap","Dropkick","Perfected Strike"],"picked":"SKIP","floor":14.0},{"not_picked":["Fiend Fire","Limit Break"],"picked":"Demon Form+1","floor":16.0},{"not_picked":["Heavy Blade","Iron Wave","Havoc"],"picked":"SKIP","floor":18},{"not_picked":["Burning Pact","Perfected Strike","Warcry"],"picked":"SKIP","floor":19},{"not_picked":["Flex","Exhume"],"picked":"Body Slam","floor":22},{"not_picked":["Bloodletting","Fire Breathing+1","Rampage+1"],"picked":"SKIP","floor":23},{"not_picked":["Clothesline","Rupture+1","Clash"],"picked":"SKIP","floor":25},{"not_picked":["Havoc","Rage+1"],"picked":"Ghostly Armor+1","floor":27},{"not_picked":["Whirlwind+1","Havoc","Fire Breathing+1"],"picked":"SKIP","floor":28},{"not_picked":["Armaments","Headbutt+1","Double Tap"],"picked":"SKIP","floor":29},{"not_picked":["Iron Wave","Flex","Dual Wield+1"],"picked":"SKIP","floor":35},{"not_picked":["Infernal Blade+1","Twin Strike","Headbutt+1"],"picked":"SKIP","floor":40},{"not_picked":["Infernal Blade+1","Twin Strike","Headbutt+1"],"picked":"SKIP","floor":40},{"not_picked":["Flex+1","Intimidate+1","Hemokinesis+1"],"picked":"SKIP","floor":41},{"not_picked":["Jack Of All Trades","Apotheosis"],"picked":"Good Instincts","floor":42},{"not_picked":["Deep Breath","Dramatic Entrance"],"picked":"Impatience","floor":42},{"not_picked":["Headbutt+1","Warcry+1"],"picked":"Body Slam+1","floor":45},{"not_picked":["Iron Wave+1","Whirlwind+1","Heavy Blade+1"],"picked":"SKIP","floor":48},{"not_picked":["Clash","Intimidate+1","Reaper"],"picked":"SKIP","floor":54}],"player_experience":784303,"relics_obtained":[{"floor":9.0,"key":"Strawberry"},{"floor":10.0,"key":"Frozen Egg 2"},{"floor":11.0,"key":"Omamori"},{"floor":14.0,"key":"FossilizedHelix"},{"floor":23,"key":"Bottled Flame"},{"floor":26,"key":"Letter Opener"},{"floor":27,"key":"War Paint"},{"floor":40,"key":"Centennial Puzzle"},{"floor":44,"key":"Turnip"},{"floor":54,"key":"Orichalcum"}],"event_choices":[{"cards_removed":["Strike_R"],"damage_healed":0.0,"max_hp_gain":0.0,"max_hp_loss":0.0,"gold_gain":0.0,"event_name":"Purifier","player_choice":"Purged","floor":2.0,"gold_loss":0.0,"damage_taken":0.0},{"damage_healed":0.0,"max_hp_gain":0.0,"max_hp_loss":0.0,"gold_gain":100.0,"event_name":"Wheel of Change","player_choice":"Gold","floor":5.0,"gold_loss":0.0,"damage_taken":0.0},{"damage_healed":0,"gold_gain":0,"player_choice":"Ignored","damage_taken":0,"max_hp_gain":0,"max_hp_loss":0,"event_name":"Cursed Tome","floor":21,"gold_loss":0},{"damage_healed":0,"gold_gain":99,"player_choice":"Stole From Cult","damage_taken":0,"max_hp_gain":0,"max_hp_loss":0,"event_name":"Nest","floor":30,"gold_loss":0},{"damage_healed":0,"gold_gain":999,"player_choice":"Gold","damage_taken":0,"max_hp_gain":0,"max_hp_loss":0,"event_name":"MindBloom","floor":36,"gold_loss":0,"cards_obtained":["Normality","Normality"]},{"cards_removed":["Bash"],"damage_healed":0,"gold_gain":0,"player_choice":"Removed Attack","damage_taken":0,"max_hp_gain":0,"max_hp_loss":0,"event_name":"Falling","floor":37,"gold_loss":0},{"damage_healed":0,"gold_gain":0,"player_choice":"Copied","damage_taken":0,"max_hp_gain":0,"max_hp_loss":0,"event_name":"Duplicator","floor":38,"gold_loss":0,"cards_obtained":["Body Slam"]},{"damage_healed":0,"gold_gain":0,"player_choice":"Memory 3","damage_taken":10,"max_hp_gain":0,"max_hp_loss":0,"event_name":"SensoryStone","floor":42,"gold_loss":0},{"damage_healed":0,"gold_gain":0,"player_choice":"Fight","damage_taken":0,"max_hp_gain":0,"max_hp_loss":0,"event_name":"Mysterious Sphere","floor":44,"gold_loss":0}],"is_beta":false,"boss_relics":[{"not_picked":["Orrery","Tiny House"],"picked":"Empty Cage"},{"not_picked":["Black Blood","White Beast Statue"],"picked":"Lizard Tail"}],"items_purged_floors":[12,20,31,53],"is_endless":false,"potions_floor_spawned":[8,13,14,19,22,27,29,40,44,48],"ascension_level":0}