{"gold_per_floor":[117,134,150,150,162,162,181,181,181,181,210,220,220,232,232,232],"floor_reached":16,"playtime":454,"items_purged":[],"score":104,"play_id":"15258583-ada9-4082-bf0e-90ac7c9e5e15","local_time":"20190723160436","is_ascension_mode":false,"campfire_choices":[{"data":"Body Slam","floor":6,"key":"SMITH"},{"data":"Body Slam","floor":8,"key":"SMITH"},{"data":"Defend_R","floor":10,"key":"SMITH"},{"data":"Entrench","floor":15,"key":"SMITH"}],"neow_cost":"NONE","seed_source_timestamp":87290304996800,"circlet_count":0,"master_deck":["Strike_R","Strike_R","Strike_R","Strike_R","Defend_R","Defend_R","Defend_R","Defend_R+1","Bash","Body Slam+1","Body Slam+1","Entrench+1"],"relics":["Burning Blood","Ancient Tea Set","Omamori","Blood Vial"],"potions_floor_usage":[12,14],"damage_taken":[{"damage":5,"enemies":"Small Slimes","floor":1,"turns":3},{"damage":6,"enemies":"Cultist","floor":2,"turns":3},{"damage":4,"enemies":"2 Louse","floor":3,"turns":3},{"damage":21,"enemies":"Large Slime","floor":5,"turns":9},{"damage":6,"enemies":"Gremlin Gang","floor":7,"turns":6},{"damage":6,"enemies":"Gremlin Nob","floor":11,"turns":3},{"damage":2,"enemies":"Looter","floor":12,"turns":4},{"damage":18,"enemies":"Exordium Thugs","floor":14,"turns":6},{"damage":72,"enemies":"Hexaghost","floor":16,"turns":11}],"seed_played":"-8094858231242134697","potions_obtained":[{"floor":2,"key":"Dexterity Potion"},{"floor":7,"key":"Explosive Potion"},{"floor":11,"key":"Energy Potion"},{"floor":12,"key":"Fruit Juice"}],"is_trial":false,"path_per_floor":["M","M","M","$","M","R","M","R","T","R","E","M","?","M","R","B"],"character_chosen":"IRONCLAD","items_purchased":[],"campfire_rested":0,"item_purchase_floors":[],"current_hp_per_floor":[80,80,80,80,65,65,65,65,65,65,65,76,76,66,66,0],"gold":232,"neow_bonus":"RANDOM_COMMON_RELIC","is_prod":false,"is_daily":false,"chose_seed":false,"campfire_upgraded":4,"win_rate":0,"timestamp":1563887076,"path_taken":["M","M","M","$","M","R","M","R","T","R","E","M","?","?","R","BOSS"],"build_version":"2019-07-17","purchased_purges":0,"victory":false,"max_hp_per_floor":[80,80,80,80,80,80,80,80,80,80,80,85,85,85,85,85],"card_choices":[{"not_picked":["Twin Strike","Blood for Blood","Armaments"],"picked":"SKIP","floor":1},{"not_picked":["Clothesline","Perfected Strike","Iron Wave"],"picked":"SKIP","floor":2},{"not_picked":["Clothesline","Ghostly Armor","Thunderclap"],"picked":"SKIP","floor":3},{"not_picked":["True Grit","Entrench"],"picked":"Body Slam","floor":5},{"not_picked":["Twin Strike","Thunderclap"],"picked":"Body Slam","floor":7},{"not_picked":["Clash","Rampage"],"picked":"Entrench","floor":11},{"not_picked":["Feel No Pain","Pommel Strike","Sentinel"],"picked":"SKIP","floor":12},{"not_picked":["Warcry","Feed","Blood for Blood"],"picked":"SKIP","floor":14}],"player_experience":739027,"relics_obtained":[{"floor":9,"key":"Omamori"},{"floor":11,"key":"Blood Vial"}],"event_choices":[{"cards_removed":["Strike_R"],"damage_healed":0,"gold_gain":0,"player_choice":"Offered Basic","damage_taken":0,"max_hp_gain":0,"max_hp_loss":0,"event_name":"Bonfire Elementals","floor":13,"gold_loss":0}],"is_beta":false,"boss_relics":[],"items_purged_floors":[],"is_endless":false,"potions_floor_spawned":[2,7,11,12],"killed_by":"Hexaghost","ascension_level":0}