{"path_per_floor":["M","?","M","$","M","R","?","R","T","M","M","M","?","M","R","B",null,"M","$","?","$","$","R","E","?","T","R","M","R","?","$","R","B",null,"M","?","?","?","M","R","T","M","T","E","?","?","R","M","R","B"],"character_chosen":"THE_SILENT","items_purchased":["Footwork","Jack Of All Trades"],"gold_per_floor":[110,110,126,51,70,70,70,70,93,105,125,139,139,150,150,251,251,251,111,111,111,7,7,7,0,0,0,0,0,0,0,0,0,0,0,0,0,0,0,0,0,0,0,0,0,0,0,0,0,0],"floor_reached":51,"campfire_rested":5,"playtime":5574,"current_hp_per_floor":[70,56,56,56,56,56,56,56,56,42,56,45,45,43,43,43,63,41,41,41,41,41,62,43,43,43,43,43,43,43,43,64,63,68,68,68,58,58,34,55,55,55,55,45,45,45,66,48,69,37],"items_purged":["Strike_G","Defend_G"],"gold":0,"play_id":"b08a1db6-a842-4c4e-88bd-04b728e0ca86","is_prod":false,"is_daily":false,"is_ascension_mode":true,"campfire_upgraded":5,"path_taken":["M","?","M","$","M","R","?","R","T","M","?","M","?","M","R","BOSS","M","$","?","?","$","R","E","?","T","R","M","R","?","?","R","BOSS","M","?","?","?","M","R","?","?","T","E","?","?","R","M","R","BOSS"],"build_version":"2018-01-29-BETA1","purchased_purges":2,"victory":true,"master_deck":["Defend_G+1","Defend_G+1","Defend_G+1","Defend_G+1","Strike_G+1","Survivor+1","Neutralize+1","A Thousand Cuts+1","Prepared+1","Noxious Fumes+1","Escape Plan","Venomology","Caltrops+1","Footwork+1","Jack Of All Trades","Choke","Escape Plan","After Image+1","Footwork+1","Madness","Madness","Slice+1","Footwork+1","Dark Shackles+1","Backstab"],"max_hp_per_floor":[70,70,70,70,70,70,70,70,70,70,70,70,70,70,70,70,70,70,70,70,70,70,70,70,70,70,70,70,70,70,70,70,70,70,70,70,70,70,70,70,70,70,70,70,70,70,70,70,70,70],"relics":["Ring of the Snake","Molten Egg","Ectoplasm","Pen Nib","Kunai","Question Card","Red Mask","Frozen Egg","Toxic Egg 2","Tingsha"],"card_choices":[{"not_picked":["Slice","Deadly Poison"],"picked":"A Thousand Cuts"},{"not_picked":["All Out Attack","PiercingWail"],"picked":"Prepared"},{"not_picked":["Footwork","Setup"],"picked":"Noxious Fumes"},{"not_picked":["Outmaneuver","Deadly Poison"],"picked":"Escape Plan"},{"not_picked":["Phantasmal Killer","Wraith Form"],"picked":"Venomology"},{"not_picked":["Infinite Blades","Dodge and Roll"],"picked":"Caltrops"},{"not_picked":["Envenom","Dagger Throw"],"picked":"Choke"},{"not_picked":["Backflip","Cloak And Dagger"],"picked":"Escape Plan"},{"not_picked":["Phantasmal Killer","Unload"],"picked":"After Image"},{"not_picked":["Poisoned Stab","Concentrate","Dagger Spray"],"picked":"Footwork"},{"not_picked":["Deadly Poison","Underhanded Strike","Finisher"],"picked":"Slice"},{"not_picked":["Dagger Spray","Crippling Poison","Riddle With Holes"],"picked":"Footwork"},{"not_picked":["Eviscerate","Bouncing Flask","Dash"],"picked":"Backstab"}],"player_experience":154700,"potions_floor_usage":[11,16,18,24,24,24,33,33,33,35,39,44,44,50,50],"damage_taken":[{"damage":0,"enemies":"Small Slimes","floor":1,"turns":5},{"damage":0,"enemies":"2 Louse","floor":3,"turns":3},{"damage":0,"enemies":"Jaw Worm","floor":5,"turns":4},{"damage":14,"enemies":"Lots of Slimes","floor":10,"turns":2},{"damage":1,"enemies":"Red Slaver","floor":11,"turns":5},{"damage":11,"enemies":"Exordium Thugs","floor":12,"turns":4},{"damage":2,"enemies":"2 Fungi Beasts","floor":14,"turns":3},{"damage":0,"enemies":"The Guardian","floor":16,"turns":9},{"damage":22,"enemies":"Chosen","floor":18,"turns":6},{"damage":19,"enemies":"Slavers","floor":24,"turns":5},{"damage":0,"enemies":"Shell Parasite","floor":28,"turns":4},{"damage":1,"enemies":"Collector","floor":33,"turns":8},{"damage":0,"enemies":"3 Shapes","floor":35,"turns":4},{"damage":28,"enemies":"3 Darklings","floor":39,"turns":5},{"damage":0,"enemies":"Maw","floor":42,"turns":9},{"damage":10,"enemies":"Nemesis","floor":44,"turns":9},{"damage":18,"enemies":"Sphere and 2 Shapes","floor":48,"turns":5},{"damage":32,"enemies":"Time Eater","floor":50,"turns":15}],"event_choices":[{"event_name":"Shining Light","player_choice":"Entered Light","floor":2,"damage_taken":0},{"event_name":"Match and Keep!","player_choice":"1 cards matched","floor":7,"damage_taken":0},{"event_name":"Purifier","player_choice":"One Purge","floor":13,"damage_taken":0},{"event_name":"Back to Basics","player_choice":"Simplicity","floor":20,"damage_taken":0},{"event_name":"Masked Bandits","player_choice":"Paid Bandits 7 gold","floor":25,"damage_taken":0},{"event_name":"Addict","player_choice":"Ignored","floor":30,"damage_taken":0},{"event_name":"Winding Halls","player_choice":"Embrace Madness","floor":37,"damage_taken":0},{"event_name":"Tomb of Lord Red Mask","player_choice":"Paid","floor":38,"damage_taken":0},{"event_name":"Mysterious Sphere","player_choice":"Ignore","floor":45,"damage_taken":0},{"event_name":"Transmorgrifier","player_choice":"Transform","floor":46,"damage_taken":0}],"boss_relics":[{"not_picked":["Cursed Key","Lizard Tail"],"picked":"Ectoplasm"},{"not_picked":["Black Star","Pandora\u0027s Box"],"picked":"Question Card"}],"potions_floor_spawned":[1,10,12,18,24,33,44],"seed_played":"3679561020179609760","ascension_level":5,"is_trial":false}