{"path_per_floor":["M","M","T","?","$","?","E","M","T","M","M","R","T","M","R","B",null,"M","$","?","M","?","R","E","R","T","M","M"],"character_chosen":"IRONCLAD","items_purchased":["Whirlwind","Armaments"],"gold_per_floor":[109,123,179,179,35,35,61,79,79,95,113,113,138,148,148,249,249,259,136,61,74,74,74,99,99,99,110,125],"floor_reached":29,"campfire_rested":1,"playtime":2655,"current_hp_per_floor":[72,72,72,72,72,72,54,60,60,68,77,77,77,80,80,29,80,59,59,59,68,52,52,10,34,34,39,11],"items_purged":["Strike_R","Strike_R"],"gold":125,"score":245,"play_id":"ccd58d82-c6cf-4329-a922-001243b807ab","is_prod":false,"is_daily":false,"is_ascension_mode":false,"campfire_upgraded":3,"path_taken":["M","M","?","?","?","?","E","M","T","M","M","R","?","?","R","BOSS","M","$","?","M","?","R","E","R","T","M","?","M"],"build_version":"2018-02-07-BETA1","purchased_purges":2,"victory":false,"master_deck":["Strike_R","Strike_R","Defend_R","Defend_R","Defend_R+1","Bash","Thunderclap","Warcry+1","Whirlwind+1","Pommel Strike+1","Headbutt","Bludgeon","Combust","Armaments+1","Jack Of All Trades+1","Offering","Metallicize"],"max_hp_per_floor":[80,80,80,80,80,80,80,80,80,80,80,80,80,80,80,80,80,80,80,80,80,80,80,80,80,80,80,80],"relics":["Burning Blood","Tiny Chest","Oddly Smooth Stone","Magic Flower","Dream Catcher","Question Card","War Paint","Regal Pillow"],"card_choices":[{"not_picked":["Carnage","Rage"],"picked":"Thunderclap"},{"not_picked":["Sentinel","Anger"],"picked":"Warcry"},{"not_picked":["Sword Boomerang","Infernal Blade"],"picked":"Pommel Strike"},{"not_picked":["Clothesline","Twin Strike"],"picked":"Headbutt"},{"not_picked":["Limit Break","Brutality"],"picked":"Bludgeon"},{"not_picked":["Ghostly Armor","Second Wind","Sword Boomerang"],"picked":"Combust"},{"not_picked":["Uppercut","Ghostly Armor","Combust"],"picked":"Offering"},{"not_picked":["Anger","Clash","True Grit"],"picked":"Metallicize"}],"player_experience":291582,"potions_floor_usage":[7,7,11,16,28,29],"damage_taken":[{"damage":14,"enemies":"Blue Slaver","floor":1,"turns":5},{"damage":6,"enemies":"2 Louse","floor":2,"turns":2},{"damage":24,"enemies":"Lagavulin","floor":7,"turns":5},{"damage":0,"enemies":"Cultist","floor":8,"turns":3},{"damage":1,"enemies":"2 Fungi Beasts","floor":10,"turns":3},{"damage":0,"enemies":"Exordium Wildlife","floor":11,"turns":2},{"damage":0,"enemies":"Large Slime","floor":14,"turns":4},{"damage":60,"enemies":"The Guardian","floor":16,"turns":11},{"damage":30,"enemies":"2 Thieves","floor":18,"turns":3},{"damage":0,"enemies":"3 Byrds","floor":21,"turns":3},{"damage":51,"enemies":"Gremlin Leader","floor":24,"turns":6},{"damage":4,"enemies":"Snecko","floor":27,"turns":3},{"damage":37,"enemies":"Slaver and Parasite","floor":28,"turns":8},{"damage":24,"enemies":"Sentry and Sphere","floor":29,"turns":5}],"event_choices":[{"event_name":"Upgrade Shrine","player_choice":"Upgraded","floor":4,"damage_taken":0},{"event_name":"The Lab","player_choice":"Got Potions","floor":6,"damage_taken":0},{"event_name":"Beggar","player_choice":"Gave Gold","floor":20,"damage_taken":0},{"event_name":"Knowing Skull","player_choice":"CARD ","floor":22,"damage_taken":0}],"boss_relics":[{"not_picked":["Runic Pyramid","Snecko Eye"],"picked":"Question Card"}],"potions_floor_spawned":[1,10,21,28],"seed_played":"6153316262468848752","killed_by":"Sentry and Sphere","ascension_level":0,"is_trial":false}