{"gold_per_floor":[109,109,39,51,62,62,62,62,62,77,87,12,28,61,61,156,156,175,75,75,75,95,95,110,110,178,207,220,220,220,11,11,110,110,123,23,35,35,46,72,90,90,90,108,108,119,119,135,135,135],"floor_reached":51,"playtime":960,"items_purged":["Regret","Strike_R","Strike_R"],"score":749,"play_id":"05d674c0-e297-4d72-83b2-92564271d729","local_time":"20190724162814","is_ascension_mode":false,"campfire_choices":[{"data":"Sword Boomerang","floor":6.0,"key":"SMITH"},{"data":"Inflame","floor":8.0,"key":"SMITH"},{"data":"Double Tap","floor":15.0,"key":"SMITH"},{"data":"Limit Break","floor":23,"key":"SMITH"},{"data":"Limit Break","floor":25,"key":"SMITH"},{"data":"Heavy Blade","floor":29,"key":"SMITH"},{"data":"Defend_R","floor":32,"key":"SMITH"},{"data":"Sword Boomerang","floor":42,"key":"SMITH"},{"data":"Whirlwind","floor":45,"key":"SMITH"},{"floor":49,"key":"RECALL"}],"neow_cost":"NONE","seed_source_timestamp":82184634797300,"circlet_count":0,"master_deck":["Strike_R","Strike_R","Strike_R","Defend_R","Defend_R","Defend_R+1","Defend_R+1","Bash","Inflame+1","Cleave","Sword Boomerang+1","Double Tap+1","Limit Break+1","Limit Break+1","Heavy Blade+1","Reaper","Whirlwind+1","Sword Boomerang+1"],"special_seed":0,"relics":["Burning Blood","Matryoshka","PreservedInsect","Bottled Tornado","Anchor","Runic Pyramid","Vajra","The Courier","Nunchaku","Bottled Lightning","Sozu","Potion Belt","Letter Opener"],"potions_floor_usage":[50,50,50],"damage_taken":[{"damage":8.0,"enemies":"Jaw Worm","floor":1.0,"turns":4.0},{"damage":4.0,"enemies":"2 Louse","floor":4.0,"turns":3.0},{"damage":0.0,"enemies":"Cultist","floor":5.0,"turns":4.0},{"damage":9.0,"enemies":"Exordium Thugs","floor":10.0,"turns":3.0},{"damage":0.0,"enemies":"Lots of Slimes","floor":11.0,"turns":1.0},{"damage":1.0,"enemies":"Exordium Wildlife","floor":13.0,"turns":3.0},{"damage":13.0,"enemies":"3 Sentries","floor":14.0,"turns":3.0},{"damage":48.0,"enemies":"The Guardian","floor":16.0,"turns":7.0},{"damage":3.0,"enemies":"3 Byrds","floor":18.0,"turns":4.0},{"damage":14,"enemies":"Shell Parasite","floor":22,"turns":3},{"damage":12,"enemies":"3 Cultists","floor":24,"turns":3},{"damage":22,"enemies":"Slavers","floor":27,"turns":2},{"damage":10,"enemies":"Chosen and Byrds","floor":28,"turns":4},{"damage":44,"enemies":"Champ","floor":33,"turns":4},{"damage":9,"enemies":"3 Darklings","floor":35,"turns":3},{"damage":0,"enemies":"Orb Walker","floor":37,"turns":2},{"damage":5,"enemies":"Sphere and 2 Shapes","floor":39,"turns":2},{"damage":0,"enemies":"Reptomancer","floor":40,"turns":3},{"damage":23,"enemies":"Maw","floor":41,"turns":5},{"damage":27,"enemies":"Writhing Mass","floor":44,"turns":3},{"damage":27,"enemies":"3 Darklings","floor":46,"turns":3},{"damage":0,"enemies":"Sphere and 2 Shapes","floor":48,"turns":2},{"damage":50,"enemies":"Time Eater","floor":50,"turns":5}],"seed_played":"2587657224478539893","potions_obtained":[{"floor":10.0,"key":"Strength Potion"},{"floor":11.0,"key":"LiquidBronze"},{"floor":13.0,"key":"Poison Potion"},{"floor":18.0,"key":"Dexterity Potion"}],"is_trial":false,"path_per_floor":["M","?","$","M","M","R","?","R","T","M","M","$","M","E","R","B",null,"M","$","?","?","M","R","M","R","T","E","M","R","T","$","R","B",null,"M","$","M","$","M","E","M","R","T","M","R","M","$","M","R","B",null],"character_chosen":"IRONCLAD","items_purchased":["Inflame","Bottled Lightning"],"campfire_rested":0,"item_purchase_floors":[3,31],"current_hp_per_floor":[86,86,86,88,88,88,88,88,88,85,88,88,88,81,81,39,88,88,88,88,88,80,80,74,74,74,58,54,54,54,54,54,16,88,88,88,88,88,88,88,86,86,86,65,65,67,67,73,73,71],"gold":135,"neow_bonus":"TEN_PERCENT_HP_BONUS","is_prod":false,"is_daily":false,"chose_seed":false,"campfire_upgraded":9,"win_rate":0,"timestamp":1563974894,"path_taken":["M","?","$","M","M","R","?","R","T","M","M","$","M","E","R","BOSS","M","$","?","?","?","R","M","R","T","E","M","R","?","$","R","BOSS","M","?","M","$","M","E","M","R","T","M","R","M","$","M","R","BOSS"],"build_version":"2019-07-17","purchased_purges":3,"victory":true,"max_hp_per_floor":[88,88,88,88,88,88,88,88,88,88,88,88,88,88,88,88,88,88,88,88,88,88,88,88,88,88,88,88,88,88,88,88,88,88,88,88,88,88,88,88,88,88,88,88,88,88,88,88,88,88],"card_choices":[{"not_picked":["Perfected Strike","Sentinel","Thunderclap"],"picked":"SKIP","floor":1.0},{"not_picked":["Clothesline","Evolve"],"picked":"Cleave","floor":4.0},{"not_picked":["Anger","Rupture"],"picked":"Sword Boomerang","floor":5.0},{"not_picked":["Dual Wield","True Grit","Havoc"],"picked":"SKIP","floor":10.0},{"not_picked":["Cleave","Havoc","Sever Soul"],"picked":"SKIP","floor":11.0},{"not_picked":["Twin Strike","Clash","Anger"],"picked":"SKIP","floor":13.0},{"not_picked":["Uppercut","Clothesline"],"picked":"Double Tap","floor":14.0},{"not_picked":["Double Tap","Immolate"],"picked":"Limit Break","floor":16.0},{"not_picked":["Warcry+1","Anger","Disarm"],"picked":"SKIP","floor":18.0},{"not_picked":["Thunderclap","Warcry","Iron Wave"],"picked":"SKIP","floor":22},{"not_picked":["Armaments","Clothesline","Disarm"],"picked":"SKIP","floor":24},{"not_picked":["Berserk","Reckless Charge","Power Through"],"picked":"SKIP","floor":27},{"not_picked":["Thunderclap","Sever Soul+1"],"picked":"Heavy Blade","floor":28},{"not_picked":["Juggernaut","Brutality"],"picked":"Reaper","floor":33},{"not_picked":["True Grit","Iron Wave","Perfected Strike"],"picked":"SKIP","floor":35},{"not_picked":["Wild Strike+1","Warcry+1"],"picked":"Whirlwind","floor":37},{"not_picked":["Flex+1","Bloodletting+1","Pummel"],"picked":"SKIP","floor":39},{"not_picked":["Pommel Strike","Flame Barrier"],"picked":"Sword Boomerang","floor":40},{"not_picked":["Sentinel","Blood for Blood","Iron Wave"],"picked":"SKIP","floor":41},{"not_picked":["Armaments+1","Warcry","Dual Wield+1"],"picked":"SKIP","floor":44},{"not_picked":["Armaments","Twin Strike","True Grit"],"picked":"SKIP","floor":46},{"not_picked":["Body Slam+1","Searing Blow","Twin Strike"],"picked":"SKIP","floor":48}],"player_experience":752270,"relics_obtained":[{"floor":9.0,"key":"PreservedInsect"},{"floor":9.0,"key":"Bottled Tornado"},{"floor":14.0,"key":"Anchor"},{"floor":26,"key":"Vajra"},{"floor":27,"key":"The Courier"},{"floor":30,"key":"Nunchaku"},{"floor":40,"key":"Potion Belt"},{"floor":43,"key":"Letter Opener"}],"event_choices":[{"damage_healed":0.0,"max_hp_gain":0.0,"max_hp_loss":0.0,"gold_gain":0.0,"event_name":"Living Wall","player_choice":"Grow","floor":2.0,"gold_loss":0.0,"damage_taken":0.0,"cards_upgraded":["Defend_R"]},{"damage_healed":0.0,"max_hp_gain":0.0,"max_hp_loss":0.0,"gold_gain":0.0,"event_name":"Big Fish","player_choice":"Box","floor":7.0,"gold_loss":0.0,"damage_taken":0.0,"relics_obtained":["Matryoshka"],"cards_obtained":["Regret"]},{"damage_healed":0.0,"max_hp_gain":0.0,"max_hp_loss":0.0,"gold_gain":0.0,"event_name":"Vampires","player_choice":"Ignored","floor":20.0,"gold_loss":0.0,"damage_taken":0.0},{"damage_healed":0,"gold_gain":0,"player_choice":"1 cards matched","damage_taken":0,"max_hp_gain":0,"max_hp_loss":0,"event_name":"Match and Keep!","floor":21,"gold_loss":0,"cards_obtained":["Limit Break"]}],"is_beta":false,"boss_relics":[{"not_picked":["Snecko Eye","Pandora\u0027s Box"],"picked":"Runic Pyramid"},{"not_picked":["Runic Cube","Velvet Choker"],"picked":"Sozu"}],"items_purged_floors":[12,19,36],"is_endless":false,"potions_floor_spawned":[10,11,13,18,22,27,28,33,35,40,46,48],"ascension_level":0}