{"path_per_floor":["M","?","M","?","?","R","M","$","T","M","M","M","?","M","R","B",null,"M","$","M","M","?","R","M","M","T","M","R","M","M","?","R","B",null,"M","M","?","M","M","R","?","$","T","?","R","M","M","M","R","B"],"character_chosen":"IRONCLAD","items_purchased":["Shrug It Off","Self Forming Clay","Toolbox","Finesse","Weak Potion","Fire Potion","Ancient Potion"],"gold_per_floor":[20,20,43,43,43,43,64,14,86,99,113,134,134,155,155,275,275,288,36,51,70,70,70,89,113,113,134,134,155,179,179,179,310,310,325,350,683,702,716,716,716,152,152,152,152,166,180,197,197,197],"floor_reached":51,"campfire_rested":5,"playtime":7971,"current_hp_per_floor":[80,60,66,66,50,50,50,50,50,35,39,45,45,51,51,20,80,71,71,53,34,34,34,15,10,10,15,39,29,21,21,45,46,80,80,67,67,39,28,52,52,52,52,52,76,54,54,30,54,71],"items_purged":["Strike_R"],"gold":197,"play_id":"46dfb53c-2455-4563-a416-c6287e7cd467","is_prod":false,"is_daily":false,"is_ascension_mode":false,"campfire_upgraded":3,"path_taken":["M","?","M","?","?","R","M","$","T","M","M","?","?","M","R","BOSS","M","$","?","?","?","R","M","M","T","M","R","M","M","?","R","BOSS","M","M","?","M","M","R","?","$","T","?","R","M","M","M","R","BOSS"],"build_version":"2018-01-29-BETA1","purchased_purges":1,"victory":true,"master_deck":["Defend_R+1","Defend_R","Defend_R","Bash","Headbutt+1","Seeing Red+1","Barricade+1","Burning Pact","Shrug It Off","Whirlwind","Armaments+1","Flame Barrier","Brutality","Battle Trance","Twin Strike+1","Metallicize+1","Flex","Body Slam+1","Warcry+1","True Grit+1","Cleave+1","Seeing Red+1","Shrug It Off+1","Finesse","Inflame+1","Rupture+1"],"max_hp_per_floor":[80,80,80,80,80,80,80,80,80,80,80,80,80,80,80,80,80,80,80,80,80,80,80,80,80,80,80,80,80,80,80,80,80,80,80,80,80,80,80,80,80,80,80,80,80,80,80,80,80,80],"relics":["Burning Blood","Calipers","Pantograph","Mark of Pain","Self Forming Clay","Smiling Mask","Astrolabe","Spirit Poop","Toolbox","Girya"],"card_choices":[{"not_picked":["Warcry","Twin Strike"],"picked":"Headbutt"},{"not_picked":["Clash","Sword Boomerang"],"picked":"Seeing Red"},{"not_picked":["Pommel Strike","Twin Strike"],"picked":"Burning Pact"},{"not_picked":["Heavy Blade","Warcry"],"picked":"Whirlwind"},{"not_picked":["Double Tap","Headbutt"],"picked":"Armaments"},{"not_picked":["Shockwave","Whirlwind"],"picked":"Flame Barrier"},{"not_picked":["Reaper","Feed"],"picked":"Brutality"},{"not_picked":["Clothesline","Shockwave"],"picked":"Battle Trance"},{"not_picked":["Headbutt","Armaments"],"picked":"Twin Strike"},{"not_picked":["Corruption","Feel No Pain"],"picked":"Metallicize"},{"not_picked":["Whirlwind","Second Wind"],"picked":"Flex"},{"not_picked":["Fire Breathing","Rampage"],"picked":"Body Slam"},{"not_picked":["Perfected Strike","Cleave"],"picked":"Warcry"},{"not_picked":["Clothesline","Warcry"],"picked":"Seeing Red"},{"not_picked":["Body Slam","Warcry"],"picked":"Shrug It Off"},{"not_picked":["Flex","Dual Wield"],"picked":"Inflame"},{"not_picked":["Power Through","Reckless Charge"],"picked":"Rupture"}],"player_experience":130315,"potions_floor_usage":[7,12,16,20,29,33,35,36,38,46,50,50,50],"damage_taken":[{"damage":6,"enemies":"Cultist","floor":1,"turns":3},{"damage":0,"enemies":"Small Slimes","floor":3,"turns":2},{"damage":6,"enemies":"Jaw Worm","floor":7,"turns":4},{"damage":21,"enemies":"Lots of Slimes","floor":10,"turns":7},{"damage":2,"enemies":"Large Slime","floor":11,"turns":8},{"damage":0,"enemies":"3 Louse","floor":12,"turns":3},{"damage":0,"enemies":"Looter","floor":14,"turns":4},{"damage":62,"enemies":"Hexaghost","floor":16,"turns":18},{"damage":15,"enemies":"Spheric Guardian","floor":18,"turns":8},{"damage":24,"enemies":"2 Thieves","floor":20,"turns":4},{"damage":25,"enemies":"Snake Plant","floor":21,"turns":4},{"damage":25,"enemies":"Cultist and Chosen","floor":24,"turns":6},{"damage":11,"enemies":"Snecko","floor":25,"turns":10},{"damage":1,"enemies":"Centurion and Healer","floor":27,"turns":7},{"damage":16,"enemies":"Sentry and Sphere","floor":29,"turns":8},{"damage":14,"enemies":"Snake Plant","floor":30,"turns":5},{"damage":30,"enemies":"Champ","floor":33,"turns":10},{"damage":3,"enemies":"Flame Bruiser 1 Orb","floor":35,"turns":7},{"damage":19,"enemies":"3 Darklings","floor":36,"turns":8},{"damage":34,"enemies":"Spire Growth","floor":38,"turns":7},{"damage":17,"enemies":"Sphere and 2 Shapes","floor":39,"turns":11},{"damage":28,"enemies":"4 Shapes","floor":46,"turns":6},{"damage":6,"enemies":"Maw","floor":47,"turns":7},{"damage":30,"enemies":"Sphere and 2 Shapes","floor":48,"turns":6},{"damage":14,"enemies":"Time Eater","floor":50,"turns":10}],"event_choices":[{"event_name":"Golden Idol","player_choice":"Take Damage","floor":2,"damage_taken":0},{"event_name":"Transmorgrifier","player_choice":"Transform","floor":4,"damage_taken":0},{"event_name":"Shining Light","player_choice":"Entered Light","floor":5,"damage_taken":0},{"event_name":"Living Wall","player_choice":"Forget","floor":13,"damage_taken":0},{"event_name":"Back to Basics","player_choice":"Elegance","floor":22,"damage_taken":0},{"event_name":"Accursed Blacksmith","player_choice":"Forge","floor":31,"damage_taken":0},{"event_name":"The Moai Head","player_choice":"Gave Idol","floor":37,"damage_taken":0},{"event_name":"Bonfire Elementals","player_choice":"CURSE","floor":41,"damage_taken":0},{"event_name":"Mysterious Sphere","player_choice":"Ignore","floor":44,"damage_taken":0}],"boss_relics":[{"not_picked":["Runic Pyramid","Black Star"],"picked":"Mark of Pain"},{"not_picked":["White Beast Statue","Question Card"],"picked":"Astrolabe"}],"potions_floor_spawned":[3,7,10,18,27,29,30,35,36,46,47],"seed_played":"6750909320543535846","ascension_level":0,"is_trial":false}