{"gold_per_floor":[116,5,5,5,22,22,54,66,78,110,122,209,81,109,109,208,208,220,230,247,260,66,66,30,50,50,69,96,116,143,154,154,251,251,271,161,161,181,201,219,239,253,253,45,0,14,27,27,27,27,27,27,27,62,62],"floor_reached":55,"playtime":1242,"items_purged":["Decay","Strike_R","Strike_R"],"score":773,"play_id":"3b68dc15-a425-42c3-b10b-05920e9e10c3","local_time":"20190722054954","is_ascension_mode":false,"campfire_choices":[{"data":"1","floor":6.0,"key":"LIFT"},{"data":"2","floor":8.0,"key":"LIFT"},{"data":"3","floor":11.0,"key":"LIFT"},{"data":"Double Tap","floor":15.0,"key":"SMITH"},{"data":"Whirlwind","floor":23.0,"key":"SMITH"},{"data":"Shrug It Off","floor":32.0,"key":"SMITH"},{"floor":49.0,"key":"RECALL"},{"data":"Limit Break","floor":52.0,"key":"SMITH"}],"neow_cost":"CURSE","seed_source_timestamp":205293166469000,"circlet_count":0,"master_deck":["Strike_R","Strike_R","Defend_R","Defend_R","Defend_R","Defend_R","Bash","Twin Strike","Whirlwind+1","Shrug It Off+1","Pummel+1","Double Tap+1","Sword Boomerang+1","Rage+1","Uppercut+1","Dropkick+1","Battle Trance+1","Sword Boomerang+1","Limit Break+1","Evolve","Shrug It Off+1","Impervious","Heavy Blade+1","Pommel Strike+1"],"special_seed":0,"relics":["Burning Blood","Girya","Ornamental Fan","MawBank","Molten Egg 2","Centennial Puzzle","Sozu","Brimstone","Gambling Chip","The Courier","Mark of Pain","Mango","Red Mask","Blood Vial"],"potions_floor_usage":[],"damage_taken":[{"damage":8.0,"enemies":"Jaw Worm","floor":1.0,"turns":4.0},{"damage":1.0,"enemies":"2 Louse","floor":5.0,"turns":2.0},{"damage":16.0,"enemies":"Gremlin Nob","floor":7.0,"turns":4.0},{"damage":0.0,"enemies":"Cultist","floor":10.0,"turns":3.0},{"damage":14.0,"enemies":"Lagavulin","floor":14.0,"turns":4.0},{"damage":0.0,"enemies":"Slime Boss","floor":16.0,"turns":6.0},{"damage":0.0,"enemies":"Spheric Guardian","floor":18.0,"turns":2.0},{"damage":15.0,"enemies":"2 Thieves","floor":19.0,"turns":3.0},{"damage":2.0,"enemies":"Shelled Parasite and Fungi","floor":20.0,"turns":3.0},{"damage":17.0,"enemies":"Snake Plant","floor":21.0,"turns":3.0},{"damage":7.0,"enemies":"Cultist and Chosen","floor":25.0,"turns":2.0},{"damage":0.0,"enemies":"Centurion and Healer","floor":27.0,"turns":3.0},{"damage":11.0,"enemies":"Slavers","floor":28.0,"turns":2.0},{"damage":10.0,"enemies":"Snake Plant","floor":29.0,"turns":2.0},{"damage":0.0,"enemies":"Book of Stabbing","floor":30.0,"turns":2.0},{"damage":0.0,"enemies":"Cultist and Chosen","floor":31.0,"turns":3.0},{"damage":20.0,"enemies":"Collector","floor":33.0,"turns":3.0},{"damage":0.0,"enemies":"3 Darklings","floor":35.0,"turns":1.0},{"damage":8.0,"enemies":"3 Shapes","floor":38.0,"turns":3.0},{"damage":0.0,"enemies":"Maw","floor":39.0,"turns":3.0},{"damage":0.0,"enemies":"Spire Growth","floor":40.0,"turns":2.0},{"damage":0.0,"enemies":"Transient","floor":41.0,"turns":5.0},{"damage":0.0,"enemies":"Maw","floor":42.0,"turns":3.0},{"damage":0.0,"enemies":"Writhing Mass","floor":46.0,"turns":2.0},{"damage":0.0,"enemies":"Jaw Worm Horde","floor":47.0,"turns":1.0},{"damage":48.0,"enemies":"Donu and Deca","floor":50.0,"turns":4.0},{"damage":0,"enemies":"Shield and Spear","floor":54,"turns":3},{"damage":105,"enemies":"The Heart","floor":55,"turns":3}],"seed_played":"-6175516444333487657","potions_obtained":[{"floor":1.0,"key":"AttackPotion"},{"floor":10.0,"key":"Energy Potion"}],"is_trial":false,"path_per_floor":["M","$","?","?","M","R","E","R","T","M","R","?","$","E","R","B",null,"M","M","M","M","$","R","$","M","T","M","E","M","E","M","R","B",null,"M","$","?","M","M","M","M","M","T","$","?","M","M","$","R","B",null,"R","$","E","B"],"character_chosen":"IRONCLAD","items_purchased":["Whirlwind","Double Tap","Brimstone","Uppercut+1","Evolve","Impervious"],"campfire_rested":0,"item_purchase_floors":[2,13,22,24,36,44],"current_hp_per_floor":[78,78,66,59,64,64,54,54,54,60,60,52,52,44,44,50,80,80,71,75,64,64,64,64,63,63,69,64,60,66,72,72,58,80,80,80,80,78,80,80,80,80,94,94,94,94,94,94,94,52,94,94,94,94,0],"gold":62,"neow_bonus":"ONE_RARE_RELIC","is_prod":false,"is_daily":false,"chose_seed":false,"campfire_upgraded":4,"win_rate":0,"timestamp":1563763794,"path_taken":["M","$","?","?","M","R","E","R","T","M","R","?","$","E","R","BOSS","M","M","M","M","?","R","$","M","T","M","E","M","E","M","R","BOSS","M","$","?","?","M","M","M","?","T","$","?","M","M","$","R","BOSS","R","$","E","BOSS"],"build_version":"2019-07-17","purchased_purges":3,"victory":false,"max_hp_per_floor":[80,80,80,80,80,80,80,80,80,80,80,80,80,80,80,80,80,80,80,80,80,80,80,80,80,80,80,80,80,80,80,80,80,80,80,80,80,80,80,80,80,80,94,94,94,94,94,94,94,94,94,94,94,94,94],"card_choices":[{"not_picked":["True Grit","Dual Wield"],"picked":"Twin Strike","floor":1.0},{"not_picked":["Power Through","Thunderclap"],"picked":"Shrug It Off","floor":5.0},{"not_picked":["Juggernaut","Intimidate","Clash"],"picked":"SKIP","floor":7.0},{"not_picked":["Warcry","Power Through"],"picked":"Pummel+1","floor":10.0},{"not_picked":["Clothesline+1","Ghostly Armor","True Grit"],"picked":"SKIP","floor":14.0},{"not_picked":["Pommel Strike+1","Spot Weakness"],"picked":"Sword Boomerang+1","floor":18.0},{"not_picked":["Pommel Strike+1","Thunderclap+1"],"picked":"Rage+1","floor":19.0},{"not_picked":["Combust+1","Cleave+1","Dual Wield"],"picked":"SKIP","floor":20.0},{"not_picked":["Thunderclap+1","Juggernaut","Body Slam+1"],"picked":"SKIP","floor":21.0},{"not_picked":["Feel No Pain","Havoc","True Grit+1"],"picked":"SKIP","floor":25.0},{"not_picked":["Blood for Blood+1","Rupture+1"],"picked":"Dropkick+1","floor":27.0},{"not_picked":["Bludgeon+1","Uppercut+1","Infernal Blade"],"picked":"SKIP","floor":28.0},{"not_picked":["Dual Wield","Sentinel","Perfected Strike+1"],"picked":"SKIP","floor":29.0},{"not_picked":["Seeing Red","Rampage+1"],"picked":"Battle Trance+1","floor":30.0},{"not_picked":["Warcry","Second Wind"],"picked":"Sword Boomerang+1","floor":31.0},{"not_picked":["Berserk","Juggernaut"],"picked":"Limit Break","floor":33.0},{"not_picked":["Headbutt+1","Searing Blow+1","Armaments"],"picked":"SKIP","floor":35.0},{"not_picked":["Sword Boomerang+1","Clothesline+1","Inflame"],"picked":"SKIP","floor":38.0},{"not_picked":["Havoc+1","Twin Strike+1"],"picked":"Shrug It Off+1","floor":39.0},{"not_picked":["Sever Soul+1","Anger+1","Shrug It Off+1"],"picked":"SKIP","floor":40.0},{"not_picked":["Uppercut+1","Whirlwind+1","Rampage+1"],"picked":"SKIP","floor":41.0},{"not_picked":["True Grit","Clash+1","Burning Pact+1"],"picked":"SKIP","floor":42.0},{"not_picked":["Dual Wield+1","Fire Breathing","Intimidate+1"],"picked":"SKIP","floor":46.0},{"not_picked":["Intimidate+1","Warcry+1"],"picked":"Heavy Blade+1","floor":47.0},{"not_picked":["Bloodletting","Shrug It Off"],"picked":"Pommel Strike+1","floor":54}],"player_experience":732454,"relics_obtained":[{"floor":7.0,"key":"MawBank"},{"floor":9.0,"key":"Molten Egg 2"},{"floor":14.0,"key":"Centennial Puzzle"},{"floor":28.0,"key":"Gambling Chip"},{"floor":30.0,"key":"The Courier"},{"floor":43.0,"key":"Mango"},{"floor":54,"key":"Blood Vial"}],"event_choices":[{"damage_healed":0.0,"max_hp_gain":0.0,"max_hp_loss":0.0,"gold_gain":0.0,"event_name":"Scrap Ooze","player_choice":"Success","floor":3.0,"gold_loss":0.0,"damage_taken":12.0,"relics_obtained":["Ornamental Fan"]},{"cards_removed":["Strike_R"],"damage_healed":0.0,"max_hp_gain":0.0,"max_hp_loss":0.0,"gold_gain":0.0,"event_name":"Golden Wing","player_choice":"Card Removal","floor":4.0,"gold_loss":0.0,"damage_taken":7.0},{"damage_healed":0.0,"max_hp_gain":0.0,"max_hp_loss":0.0,"gold_gain":75.0,"event_name":"FaceTrader","player_choice":"Touch","floor":12.0,"gold_loss":0.0,"damage_taken":8.0},{"damage_healed":0.0,"max_hp_gain":0.0,"max_hp_loss":0.0,"gold_gain":0.0,"event_name":"Transmorgrifier","player_choice":"Ignored","floor":37.0,"gold_loss":0.0,"damage_taken":0.0},{"damage_healed":0.0,"max_hp_gain":0.0,"max_hp_loss":0.0,"gold_gain":0.0,"event_name":"Tomb of Lord Red Mask","player_choice":"Paid","floor":45.0,"gold_loss":45.0,"damage_taken":0.0,"relics_obtained":["Red Mask"]}],"is_beta":false,"boss_relics":[{"not_picked":["White Beast Statue","Lizard Tail"],"picked":"Sozu"},{"not_picked":["Tiny House","Black Star"],"picked":"Mark of Pain"}],"items_purged_floors":[2,36,44],"is_endless":false,"potions_floor_spawned":[1,10,18,19,20,25,29,30,38,39,47],"killed_by":"The Heart","ascension_level":0}