{"path_per_floor":["M","$","?","?","?","R","M","R","T","M","M","M","?","M","R","B",null,"M"],"character_chosen":"THE_SILENT","items_purchased":["Jack Of All Trades"],"gold_per_floor":[116,11,11,11,11,11,35,35,88,104,128,142,142,163,163,284,284,299],"floor_reached":19,"campfire_rested":0,"playtime":1832,"current_hp_per_floor":[62,62,62,62,62,62,62,62,62,62,62,62,62,65,65,52,62,22],"items_purged":[],"gold":224,"play_id":"3a5f8d95-51e6-4563-b8df-ec3eafe97c68","is_prod":false,"is_daily":false,"is_ascension_mode":true,"campfire_upgraded":3,"path_taken":["M","?","?","?","?","R","M","R","T","?","M","M","?","M","R","BOSS","M","?"],"build_version":"2018-01-26-BETA1","purchased_purges":0,"victory":false,"master_deck":["Defend_G","Defend_G","Defend_G","Defend_G","Strike_G","Strike_G","Strike_G","Strike_G","Survivor","Neutralize+1","Storm of Steel+1","Dagger Spray+1","Jack Of All Trades+1","Calculated Gamble","Underhanded Strike","Infinite Blades","Backflip","Caltrops+1"],"max_hp_per_floor":[70,70,70,70,65,65,65,65,65,65,65,65,65,65,65,65,65,65],"relics":["Ring of the Snake","Golden Idol","Tiny Chest","Sozu"],"card_choices":[{"not_picked":["Bouncing Flask","Sucker Punch"],"picked":"Dagger Spray"},{"not_picked":["PiercingWail","Sucker Punch"],"picked":"Underhanded Strike"},{"not_picked":["Dagger Throw","Dagger Spray"],"picked":"Infinite Blades"},{"not_picked":["Riddle With Holes","Bouncing Flask"],"picked":"Backflip"},{"not_picked":["Deadly Poison","Dagger Spray"],"picked":"Caltrops"}],"player_experience":74455,"potions_floor_usage":[16,16],"damage_taken":[{"damage":8,"enemies":"Blue Slaver","floor":1,"turns":7},{"damage":0,"enemies":"Jaw Worm","floor":7,"turns":4},{"damage":0,"enemies":"2 Louse","floor":10,"turns":1},{"damage":0,"enemies":"2 Fungi Beasts","floor":11,"turns":2},{"damage":0,"enemies":"Gremlin Gang","floor":12,"turns":2},{"damage":0,"enemies":"Large Slime","floor":14,"turns":5},{"damage":13,"enemies":"The Guardian","floor":16,"turns":16},{"damage":40,"enemies":"Spheric Guardian","floor":18,"turns":6},{"damage":23,"enemies":"2 Thieves","floor":19,"turns":3}],"event_choices":[{"event_name":"Accursed Blacksmith","player_choice":"Forge","floor":3,"damage_taken":0},{"event_name":"Living Wall","player_choice":"Change","floor":4,"damage_taken":0},{"event_name":"Golden Idol","player_choice":"Lose Max HP","floor":5,"damage_taken":0},{"event_name":"Bonfire Elementals","player_choice":"BASIC","floor":13,"damage_taken":0}],"boss_relics":[{"not_picked":["Question Card","The Specimen"],"picked":"Sozu"}],"potions_floor_spawned":[1,10,14],"seed_played":"-4407786867700676761","killed_by":"2 Thieves","ascension_level":5,"is_trial":false}