{"path_per_floor":["M","?","M","?","$","E","R","E","T","R","M","M","M","E","R","B",null,"M","$","M","M","M","E","$","M","T","?","R","M","?","M","R","B",null,"M","M","M","?","$","R","$","R","T","?","M","M","M","M","R","B"],"character_chosen":"IRONCLAD","items_purchased":["Thunderclap","Twin Strike","Lantern","Strawberry","Regal Pillow"],"gold_per_floor":[115,115,131,131,34,60,60,94,117,117,128,139,152,178,178,278,278,288,133,150,161,179,211,56,66,66,66,66,77,77,92,92,190,190,200,215,225,225,69,69,69,69,93,93,112,128,139,151,151,151],"floor_reached":51,"campfire_rested":3,"playtime":2281,"current_hp_per_floor":[80,80,80,80,80,72,72,72,72,72,74,74,84,70,70,36,98,81,81,91,89,63,12,19,10,10,10,46,42,42,37,74,13,125,125,113,101,101,101,101,101,101,101,101,54,30,15,21,74,37],"items_purged":[],"gold":151,"score":768,"play_id":"7ce7cb61-afc3-4597-abc7-1f999fab3eec","local_time":"20180507012819","is_prod":false,"is_daily":false,"chose_seed":false,"is_ascension_mode":false,"campfire_upgraded":5,"timestamp":1525645699,"path_taken":["M","?","M","?","$","E","R","E","T","R","?","M","M","E","R","BOSS","M","$","M","M","M","E","$","M","T","?","R","M","?","M","R","BOSS","M","M","M","?","$","R","?","R","T","?","M","M","M","M","R","BOSS"],"build_version":"2018-05-03","seed_source_timestamp":99473678681986,"purchased_purges":0,"victory":true,"master_deck":["Strike_R","Strike_R","Strike_R","Strike_R","Strike_R","Defend_R","Defend_R","Defend_R","Defend_R","Bash+1","Inflame+1","Cleave","Thunderclap","Twin Strike+1","Clothesline+1","Feed+1","Sword Boomerang+1","Evolve+1","Limit Break+1","Iron Wave","Flame Barrier+1","Iron Wave","Double Tap+1","Battle Trance+1","Inflame+1","Berserk","Seeing Red","Iron Wave+1"],"max_hp_per_floor":[80,80,80,80,80,80,80,90,90,90,94,94,98,98,98,98,98,98,98,102,106,110,114,121,121,121,121,121,125,125,125,125,125,125,125,125,125,125,125,125,125,125,125,125,129,129,129,129,129,129],"relics":["Burning Blood","Vajra","Oddly Smooth Stone","Pear","Whetstone","Lizard Tail","Lantern","Pen Nib","Strawberry","Toolbox","Mark of Pain","Regal Pillow","Juzu Bracelet","Kunai"],"card_choices":[{"not_picked":["Twin Strike","Cleave"],"picked":"Inflame","floor":1.0},{"not_picked":["Flex","Hemokinesis"],"picked":"Cleave","floor":3.0},{"not_picked":["Armaments","Thunderclap"],"picked":"Clothesline","floor":6.0},{"not_picked":["Metallicize","Iron Wave"],"picked":"Feed","floor":8.0},{"not_picked":["Spot Weakness","Cleave"],"picked":"Sword Boomerang","floor":11.0},{"not_picked":["Sword Boomerang","Havoc"],"picked":"Evolve","floor":12.0},{"not_picked":["Demon Form","Impervious"],"picked":"Limit Break","floor":16.0},{"not_picked":["Entrench","Immolate"],"picked":"Iron Wave","floor":22.0},{"not_picked":["Anger","Searing Blow"],"picked":"Flame Barrier","floor":23.0},{"not_picked":["Pommel Strike","Evolve"],"picked":"Iron Wave","floor":31.0},{"not_picked":["Limit Break","Fiend Fire"],"picked":"Double Tap","floor":33.0},{"not_picked":["Perfected Strike","Anger"],"picked":"Battle Trance","floor":35.0},{"not_picked":["Reckless Charge","Intimidate"],"picked":"Berserk","floor":45.0},{"not_picked":["Spot Weakness","Wild Strike"],"picked":"Seeing Red","floor":46.0},{"not_picked":["Entrench","Wild Strike"],"picked":"Iron Wave","floor":48}],"player_experience":136834,"potions_floor_usage":[50],"damage_taken":[{"damage":6.0,"enemies":"Jaw Worm","floor":1.0,"turns":3.0},{"damage":6.0,"enemies":"Cultist","floor":3.0,"turns":3.0},{"damage":14.0,"enemies":"Gremlin Nob","floor":6.0,"turns":3.0},{"damage":16.0,"enemies":"3 Sentries","floor":8.0,"turns":5.0},{"damage":8.0,"enemies":"2 Louse","floor":11.0,"turns":3.0},{"damage":6.0,"enemies":"Blue Slaver","floor":12.0,"turns":2.0},{"damage":0.0,"enemies":"Exordium Thugs","floor":13.0,"turns":3.0},{"damage":20.0,"enemies":"Gremlin Nob","floor":14.0,"turns":4.0},{"damage":40.0,"enemies":"Hexaghost","floor":16.0,"turns":7.0},{"damage":23.0,"enemies":"Shell Parasite","floor":18.0,"turns":5.0},{"damage":0.0,"enemies":"Spheric Guardian","floor":20.0,"turns":2.0},{"damage":12.0,"enemies":"Centurion and Healer","floor":21.0,"turns":7.0},{"damage":36.0,"enemies":"3 Cultists","floor":22.0,"turns":5.0},{"damage":61.0,"enemies":"Slavers","floor":23.0,"turns":6.0},{"damage":15.0,"enemies":"Snake Plant","floor":25.0,"turns":5.0},{"damage":14.0,"enemies":"Centurion and Healer","floor":29.0,"turns":7.0},{"damage":11.0,"enemies":"Snecko","floor":31.0,"turns":3.0},{"damage":82.0,"enemies":"Automaton","floor":33.0,"turns":9.0},{"damage":4.0,"enemies":"Orb Walker","floor":35.0,"turns":2.0},{"damage":18.0,"enemies":"3 Shapes","floor":36.0,"turns":5.0},{"damage":18.0,"enemies":"Spire Growth","floor":37.0,"turns":5.0},{"damage":57.0,"enemies":"Sphere and 2 Shapes","floor":45.0,"turns":5.0},{"damage":30.0,"enemies":"3 Darklings","floor":46.0,"turns":5.0},{"damage":21,"enemies":"Spire Growth","floor":47,"turns":4},{"damage":0,"enemies":"Flame Bruiser 2 Orb","floor":48,"turns":3},{"damage":112,"enemies":"Awakened One","floor":50,"turns":9}],"event_choices":[{"event_name":"Living Wall","player_choice":"Grow","floor":2.0,"damage_taken":0.0},{"event_name":"The Cleric","player_choice":"Leave","floor":4.0,"damage_taken":0.0},{"event_name":"Upgrade Shrine","player_choice":"Upgraded","floor":27.0,"damage_taken":0.0},{"event_name":"Ghosts","player_choice":"Ignored","floor":30.0,"damage_taken":0.0},{"event_name":"Duplicator","player_choice":"One dupe","floor":38.0,"damage_taken":0.0},{"event_name":"Wheel of Change","player_choice":"Relic","floor":44.0,"damage_taken":0.0}],"boss_relics":[],"potions_floor_spawned":[3,11,14,16,18,25,29,47,48],"seed_played":"-7956883174683287897","ascension_level":0,"is_trial":false}