{"gold_per_floor":[117,128,56,73,23,49,49,49,73,73,73,92,107,107,107,205,205,220,220,75,75,29,29,40,40,40,40,40,40,40,50,50,151,151,163,263,60,60,78,78,94,113,159,111,123,123,154,172,172,172],"floor_reached":51,"playtime":3096,"items_purged":["Defend_R"],"score":1025,"play_id":"8efb5ff3-e490-486b-bf88-c9caf73ff320","local_time":"20181110010038","is_ascension_mode":true,"campfire_choices":[{"data":"Barricade","floor":7,"key":"SMITH"},{"floor":10,"key":"REST"},{"data":"Body Slam","floor":15,"key":"SMITH"},{"data":"Armaments","floor":23,"key":"SMITH"},{"data":"Rampage","floor":25,"key":"SMITH"},{"data":"True Grit","floor":28,"key":"SMITH"},{"data":"Flame Barrier","floor":30,"key":"SMITH"},{"floor":32,"key":"REST"},{"data":"Battle Trance","floor":40,"key":"SMITH"},{"data":"Iron Wave","floor":46,"key":"SMITH"},{"floor":49,"key":"REST"}],"neow_cost":"NONE","seed_source_timestamp":40270692441451,"circlet_count":0,"master_deck":["Strike_R","Strike_R","Defend_R","Defend_R","Armaments+1","Flame Barrier+1","Body Slam+1","Barricade+1","True Grit+1","Cleave","Intimidate+1","Whirlwind+1","Shrug It Off+1","Rampage+1","Pommel Strike+1","Iron Wave+1","Battle Trance+1","Headbutt+1","Ghostly Armor"],"relics":["Burning Blood","Anchor","Lantern","Sundial","Astrolabe","Vajra","Incense Burner","Empty Cage","FossilizedHelix","Omamori","Bag of Preparation"],"potions_floor_usage":[12,18,33,35,36,41,45,50,50,50],"damage_taken":[{"damage":3,"enemies":"2 Louse","floor":1,"turns":4},{"damage":11,"enemies":"Jaw Worm","floor":2,"turns":5},{"damage":10,"enemies":"Small Slimes","floor":4,"turns":5},{"damage":49,"enemies":"Lagavulin","floor":6,"turns":7},{"damage":3,"enemies":"Exordium Thugs","floor":12,"turns":10},{"damage":0,"enemies":"3 Louse","floor":13,"turns":5},{"damage":6,"enemies":"Hexaghost","floor":16,"turns":9},{"damage":36,"enemies":"Shell Parasite","floor":18,"turns":8},{"damage":0,"enemies":"3 Byrds","floor":24,"turns":4},{"damage":13,"enemies":"Snake Plant","floor":31,"turns":4},{"damage":7,"enemies":"Champ","floor":33,"turns":14},{"damage":19,"enemies":"3 Darklings","floor":35,"turns":4},{"damage":0,"enemies":"Mind Bloom Boss Battle","floor":36,"turns":6},{"damage":0,"enemies":"3 Shapes","floor":39,"turns":3},{"damage":17,"enemies":"Sphere and 2 Shapes","floor":41,"turns":6},{"damage":0,"enemies":"Spire Growth","floor":42,"turns":5},{"damage":0,"enemies":"Jaw Worm Horde","floor":45,"turns":5},{"damage":20,"enemies":"Nemesis","floor":47,"turns":9},{"damage":20,"enemies":"Sphere and 2 Shapes","floor":48,"turns":8},{"damage":58,"enemies":"Donu and Deca","floor":50,"turns":14}],"seed_played":"-2680865979775250972","potions_obtained":[{"floor":1,"key":"GamblersBrew"},{"floor":13,"key":"Block Potion"},{"floor":16,"key":"Explosive Potion"},{"floor":31,"key":"Block Potion"},{"floor":33,"key":"Regen Potion"},{"floor":35,"key":"SpeedPotion"},{"floor":36,"key":"SkillPotion"},{"floor":48,"key":"Explosive Potion"}],"is_trial":false,"path_per_floor":["M","M","$","M","?","E","R","?","T","R","?","M","M","?","R","B",null,"M","?","$","?","$","R","M","R","T","?","R","$","R","M","R","B",null,"M","?","$","?","M","R","M","M","T","$","M","R","E","M","R","B",null],"character_chosen":"IRONCLAD","items_purchased":["Offering","Vajra","Shrug It Off","Battle Trance","Poison Potion","Dexterity Potion"],"campfire_rested":3,"item_purchase_floors":[3,20,22,37,37,44],"current_hp_per_floor":[83,78,78,74,74,31,31,24,24,50,32,35,41,41,41,41,76,46,46,46,46,46,46,52,52,52,52,52,52,52,45,71,70,84,71,88,88,88,88,88,77,83,83,83,88,88,74,60,86,34],"gold":172,"neow_bonus":"TEN_PERCENT_HP_BONUS","is_prod":false,"is_daily":false,"chose_seed":false,"campfire_upgraded":8,"win_rate":0,"timestamp":1541808038,"path_taken":["M","M","$","M","?","E","R","?","T","R","?","?","M","?","R","BOSS","M","?","?","?","$","R","?","R","T","?","R","?","R","M","R","BOSS","M","?","$","?","M","R","?","M","T","?","M","R","E","M","R","BOSS"],"build_version":"2018-11-08","purchased_purges":1,"victory":true,"max_hp_per_floor":[88,88,88,88,88,88,88,88,88,88,88,88,88,88,88,88,88,88,88,88,88,88,88,88,88,88,88,88,88,88,88,88,88,88,88,88,88,88,88,88,88,88,88,88,88,88,88,88,88,88],"card_choices":[{"not_picked":["Shockwave","Havoc"],"picked":"Armaments","floor":1},{"not_picked":["Iron Wave","Sword Boomerang"],"picked":"Flame Barrier","floor":2},{"not_picked":["Clash","Clothesline"],"picked":"Body Slam","floor":4},{"not_picked":["Spot Weakness","Evolve"],"picked":"Barricade","floor":6},{"not_picked":["Perfected Strike","Thunderclap"],"picked":"True Grit","floor":12},{"not_picked":["Dual Wield","Twin Strike"],"picked":"Cleave","floor":13},{"not_picked":["Demon Form","Brutality"],"picked":"Immolate","floor":16},{"not_picked":["Twin Strike","Combust"],"picked":"Whirlwind+1","floor":18},{"not_picked":["Heavy Blade","Shockwave+1"],"picked":"Rampage","floor":24},{"not_picked":["Bloodletting+1","Flex","Second Wind+1"],"picked":"SKIP","floor":31},{"not_picked":["Shrug It Off+1","Flame Barrier"],"picked":"Pommel Strike+1","floor":35},{"not_picked":["Dual Wield","Flame Barrier+1"],"picked":"Iron Wave","floor":36},{"not_picked":["True Grit","Heavy Blade","Pommel Strike"],"picked":"SKIP","floor":39},{"not_picked":["Pommel Strike+1","Warcry","Perfected Strike+1"],"picked":"SKIP","floor":41},{"not_picked":["Thunderclap+1","True Grit+1"],"picked":"Headbutt+1","floor":42},{"not_picked":["Carnage","Twin Strike+1","Pommel Strike+1"],"picked":"SKIP","floor":45},{"not_picked":["Clash+1","Cleave+1","Wild Strike"],"picked":"SKIP","floor":47},{"not_picked":["Pommel Strike+1","Headbutt"],"picked":"Ghostly Armor","floor":48}],"player_experience":636565,"relics_obtained":[{"floor":6,"key":"Anchor"},{"floor":9,"key":"Lantern"},{"floor":26,"key":"Incense Burner"},{"floor":36,"key":"FossilizedHelix"},{"floor":43,"key":"Omamori"},{"floor":47,"key":"Bag of Preparation"}],"event_choices":[{"cards_removed":["Strike_R"],"damage_healed":0,"gold_gain":0,"player_choice":"Card Removal","damage_taken":0,"max_hp_gain":0,"max_hp_loss":0,"event_name":"The Cleric","floor":5,"gold_loss":50},{"cards_removed":["Strike_R"],"damage_healed":0,"gold_gain":0,"player_choice":"Card Removal","damage_taken":7,"max_hp_gain":0,"max_hp_loss":0,"event_name":"Golden Wing","floor":8,"gold_loss":0},{"damage_healed":0,"gold_gain":0,"player_choice":"Success","damage_taken":18,"relics_obtained":["Sundial"],"max_hp_gain":0,"max_hp_loss":0,"event_name":"Scrap Ooze","floor":11,"gold_loss":0},{"cards_removed":["Defend_R"],"damage_healed":0,"gold_gain":0,"player_choice":"Purged","damage_taken":0,"max_hp_gain":0,"max_hp_loss":0,"event_name":"Purifier","floor":14,"gold_loss":0},{"cards_removed":["Immolate"],"damage_healed":0,"gold_gain":0,"player_choice":"Purged","damage_taken":0,"max_hp_gain":0,"max_hp_loss":0,"event_name":"Purifier","floor":19,"gold_loss":0},{"damage_healed":0,"gold_gain":0,"player_choice":"Ignored","damage_taken":0,"max_hp_gain":0,"max_hp_loss":0,"event_name":"Ghosts","floor":21,"gold_loss":0},{"damage_healed":0,"gold_gain":0,"player_choice":"Ignored","damage_taken":0,"max_hp_gain":0,"max_hp_loss":0,"event_name":"Beggar","floor":27,"gold_loss":0},{"damage_healed":0,"gold_gain":0,"player_choice":"Fight","damage_taken":0,"max_hp_gain":0,"max_hp_loss":0,"event_name":"MindBloom","floor":36,"gold_loss":0},{"damage_healed":0,"gold_gain":0,"player_choice":"Upgraded","damage_taken":0,"max_hp_gain":0,"max_hp_loss":0,"event_name":"Upgrade Shrine","floor":38,"gold_loss":0,"cards_upgraded":["Shrug It Off"]}],"is_beta":true,"boss_relics":[{"not_picked":["Black Star","Runic Dome"],"picked":"Astrolabe"},{"not_picked":["Lizard Tail","Calling Bell"],"picked":"Empty Cage"}],"items_purged_floors":[37],"is_endless":false,"potions_floor_spawned":[1,13,16,31,33,35,36,48],"ascension_level":6}