{"gold_per_floor":[113,113,67,67,92,127,140,140,193,229,257,269,302,314,326,467,479,506,518,157,176,31,54,54,72,72,72,72,88,213,236,236,236],"floor_reached":33,"playtime":1039,"items_purged":[],"score":249,"play_id":"a76b9805-17dc-4552-ba44-b68c1437134b","local_time":"20181021134215","is_ascension_mode":false,"campfire_choices":[{"data":"Armaments","floor":8.0,"key":"SMITH"},{"floor":15.0,"key":"REST"},{"data":"Perfected Strike","floor":24,"key":"SMITH"},{"data":"Berserk","floor":28,"key":"SMITH"},{"floor":32,"key":"REST"}],"neow_cost":"PERCENT_DAMAGE","seed_source_timestamp":36656418586545,"circlet_count":0,"master_deck":["Strike_R+1","Strike_R+1","Strike_R+1","Strike_R+1","Strike_R+1","Defend_R+1","Defend_R+1","Defend_R+1","Defend_R+1","Bash","Berserk+1","Armaments+1","Cleave","Reaper","Feed","Shrug It Off","Perfected Strike+1","Battle Trance","Spot Weakness+1"],"special_seed":0,"relics":["Burning Blood","Golden Idol","Oddly Smooth Stone","MawBank","Orrery","MutagenicStrength","Incense Burner","Vajra","Pear","Ginger","Frozen Egg 2"],"potions_floor_usage":[16,30,33,33],"damage_taken":[{"damage":3.0,"enemies":"Cultist","floor":1.0,"turns":4.0},{"damage":0.0,"enemies":"Small Slimes","floor":5.0,"turns":3.0},{"damage":41.0,"enemies":"Gremlin Nob","floor":6.0,"turns":5.0},{"damage":3.0,"enemies":"2 Louse","floor":7.0,"turns":3.0},{"damage":5.0,"enemies":"Large Slime","floor":10.0,"turns":6.0},{"damage":3.0,"enemies":"2 Fungi Beasts","floor":11.0,"turns":3.0},{"damage":12.0,"enemies":"Blue Slaver","floor":13.0,"turns":5.0},{"damage":15,"enemies":"Slime Boss","floor":16,"turns":7},{"damage":35,"enemies":"Shell Parasite","floor":18,"turns":8},{"damage":24,"enemies":"Chosen","floor":21,"turns":5},{"damage":20,"enemies":"Snecko","floor":23,"turns":5},{"damage":24,"enemies":"Cultist and Chosen","floor":25,"turns":5},{"damage":21,"enemies":"3 Cultists","floor":29,"turns":6},{"damage":6,"enemies":"Colosseum Slavers","floor":30,"turns":5},{"damage":36,"enemies":"Colosseum Nobs","floor":30,"turns":6},{"damage":9,"enemies":"Centurion and Healer","floor":31,"turns":4},{"damage":105,"enemies":"Collector","floor":33,"turns":7}],"seed_played":"-6376396637889402850","potions_obtained":[{"floor":7.0,"key":"GamblersBrew"},{"floor":11.0,"key":"AttackPotion"},{"floor":13.0,"key":"Swift Potion"},{"floor":16,"key":"EntropicBrew"},{"floor":18,"key":"Regen Potion"},{"floor":29,"key":"Energy Potion"}],"is_trial":false,"path_per_floor":["M","?","$","?","M","E","M","R","T","M","M","$","M","?","R","B",null,"M","?","$","M","$","M","R","M","T","?","R","M","?","M","R"],"character_chosen":"IRONCLAD","items_purchased":["Cleave","Incense Burner","Battle Trance","Vajra"],"campfire_rested":2,"item_purchase_floors":[3,20,20,22],"current_hp_per_floor":[59,59,59,59,65,30,33,33,33,34,37,37,31,31,53,56,74,45,45,45,34,34,27,27,19,29,29,29,35,34,31,58,0],"gold":236,"neow_bonus":"THREE_RARE_CARDS","is_prod":false,"is_daily":false,"chose_seed":false,"campfire_upgraded":3,"win_rate":0,"timestamp":1540118535,"path_taken":["M","?","$","?","?","E","M","R","T","M","M","$","M","?","R","BOSS","M","?","$","?","$","M","R","M","T","?","R","M","?","M","R","BOSS"],"build_version":"2018-10-18","purchased_purges":0,"victory":false,"max_hp_per_floor":[80,74,74,74,74,74,74,74,74,74,74,74,74,74,74,74,74,74,74,74,77,77,77,77,80,90,90,90,93,93,93,93,93],"card_choices":[{"not_picked":["Offering","Brutality"],"picked":"Berserk","floor":0.0},{"not_picked":["Cleave","Perfected Strike"],"picked":"Armaments","floor":1.0},{"not_picked":["Iron Wave","Heavy Blade","Wild Strike"],"picked":"SKIP","floor":5.0},{"not_picked":["Sentinel","Bloodletting","Combust"],"picked":"SKIP","floor":6.0},{"not_picked":["Sword Boomerang","Hemokinesis","Sentinel"],"picked":"SKIP","floor":7.0},{"not_picked":["Twin Strike","Sword Boomerang","Heavy Blade"],"picked":"SKIP","floor":10.0},{"not_picked":["Warcry","Feel No Pain","Clothesline"],"picked":"SKIP","floor":11.0},{"not_picked":["Uppercut","Headbutt"],"picked":"Reaper","floor":13.0},{"not_picked":["Fiend Fire","Reaper"],"picked":"Feed","floor":16},{"not_picked":["Metallicize","Havoc"],"picked":"Shrug It Off","floor":17},{"not_picked":["Power Through","Sword Boomerang"],"picked":"Perfected Strike","floor":17},{"not_picked":["Offering","Sword Boomerang","Armaments"],"picked":"SKIP","floor":18},{"not_picked":["True Grit+1","Clash","Clothesline"],"picked":"SKIP","floor":21},{"not_picked":["Body Slam+1","Pommel Strike","Warcry"],"picked":"SKIP","floor":23},{"not_picked":["Havoc","Wild Strike+1"],"picked":"Spot Weakness+1","floor":25},{"not_picked":["Warcry","Rupture+1","Perfected Strike"],"picked":"SKIP","floor":29},{"not_picked":["Wild Strike+1","Second Wind+1","Juggernaut+1"],"picked":"SKIP","floor":31}],"player_experience":416470,"relics_obtained":[{"floor":6.0,"key":"Oddly Smooth Stone"},{"floor":9.0,"key":"MawBank"},{"floor":26,"key":"Pear"},{"floor":30,"key":"Ginger"},{"floor":30,"key":"Frozen Egg 2"}],"event_choices":[{"damage_healed":0.0,"max_hp_gain":0.0,"max_hp_loss":6.0,"gold_gain":0.0,"event_name":"Golden Idol","player_choice":"Lose Max HP","floor":2.0,"gold_loss":0.0,"damage_taken":0.0,"relics_obtained":["Golden Idol"]},{"damage_healed":0.0,"max_hp_gain":0.0,"max_hp_loss":0.0,"gold_gain":0.0,"event_name":"Golden Wing","player_choice":"Ignored","floor":4.0,"gold_loss":0.0,"damage_taken":0.0},{"damage_healed":0.0,"max_hp_gain":0.0,"max_hp_loss":0.0,"gold_gain":0.0,"event_name":"Liars Game","player_choice":"Ignored","floor":14.0,"gold_loss":0.0,"damage_taken":0.0},{"damage_healed":0,"gold_gain":0,"player_choice":"Inject Mutagens","damage_taken":0,"relics_obtained":["MutagenicStrength"],"max_hp_gain":0,"max_hp_loss":0,"event_name":"Drug Dealer","floor":19,"gold_loss":0},{"damage_healed":0,"gold_gain":0,"player_choice":"Simplicity","damage_taken":0,"max_hp_gain":0,"max_hp_loss":0,"event_name":"Back to Basics","floor":27,"gold_loss":0,"cards_upgraded":["Strike_R","Strike_R","Strike_R","Strike_R","Strike_R","Defend_R","Defend_R","Defend_R","Defend_R"]},{"damage_healed":0,"gold_gain":0,"player_choice":"Fight","damage_taken":0,"max_hp_gain":0,"max_hp_loss":0,"event_name":"Colosseum","floor":30,"gold_loss":0},{"damage_healed":0,"gold_gain":0,"player_choice":"Fought Nobs","damage_taken":0,"max_hp_gain":0,"max_hp_loss":0,"event_name":"Colosseum","floor":30,"gold_loss":0}],"is_beta":false,"boss_relics":[{"not_picked":["Ectoplasm","Astrolabe"],"picked":"Orrery"}],"items_purged_floors":[],"is_endless":false,"potions_floor_spawned":[7,11,13,16,18,21,29,30],"killed_by":"Collector","ascension_level":0}