{"gold_per_floor":[113,132,86,102,120,146,163,190,190,207,207,226,69,86,86,185,185,185,185,125,55,55,55],"floor_reached":23,"playtime":709,"items_purged":[],"score":205,"play_id":"a24051c4-d236-4d41-8ed5-12a27537fcaf","local_time":"20190615175021","is_ascension_mode":false,"campfire_choices":[{"data":"Inflame","floor":15,"key":"SMITH"}],"neow_cost":"NONE","seed_source_timestamp":154313291188300,"circlet_count":0,"master_deck":["Strike_R","Strike_R","Strike_R","Strike_R","Strike_R","Defend_R","Defend_R","Defend_R","Defend_R","Bash","Thunderclap","Sword Boomerang+1","Ghostly Armor","Inflame+1","Double Tap","Shrug It Off+1","Battle Trance"],"special_seed":0,"relics":["Burning Blood","Boot","Omamori","Du-Vu Doll","Molten Egg 2","Oddly Smooth Stone","Ectoplasm"],"potions_floor_usage":[7,16,22,22,23],"damage_taken":[{"damage":4.0,"enemies":"2 Louse","floor":1.0,"turns":4.0},{"damage":1.0,"enemies":"Cultist","floor":2.0,"turns":3.0},{"damage":5.0,"enemies":"Small Slimes","floor":4.0,"turns":3.0},{"damage":2.0,"enemies":"2 Fungi Beasts","floor":5.0,"turns":3.0},{"damage":27.0,"enemies":"3 Sentries","floor":6.0,"turns":8.0},{"damage":5,"enemies":"Gremlin Gang","floor":7,"turns":3},{"damage":34,"enemies":"Gremlin Nob","floor":8,"turns":5},{"damage":11,"enemies":"Exordium Wildlife","floor":10,"turns":5},{"damage":7,"enemies":"Blue Slaver","floor":12,"turns":3},{"damage":9,"enemies":"Exordium Thugs","floor":14,"turns":4},{"damage":29,"enemies":"Slime Boss","floor":16,"turns":11},{"damage":18,"enemies":"Shell Parasite","floor":18,"turns":4},{"damage":22,"enemies":"2 Thieves","floor":20,"turns":4},{"damage":18,"enemies":"Colosseum Slavers","floor":22,"turns":4},{"damage":45,"enemies":"Gremlin Leader","floor":23,"turns":6}],"seed_played":"2657058856181863643","potions_obtained":[{"floor":2.0,"key":"Block Potion"},{"floor":4.0,"key":"Swift Potion"},{"floor":6.0,"key":"SteroidPotion"},{"floor":12,"key":"Regen Potion"},{"floor":16,"key":"SpeedPotion"},{"floor":18,"key":"Weak Potion"},{"floor":20,"key":"Fire Potion"}],"is_trial":false,"path_per_floor":["M","M","$","M","M","E","M","E","T","M","?","M","$","M","R","B",null,"M","?","M","$","?","E"],"character_chosen":"IRONCLAD","items_purchased":["Sword Boomerang","Oddly Smooth Stone","Battle Trance"],"campfire_rested":0,"item_purchase_floors":[3,13,21],"current_hp_per_floor":[80,80,80,80,80,59,60,32,32,27,27,26,26,23,23,15,80,68,68,52,52,40,0],"gold":55,"neow_bonus":"RANDOM_COMMON_RELIC","is_prod":false,"is_daily":false,"chose_seed":false,"campfire_upgraded":1,"win_rate":0,"timestamp":1560610221,"path_taken":["M","M","$","M","M","E","M","E","T","M","?","?","$","M","R","BOSS","M","?","M","$","?","E"],"build_version":"2019-01-23","purchased_purges":0,"victory":false,"max_hp_per_floor":[80,80,80,80,80,80,80,80,80,80,80,80,80,80,80,80,80,80,80,80,80,80,80],"card_choices":[{"not_picked":["True Grit","Dual Wield"],"picked":"Thunderclap","floor":1.0},{"not_picked":["Thunderclap","Power Through","Heavy Blade"],"picked":"SKIP","floor":2.0},{"not_picked":["Bloodletting","Sword Boomerang","Clash"],"picked":"SKIP","floor":4.0},{"not_picked":["Body Slam","Dual Wield","Clash"],"picked":"SKIP","floor":5.0},{"not_picked":["Rupture","Headbutt","Twin Strike"],"picked":"SKIP","floor":6.0},{"not_picked":["Hemokinesis","Impervious","Pommel Strike"],"picked":"SKIP","floor":7},{"not_picked":["Warcry","Shockwave","Disarm"],"picked":"SKIP","floor":8},{"not_picked":["Heavy Blade+1","Pommel Strike+1"],"picked":"Ghostly Armor","floor":10},{"not_picked":["Sword Boomerang+1","True Grit"],"picked":"Inflame","floor":12},{"not_picked":["Wild Strike+1","Rampage+1","Flex"],"picked":"SKIP","floor":14},{"not_picked":["Impervious","Fiend Fire+1"],"picked":"Double Tap","floor":16},{"not_picked":["Power Through","Cleave+1","Heavy Blade+1"],"picked":"SKIP","floor":18},{"not_picked":["Uppercut+1","Heavy Blade+1"],"picked":"Shrug It Off+1","floor":20}],"player_experience":613334,"relics_obtained":[{"floor":6.0,"key":"Omamori"},{"floor":8,"key":"Du-Vu Doll"},{"floor":9,"key":"Molten Egg 2"}],"event_choices":[{"damage_healed":0,"gold_gain":0,"player_choice":"Forge","damage_taken":0,"max_hp_gain":0,"max_hp_loss":0,"event_name":"Accursed Blacksmith","floor":11,"gold_loss":0,"cards_upgraded":["Sword Boomerang"]},{"damage_healed":0,"gold_gain":0,"player_choice":"Ignored","damage_taken":0,"max_hp_gain":0,"max_hp_loss":0,"event_name":"Vampires","floor":19,"gold_loss":0},{"damage_healed":0,"gold_gain":0,"player_choice":"Fight","damage_taken":0,"max_hp_gain":0,"max_hp_loss":0,"event_name":"Colosseum","floor":22,"gold_loss":0},{"damage_healed":0,"gold_gain":0,"player_choice":"Fled From Nobs","damage_taken":0,"max_hp_gain":0,"max_hp_loss":0,"event_name":"Colosseum","floor":22,"gold_loss":0}],"is_beta":false,"boss_relics":[{"not_picked":["Pandora\u0027s Box","Snecko Eye"],"picked":"Ectoplasm"}],"items_purged_floors":[],"is_endless":false,"potions_floor_spawned":[2,4,6,12,16,18,20,22],"killed_by":"Gremlin Leader","ascension_level":0}