{"path_per_floor":["M","?","M","?","?","E","R","$","T","E","$","R","M","M","R","B",null,"M","M","?","$","M","E","M","?","T","E","R","?","R","E","R","B",null,"M","M","$","M","?","R","M","?","T","$","R","M","$","M","R","B"],"character_chosen":"THE_SILENT","items_purchased":["Deflect","Flash of Steel","Dagger Spray","Secret Weapon","Footwork","Mind Blast","Panache","Escape Plan+1","Shuriken","Bandage Up+1"],"gold_per_floor":[119,119,131,306,306,344,344,295,295,326,153,153,169,183,183,308,308,328,351,351,88,111,142,165,264,291,331,331,331,331,367,367,487,487,502,527,341,360,360,360,376,709,709,92,92,105,7,27,27,27],"floor_reached":51,"campfire_rested":2,"playtime":4395,"item_purchase_floors":[8,11,21,21,37,37,44,44,44,47],"current_hp_per_floor":[70,70,70,70,53,45,45,45,45,36,36,36,36,36,36,27,70,38,37,37,37,34,2,2,2,2,2,23,23,44,44,44,44,70,70,70,70,60,60,60,54,54,54,54,54,54,54,60,60,8],"items_purged":["Doubt","Caltrops"],"gold":27,"score":813,"play_id":"a8e94b3e-44be-44ed-881c-7fc6200c7214","local_time":"20180624124140","daily_mods":["Draft","Elite Swarm","Lethality"],"is_prod":false,"is_daily":false,"chose_seed":true,"is_ascension_mode":false,"campfire_upgraded":7,"win_rate":0,"timestamp":1529836900,"campfire_choices":[{"data":"Bouncing Flask","floor":7,"key":"SMITH"},{"data":"Envenom","floor":12,"key":"SMITH"},{"data":"Blur","floor":15,"key":"SMITH"},{"floor":28,"key":"REST"},{"floor":30,"key":"REST"},{"data":"Bullet Time","floor":32,"key":"SMITH"},{"data":"A Thousand Cuts","floor":40,"key":"SMITH"},{"data":"Panache","floor":45,"key":"SMITH"},{"data":"Noxious Fumes","floor":49,"key":"SMITH"}],"path_taken":["M","?","M","?","?","E","R","?","T","E","$","R","M","?","R","BOSS","M","M","?","$","M","E","M","?","T","E","R","?","R","E","R","BOSS","M","M","$","M","?","R","M","?","T","$","R","?","?","M","R","BOSS"],"build_version":"2018-06-21","seed_source_timestamp":18960543184016,"purchased_purges":2,"circlet_count":0,"victory":true,"master_deck":["Catalyst","Dagger Spray","Escape Plan","Backflip","Flying Knee","Bouncing Flask+1","All Out Attack","Blur+1","Blur","Leg Sweep","Deflect","Catalyst","Sucker Punch","Backflip","After Image","Deflect","Envenom+1","Flash of Steel","Bane","A Thousand Cuts+1","Deflect","Dodge and Roll+1","Dagger Spray","Secret Weapon","Blur+1","Adrenaline","Skewer+1","Adrenaline","Bullet Time+1","Adrenaline","Concentrate+1","Footwork","Mind Blast","Endless Agony+1","Panache+1","Escape Plan+1","Bandage Up+1","Noxious Fumes+1"],"max_hp_per_floor":[70,70,70,70,70,70,70,70,70,70,70,70,70,70,70,70,70,70,70,70,70,70,70,70,70,70,70,70,70,70,70,70,70,70,70,70,70,70,70,70,70,70,70,70,70,70,70,70,70,70],"special_seed":29952015251857,"relics":["Ring of the Snake","Unceasing Top","Bottled Tornado","Blue Candle","Sozu","Ninja Scroll","Anchor","Omamori","Potion Belt","Runic Pyramid","Toxic Egg 2","Shuriken"],"card_choices":[{"not_picked":["Outmaneuver","Flying Knee"],"picked":"Catalyst","floor":0},{"not_picked":["Concentrate","PiercingWail"],"picked":"Dagger Spray","floor":0},{"not_picked":["Poisoned Stab","Underhanded Strike"],"picked":"Escape Plan","floor":0},{"not_picked":["Setup","Bane"],"picked":"Backflip","floor":0},{"not_picked":["Acrobatics","Infinite Blades"],"picked":"Caltrops","floor":0},{"not_picked":["Dodge and Roll","Riddle With Holes"],"picked":"Flying Knee","floor":0},{"not_picked":["Poisoned Stab","Heel Hook"],"picked":"Bouncing Flask","floor":0},{"not_picked":["Flying Knee","Dodge and Roll"],"picked":"All Out Attack","floor":0},{"not_picked":["Crippling Poison","Dagger Throw"],"picked":"Blur","floor":0},{"not_picked":["Dodge and Roll","Riddle With Holes"],"picked":"Blur","floor":0},{"not_picked":["Deadly Poison","Dagger Throw"],"picked":"Leg Sweep","floor":0},{"not_picked":["PiercingWail","Dodge and Roll"],"picked":"Deflect","floor":0},{"not_picked":["Flying Knee","Escape Plan"],"picked":"Sucker Punch","floor":0},{"not_picked":["PiercingWail","Underhanded Strike"],"picked":"Catalyst","floor":0},{"not_picked":["Outmaneuver","Choke"],"picked":"Sucker Punch","floor":0},{"not_picked":["Quick Slash","Dagger Spray"],"picked":"Backflip","floor":1},{"not_picked":["Quick Slash","Bane","Distraction"],"picked":"SKIP","floor":3},{"not_picked":["Doppelganger","Venomology"],"picked":"After Image","floor":6},{"not_picked":["Storm of Steel","Doppelganger"],"picked":"Envenom","floor":10},{"not_picked":["Expertise","Skewer"],"picked":"Bane","floor":13},{"not_picked":["Quick Slash","Backflip","Eviscerate"],"picked":"SKIP","floor":14},{"not_picked":["Storm of Steel","Die Die Die"],"picked":"A Thousand Cuts","floor":16},{"not_picked":["Distraction","Bane+1"],"picked":"Deflect","floor":18},{"not_picked":["Flechettes","Concentrate"],"picked":"Dodge and Roll+1","floor":19},{"not_picked":["Dagger Throw","Outmaneuver"],"picked":"Blur+1","floor":22},{"not_picked":["Unload","Phantasmal Killer"],"picked":"Adrenaline","floor":23},{"not_picked":["Underhanded Strike+1","Deadly Poison+1"],"picked":"Skewer+1","floor":24},{"not_picked":["Tactician","Corpse Explosion","Doppelganger"],"picked":"SKIP","floor":27},{"not_picked":["Corpse Explosion","Doppelganger"],"picked":"Bullet Time","floor":31},{"not_picked":["Unload","Wraith Form v2"],"picked":"Adrenaline","floor":33},{"not_picked":["PiercingWail+1","Dagger Spray"],"picked":"Concentrate+1","floor":35},{"not_picked":["Prepared","Flying Knee","Underhanded Strike"],"picked":"SKIP","floor":36},{"not_picked":["Choke","Masterful Stab"],"picked":"Endless Agony+1","floor":38},{"not_picked":["Endless Agony","Choke+1","Blur"],"picked":"SKIP","floor":41},{"not_picked":["Outmaneuver+1","Dagger Spray+1","Expertise+1"],"picked":"SKIP","floor":46},{"not_picked":["Escape Plan+1","Leg Sweep+1"],"picked":"Noxious Fumes","floor":48}],"player_experience":465663,"potions_floor_usage":[22,27],"damage_taken":[{"damage":0,"enemies":"Jaw Worm","floor":1,"turns":3},{"damage":0,"enemies":"Cultist","floor":3,"turns":2},{"damage":8,"enemies":"Lagavulin","floor":6,"turns":5},{"damage":9,"enemies":"Gremlin Nob","floor":10,"turns":4},{"damage":0,"enemies":"Small Slimes","floor":13,"turns":3},{"damage":0,"enemies":"Exordium Wildlife","floor":14,"turns":3},{"damage":9,"enemies":"The Guardian","floor":16,"turns":6},{"damage":32,"enemies":"3 Byrds","floor":18,"turns":3},{"damage":1,"enemies":"Chosen","floor":19,"turns":6},{"damage":3,"enemies":"Centurion and Healer","floor":22,"turns":4},{"damage":32,"enemies":"Slavers","floor":23,"turns":5},{"damage":0,"enemies":"3 Cultists","floor":24,"turns":3},{"damage":0,"enemies":"Book of Stabbing","floor":27,"turns":4},{"damage":0,"enemies":"Gremlin Leader","floor":31,"turns":6},{"damage":0,"enemies":"Champ","floor":33,"turns":8},{"damage":0,"enemies":"3 Shapes","floor":35,"turns":2},{"damage":0,"enemies":"Flame Bruiser 1 Orb","floor":36,"turns":3},{"damage":10,"enemies":"Spire Growth","floor":38,"turns":4},{"damage":6,"enemies":"Flame Bruiser 2 Orb","floor":41,"turns":4},{"damage":0,"enemies":"Maw","floor":46,"turns":4},{"damage":0,"enemies":"Transient","floor":48,"turns":5},{"damage":58,"enemies":"Awakened One","floor":50,"turns":9}],"relics_obtained":[{"floor":6,"key":"Unceasing Top"},{"floor":9,"key":"Bottled Tornado"},{"floor":10,"key":"Blue Candle"},{"floor":23,"key":"Ninja Scroll"},{"floor":26,"key":"Anchor"},{"floor":27,"key":"Omamori"},{"floor":31,"key":"Potion Belt"},{"floor":43,"key":"Toxic Egg 2"}],"event_choices":[{"event_name":"Wheel of Change","player_choice":"Full Heal","floor":2,"damage_taken":0},{"event_name":"Liars Game","player_choice":"agreed","floor":4,"damage_taken":0},{"event_name":"Golden Idol","player_choice":"Take Damage","floor":5,"damage_taken":0},{"event_name":"Back to Basics","player_choice":"Simplicity","floor":20,"damage_taken":0},{"event_name":"Nest","player_choice":"Stole From Cult","floor":25,"damage_taken":0},{"event_name":"Duplicator","player_choice":"One dupe","floor":29,"damage_taken":0},{"event_name":"Falling","player_choice":"Removed Attack","floor":39,"damage_taken":0},{"event_name":"The Moai Head","player_choice":"Gave Idol","floor":42,"damage_taken":0}],"boss_relics":[{"not_picked":["Black Star","Lizard Tail"],"picked":"Sozu"},{"not_picked":["Coffee Dripper","Runic Dome"],"picked":"Runic Pyramid"}],"items_purged_floors":[11,44],"is_endless":false,"potions_floor_spawned":[1,10,14,19,22,23,31,36,38],"seed_played":"-5997421643005268386","ascension_level":0,"potions_obtained":[{"floor":1,"key":"FairyPotion"},{"floor":10,"key":"FearPotion"},{"floor":14,"key":"Fire Potion"}],"is_trial":true}