{"gold_per_floor":[109,59,73,73,248,248,268,301,301,315,186,186,201,220,220,323,323,336,350,350,269,282,307,317,317,317,334,334,160,180,200,200,200],"floor_reached":33,"playtime":1182,"items_purged":["Doubt","Hyperbeam"],"score":271,"play_id":"84823967-f66f-425f-beb2-e8320b0a2ae6","local_time":"20180801050432","is_ascension_mode":false,"campfire_choices":[{"data":"Zap","floor":6,"key":"SMITH"},{"floor":15,"key":"DIG"},{"floor":25,"key":"DIG"},{"floor":28,"key":"DIG"},{"floor":32,"key":"DIG"}],"neow_cost":"NONE","seed_source_timestamp":29973446152817,"circlet_count":0,"master_deck":["Strike_B","Strike_B","Strike_B","Strike_B","Defend_B+1","Defend_B+1","Defend_B","Defend_B","Zap+1","Dualcast","Reinforced Body","Conserve Battery","Conserve Battery","Steam","Static Discharge","Leap","Fusion","Electrodynamics","Self Repair+1","Loop","Steam+1","Capacitor"],"relics":["Cracked Core","Sundial","Shovel","Torii","Busted Crown","Pantograph","Boot","Mummified Hand","Vajra","Ancient Tea Set"],"potions_floor_usage":[8,10,30,31,31],"damage_taken":[{"damage":1,"enemies":"Jaw Worm","floor":1,"turns":3},{"damage":0,"enemies":"2 Louse","floor":3,"turns":2},{"damage":0,"enemies":"Small Slimes","floor":7,"turns":6},{"damage":10,"enemies":"Lagavulin","floor":8,"turns":9},{"damage":4,"enemies":"Gremlin Gang","floor":10,"turns":3},{"damage":2,"enemies":"Large Slime","floor":13,"turns":5},{"damage":0,"enemies":"Looter","floor":14,"turns":4},{"damage":30,"enemies":"The Guardian","floor":16,"turns":14},{"damage":3,"enemies":"Shell Parasite","floor":18,"turns":9},{"damage":2,"enemies":"Chosen","floor":19,"turns":6},{"damage":11,"enemies":"Centurion and Healer","floor":22,"turns":8},{"damage":47,"enemies":"Gremlin Leader","floor":23,"turns":10},{"damage":1,"enemies":"3 Cultists","floor":24,"turns":3},{"damage":19,"enemies":"Chosen and Byrds","floor":27,"turns":6},{"damage":14,"enemies":"Snake Plant","floor":30,"turns":4},{"damage":21,"enemies":"Sentry and Sphere","floor":31,"turns":6},{"damage":59,"enemies":"Collector","floor":33,"turns":5}],"seed_played":"8670923317508274748","potions_obtained":[{"floor":1,"key":"Swift Potion"},{"floor":3,"key":"SkillPotion"},{"floor":10,"key":"PowerPotion"},{"floor":13,"key":"Energy Potion"},{"floor":18,"key":"SkillPotion"},{"floor":30,"key":"Ancient Potion"}],"is_trial":false,"path_per_floor":["M","$","M","?","?","R","M","E","T","M","$","?","M","M","R","B",null,"M","M","?","$","M","E","M","R","T","M","R","$","M","M","R"],"character_chosen":"DEFECT","items_purchased":["Conserve Battery","Leap","Loop","Capacitor"],"campfire_rested":0,"item_purchase_floors":[2,11,21,29],"current_hp_per_floor":[74,74,74,59,59,59,59,49,49,45,45,70,68,68,68,38,75,72,75,75,75,74,37,36,36,36,27,27,27,23,12,12,0],"gold":200,"neow_bonus":"ONE_RANDOM_RARE_CARD","is_prod":false,"is_daily":false,"chose_seed":false,"campfire_upgraded":1,"win_rate":0,"timestamp":1533089072,"path_taken":["M","$","M","?","?","R","M","E","T","M","$","?","M","M","R","BOSS","M","M","?","$","M","E","M","R","T","M","R","$","?","M","R","BOSS"],"build_version":"2018-07-26","purchased_purges":2,"victory":false,"max_hp_per_floor":[75,75,75,75,75,75,75,75,75,75,75,75,75,75,75,75,75,75,75,75,75,75,75,75,75,75,75,75,75,75,75,75,75],"card_choices":[{"not_picked":["Barrage","Rebound"],"picked":"Reinforced Body","floor":1},{"not_picked":["Reprogram","Redo"],"picked":"Conserve Battery","floor":3},{"not_picked":["Hello World","Fusion"],"picked":"Steam","floor":7},{"not_picked":["White Noise","Recycle"],"picked":"Static Discharge","floor":8},{"not_picked":["Skim","Recycle","Beam Cell"],"picked":"SKIP","floor":10},{"not_picked":["Core Surge","Turbo","Chaos"],"picked":"SKIP","floor":13},{"not_picked":["Stack","Conserve Battery"],"picked":"Fusion","floor":14},{"not_picked":["Creative AI","Reboot"],"picked":"Electrodynamics","floor":16},{"not_picked":[],"picked":"Self Repair+1","floor":18},{"not_picked":["Undo"],"picked":"SKIP","floor":19},{"not_picked":["Coolheaded"],"picked":"SKIP","floor":22},{"not_picked":["Stack"],"picked":"SKIP","floor":23},{"not_picked":[],"picked":"Steam+1","floor":24},{"not_picked":["Gash"],"picked":"SKIP","floor":27},{"not_picked":["Go for the Eyes"],"picked":"SKIP","floor":30},{"not_picked":["Doom and Gloom+1"],"picked":"SKIP","floor":31}],"player_experience":289651,"relics_obtained":[{"floor":8,"key":"Sundial"},{"floor":9,"key":"Shovel"},{"floor":15,"key":"Torii"},{"floor":23,"key":"Pantograph"},{"floor":25,"key":"Boot"},{"floor":26,"key":"Mummified Hand"},{"floor":28,"key":"Vajra"},{"floor":32,"key":"Ancient Tea Set"}],"event_choices":[{"event_name":"Shining Light","player_choice":"Entered Light","floor":4,"damage_taken":0},{"event_name":"Liars Game","player_choice":"agreed","floor":5,"damage_taken":0},{"event_name":"Big Fish","player_choice":"Banana","floor":12,"damage_taken":0},{"event_name":"Addict","player_choice":"Ignored","floor":20,"damage_taken":0}],"is_beta":false,"boss_relics":[{"not_picked":["Runic Dome","Calling Bell"],"picked":"Busted Crown"}],"items_purged_floors":[11,29],"is_endless":false,"potions_floor_spawned":[1,3,10,13,18,22,23,30],"killed_by":"Collector","ascension_level":0}