{"gold_per_floor":[209,223,242,50,50,50,60,79,126,47,59,59,77,92,92,194,194,210,229,229,245,255,255],"floor_reached":23,"playtime":433,"items_purged":[],"score":239,"play_id":"504c312b-f1bc-4e18-b2e9-79f4cdafcc08","local_time":"20190723161225","is_ascension_mode":false,"campfire_choices":[{"data":"Sword Boomerang","floor":6,"key":"SMITH"},{"data":"Sword Boomerang","floor":15,"key":"SMITH"}],"neow_cost":"NONE","seed_source_timestamp":87781022303000,"circlet_count":0,"master_deck":["Strike_R","Strike_R+1","Strike_R","Defend_R","Defend_R","Defend_R","Defend_R","Bash+1","Sword Boomerang+1","Sword Boomerang+1","Pummel","Impervious","Sword Boomerang"],"relics":["Burning Blood","Brimstone","Whetstone","Pantograph","Empty Cage"],"potions_floor_usage":[21,23],"damage_taken":[{"damage":13,"enemies":"2 Louse","floor":1,"turns":3},{"damage":6,"enemies":"Cultist","floor":2,"turns":3},{"damage":10,"enemies":"Small Slimes","floor":3,"turns":3},{"damage":13,"enemies":"3 Louse","floor":7,"turns":2},{"damage":1,"enemies":"Looter","floor":8,"turns":2},{"damage":10,"enemies":"Gremlin Gang","floor":11,"turns":2},{"damage":0,"enemies":"Exordium Thugs","floor":13,"turns":3},{"damage":0,"enemies":"2 Fungi Beasts","floor":14,"turns":2},{"damage":0,"enemies":"Slime Boss","floor":16,"turns":3},{"damage":0,"enemies":"Spheric Guardian","floor":18,"turns":2},{"damage":7,"enemies":"Chosen","floor":19,"turns":3},{"damage":27,"enemies":"Shelled Parasite and Fungi","floor":21,"turns":4},{"damage":5,"enemies":"Snake Plant","floor":22,"turns":3},{"damage":62,"enemies":"Slavers","floor":23,"turns":3}],"seed_played":"3771292967022416098","potions_obtained":[{"floor":3,"key":"Ancient Potion"},{"floor":7,"key":"AttackPotion"},{"floor":14,"key":"LiquidBronze"},{"floor":19,"key":"FearPotion"},{"floor":22,"key":"Strength Potion"}],"is_trial":false,"path_per_floor":["M","M","M","$","?","R","M","M","T","$","M","?","M","M","R","B",null,"M","M","?","M","M","E"],"character_chosen":"IRONCLAD","items_purchased":["Brimstone","Pummel"],"campfire_rested":0,"item_purchase_floors":[4,10],"current_hp_per_floor":[73,73,69,69,69,69,62,67,67,67,63,51,57,63,63,80,80,80,79,79,58,59,0],"gold":255,"neow_bonus":"HUNDRED_GOLD","is_prod":false,"is_daily":false,"chose_seed":false,"campfire_upgraded":2,"win_rate":0,"timestamp":1563887545,"path_taken":["M","M","M","$","?","R","?","M","T","$","M","?","M","M","R","BOSS","M","M","?","M","M","E"],"build_version":"2019-07-17","purchased_purges":0,"victory":false,"max_hp_per_floor":[80,80,80,80,80,80,80,80,80,80,80,80,80,80,80,80,80,80,80,80,80,80,80],"card_choices":[{"not_picked":["Flex","Twin Strike"],"picked":"Sword Boomerang","floor":1},{"not_picked":["Headbutt","Flex","Disarm"],"picked":"SKIP","floor":2},{"not_picked":["Perfected Strike","Armaments"],"picked":"Sword Boomerang","floor":3},{"not_picked":["Perfected Strike","Wild Strike","Spot Weakness"],"picked":"SKIP","floor":7},{"not_picked":["Cleave","Fire Breathing","Armaments"],"picked":"SKIP","floor":8},{"not_picked":["True Grit","Dropkick","Disarm"],"picked":"SKIP","floor":11},{"not_picked":["Infernal Blade","Bloodletting","Bludgeon"],"picked":"SKIP","floor":13},{"not_picked":["Rampage","Flex","Clothesline"],"picked":"SKIP","floor":14},{"not_picked":["Dark Embrace","Brutality"],"picked":"Impervious","floor":16},{"not_picked":["Clothesline","Armaments","Rampage+1"],"picked":"SKIP","floor":18},{"not_picked":["Body Slam","Havoc"],"picked":"Sword Boomerang","floor":19},{"not_picked":["Headbutt+1","Clothesline","Ghostly Armor"],"picked":"SKIP","floor":21},{"not_picked":["Havoc","Twin Strike","Thunderclap"],"picked":"SKIP","floor":22}],"player_experience":739481,"relics_obtained":[{"floor":9,"key":"Whetstone"}],"event_choices":[{"damage_healed":0,"gold_gain":0,"player_choice":"Ignored","damage_taken":0,"max_hp_gain":0,"max_hp_loss":0,"event_name":"Transmorgrifier","floor":5,"gold_loss":0},{"damage_healed":0,"gold_gain":0,"player_choice":"Success","damage_taken":12,"relics_obtained":["Pantograph"],"max_hp_gain":0,"max_hp_loss":0,"event_name":"Scrap Ooze","floor":12,"gold_loss":0},{"damage_healed":0,"gold_gain":0,"player_choice":"Ignored","damage_taken":0,"max_hp_gain":0,"max_hp_loss":0,"event_name":"Cursed Tome","floor":20,"gold_loss":0}],"is_beta":false,"boss_relics":[{"not_picked":["Runic Cube","Tiny House"],"picked":"Empty Cage"}],"items_purged_floors":[],"is_endless":false,"potions_floor_spawned":[3,7,14,19,22],"killed_by":"Slavers","ascension_level":0}