{"gold_per_floor":[118,133,148,148,53,53,67,102,128,128,128,148,148,163,163,258,258,276,20,20,20,34,34,48,62,86,143,143,191,122,132,132,232,232,248,212,224,236,236,236,13,13,13,65,84,96,124,137,137,137],"floor_reached":51,"playtime":1689,"items_purged":[],"score":796,"play_id":"dbe4bbf0-40fa-4f83-9126-e9ab66ab90b3","local_time":"20181011183111","is_ascension_mode":true,"campfire_choices":[{"data":"Zap","floor":6.0,"key":"SMITH"},{"data":"Self Repair","floor":10.0,"key":"SMITH"},{"data":"Force Field","floor":13.0,"key":"SMITH"},{"data":"Self Repair","floor":15.0,"key":"SMITH"},{"data":"Echo Form","floor":23.0,"key":"SMITH"},{"floor":28,"key":"REST"},{"data":"Storm","floor":32,"key":"SMITH"},{"floor":40,"key":"REST"},{"floor":49,"key":"REST"}],"neow_cost":"NONE","seed_source_timestamp":108391180553283,"circlet_count":0,"master_deck":["Strike_B","Strike_B+1","Defend_B","Defend_B","Defend_B","Defend_B","Zap+1","Dualcast","Conserve Battery","BootSequence","Self Repair+1","Conserve Battery","Ball Lightning+1","Force Field+1","Parasite","Self Repair+1","Echo Form+1","Leap+1","Static Discharge","Storm+1","Electrodynamics","Force Field","Loop","Defragment","Undo"],"special_seed":0,"relics":["Cracked Core","Ancient Tea Set","Mummified Hand","DataDisk","Smiling Mask","Empty Cage","Bottled Tornado","MutagenicStrength","Bag of Marbles","Tiny Chest","Whetstone","Fusion Hammer","Centennial Puzzle","Matryoshka","Ice Cream","PreservedInsect"],"potions_floor_usage":[27,50,50,50],"damage_taken":[{"damage":0.0,"enemies":"Cultist","floor":1.0,"turns":3.0},{"damage":0.0,"enemies":"2 Louse","floor":2.0,"turns":3.0},{"damage":8.0,"enemies":"Small Slimes","floor":3.0,"turns":3.0},{"damage":11.0,"enemies":"Red Slaver","floor":7.0,"turns":3.0},{"damage":36.0,"enemies":"3 Sentries","floor":8.0,"turns":8.0},{"damage":0.0,"enemies":"Exordium Wildlife","floor":12.0,"turns":3.0},{"damage":0.0,"enemies":"Large Slime","floor":14.0,"turns":4.0},{"damage":42.0,"enemies":"Slime Boss","floor":16.0,"turns":10.0},{"damage":15.0,"enemies":"Chosen","floor":18.0,"turns":6.0},{"damage":40.0,"enemies":"3 Byrds","floor":22.0,"turns":6.0},{"damage":16.0,"enemies":"Centurion and Healer","floor":24.0,"turns":9.0},{"damage":19.0,"enemies":"Snake Plant","floor":25.0,"turns":5.0},{"damage":64,"enemies":"Slavers","floor":27,"turns":8},{"damage":15,"enemies":"Sentry and Sphere","floor":31,"turns":6},{"damage":50,"enemies":"Automaton","floor":33,"turns":13},{"damage":0,"enemies":"Orb Walker","floor":35,"turns":2},{"damage":0,"enemies":"3 Darklings","floor":37,"turns":3},{"damage":43,"enemies":"Reptomancer","floor":38,"turns":5},{"damage":3,"enemies":"Mysterious Sphere","floor":44,"turns":4},{"damage":10,"enemies":"4 Shapes","floor":45,"turns":4},{"damage":4,"enemies":"Transient","floor":46,"turns":5},{"damage":22,"enemies":"Nemesis","floor":47,"turns":9},{"damage":0,"enemies":"Reptomancer","floor":48,"turns":3},{"damage":21,"enemies":"Time Eater","floor":50,"turns":10}],"seed_played":"2547936860831112912","potions_obtained":[{"floor":1.0,"key":"EssenceOfSteel"},{"floor":3.0,"key":"SpeedPotion"},{"floor":16.0,"key":"SteroidPotion"},{"floor":38,"key":"Dexterity Potion"},{"floor":47,"key":"PowerPotion"}],"is_trial":false,"path_per_floor":["M","M","M","T","$","R","M","E","T","R","?","M","R","M","R","B",null,"M","$","?","$","M","R","M","M","T","E","R","T","$","M","R","B",null,"M","$","M","M","?","R","$","?","T","?","M","M","E","M","R","B"],"character_chosen":"DEFECT","items_purchased":["Self Repair","Conserve Battery","Bottled Tornado","Static Discharge","Loop","Defragment","Centennial Puzzle"],"campfire_rested":3,"item_purchase_floors":[5,5,19,30,36,41,41],"current_hp_per_floor":[75,75,67,67,67,67,63,34,34,34,52,62,62,75,75,53,75,75,75,75,75,75,75,75,75,75,41,63,63,63,75,75,55,75,75,75,75,72,72,75,75,75,75,75,75,75,75,75,75,74],"gold":137,"neow_bonus":"RANDOM_COMMON_RELIC","is_prod":false,"is_daily":false,"chose_seed":false,"campfire_upgraded":6,"win_rate":0,"timestamp":1539271871,"path_taken":["M","M","M","?","$","R","M","E","T","R","?","?","R","M","R","BOSS","M","$","?","$","M","R","M","M","T","E","R","?","$","M","R","BOSS","M","$","M","M","?","R","$","?","T","?","?","?","E","M","R","BOSS"],"build_version":"2018-10-04v2","purchased_purges":0,"victory":true,"max_hp_per_floor":[75,75,75,75,75,75,75,75,75,75,75,75,75,75,75,75,75,75,75,75,75,75,75,75,75,75,75,75,75,75,75,75,75,75,75,75,75,75,75,75,75,75,75,75,75,75,75,75,75,75],"card_choices":[{"not_picked":["Melter","Hello World"],"picked":"Conserve Battery","floor":1.0},{"not_picked":["Streamline","Turbo","Aggregate"],"picked":"SKIP","floor":2.0},{"not_picked":["Streamline","Barrage"],"picked":"BootSequence","floor":3.0},{"not_picked":["Gash","Heatsinks"],"picked":"Ball Lightning","floor":7.0},{"not_picked":["Redo","Compile Driver"],"picked":"Force Field","floor":8.0},{"not_picked":["Ball Lightning","Steam"],"picked":"Self Repair","floor":12.0},{"not_picked":["Multi-Cast","Recycle","Cold Snap"],"picked":"SKIP","floor":14.0},{"not_picked":["Multi-Cast","Biased Cognition"],"picked":"Echo Form","floor":16.0},{"not_picked":["Compile Driver","Lockon","Redo"],"picked":"SKIP","floor":18.0},{"not_picked":["Melter","Fusion","Conserve Battery"],"picked":"SKIP","floor":22.0},{"not_picked":["Redo","Double Energy"],"picked":"Leap+1","floor":24.0},{"not_picked":["Turbo+1","Sweeping Beam","Go for the Eyes"],"picked":"SKIP","floor":25.0},{"not_picked":["Skim","Consume","Hello World"],"picked":"SKIP","floor":27},{"not_picked":["Ball Lightning","Consume+1"],"picked":"Storm","floor":31},{"not_picked":["Core Surge","Rainbow"],"picked":"Electrodynamics","floor":33},{"not_picked":["Sweeping Beam+1","Leap"],"picked":"Force Field","floor":35},{"not_picked":["Conserve Battery","Barrage","Ball Lightning+1"],"picked":"SKIP","floor":37},{"not_picked":["Go for the Eyes","White Noise+1","Hyperbeam"],"picked":"SKIP","floor":38},{"not_picked":["Stack","Compile Driver+1","Coolheaded"],"picked":"SKIP","floor":45},{"not_picked":["Redo+1","Cold Snap+1","Ball Lightning"],"picked":"SKIP","floor":46},{"not_picked":["Meteor Strike","Streamline+1"],"picked":"Undo","floor":47},{"not_picked":["Melter","Chill+1","Beam Cell+1"],"picked":"SKIP","floor":48}],"player_experience":392592,"relics_obtained":[{"floor":4.0,"key":"Mummified Hand"},{"floor":8.0,"key":"DataDisk"},{"floor":9.0,"key":"Smiling Mask"},{"floor":26.0,"key":"Bag of Marbles"},{"floor":27,"key":"Tiny Chest"},{"floor":29,"key":"Whetstone"},{"floor":43,"key":"Matryoshka"},{"floor":44,"key":"Ice Cream"},{"floor":47,"key":"PreservedInsect"}],"event_choices":[{"event_name":"Mushrooms","player_choice":"Healed and dodged fight","floor":11.0,"damage_taken":0.0},{"event_name":"Drug Dealer","player_choice":"Inject Mutagens","floor":20.0,"damage_taken":0.0},{"event_name":"Tomb of Lord Red Mask","player_choice":"Ignored","floor":39,"damage_taken":0},{"event_name":"SecretPortal","player_choice":"Rejected Portal.","floor":42,"damage_taken":0},{"event_name":"Mysterious Sphere","player_choice":"Fight","floor":44,"damage_taken":0}],"is_beta":false,"boss_relics":[{"not_picked":["Black Star","Calling Bell"],"picked":"Empty Cage"},{"not_picked":["Philosopher\u0027s Stone","Cursed Key"],"picked":"Fusion Hammer"}],"items_purged_floors":[],"is_endless":false,"potions_floor_spawned":[1,3,16,18,38,47,48],"ascension_level":3}