{"gold_per_floor":[110,110,125,135,150,178,178,188,215,215,280,280,124,141,141,242,242,257,273,25,39,52,100,100,100,155,170,203,218,218,232,232,336,336,346,358,368,388,407,407,407,407,407,418,174,174,190,38,38,38],"floor_reached":51,"playtime":2103,"items_purged":[],"score":710,"play_id":"539dd95b-6210-4f4f-93ff-5b373c37829a","local_time":"20181003060914","is_ascension_mode":false,"campfire_choices":[{"data":"Armaments","floor":7.0,"key":"SMITH"},{"data":"Demon Form","floor":10.0,"key":"SMITH"},{"data":"Metallicize","floor":12.0,"key":"SMITH"},{"data":"Ghostly Armor","floor":15.0,"key":"SMITH"},{"data":"Flame Barrier","floor":24.0,"key":"SMITH"},{"data":"Offering","floor":30.0,"key":"SMITH"},{"data":"Sword Boomerang","floor":32.0,"key":"SMITH"},{"data":"Battle Trance","floor":40.0,"key":"SMITH"},{"data":"Bash","floor":42.0,"key":"SMITH"},{"data":"Shrug It Off","floor":49,"key":"SMITH"}],"neow_cost":"NONE","seed_source_timestamp":18682825797305,"circlet_count":0,"master_deck":["Strike_R","Strike_R","Strike_R","Defend_R","Defend_R","Defend_R","Defend_R+1","Bash+1","Demon Form+1","Ghostly Armor+1","Armaments+1","Metallicize+1","Battle Trance+1","Shrug It Off+1","Offering+1","Flame Barrier+1","Shrug It Off+1","Sword Boomerang+1","Reaper","Body Slam+1","Twin Strike+1"],"special_seed":0,"relics":["Burning Blood","Pear","Ancient Tea Set","Tiny Chest","Art of War","Empty Cage","Letter Opener","Omamori","Dream Catcher","Pen Nib","Strawberry","Coffee Dripper","Question Card","Sundial","War Paint"],"potions_floor_usage":[50,50,50],"damage_taken":[{"damage":6.0,"enemies":"Cultist","floor":1.0,"turns":3.0},{"damage":1.0,"enemies":"Jaw Worm","floor":3.0,"turns":5.0},{"damage":6.0,"enemies":"Small Slimes","floor":4.0,"turns":5.0},{"damage":14.0,"enemies":"Blue Slaver","floor":5.0,"turns":6.0},{"damage":11.0,"enemies":"Lagavulin","floor":6.0,"turns":7.0},{"damage":4.0,"enemies":"Red Slaver","floor":8.0,"turns":4.0},{"damage":15.0,"enemies":"3 Sentries","floor":11.0,"turns":6.0},{"damage":3.0,"enemies":"Exordium Thugs","floor":14.0,"turns":8.0},{"damage":25.0,"enemies":"Hexaghost","floor":16.0,"turns":11.0},{"damage":17.0,"enemies":"2 Thieves","floor":18.0,"turns":5.0},{"damage":6.0,"enemies":"3 Byrds","floor":19.0,"turns":4.0},{"damage":17.0,"enemies":"Snake Plant","floor":21.0,"turns":5.0},{"damage":7.0,"enemies":"Shelled Parasite and Fungi","floor":22.0,"turns":7.0},{"damage":16.0,"enemies":"Centurion and Healer","floor":27.0,"turns":7.0},{"damage":21.0,"enemies":"Slavers","floor":28.0,"turns":8.0},{"damage":6.0,"enemies":"Snake Plant","floor":29.0,"turns":6.0},{"damage":13.0,"enemies":"Cultist and Chosen","floor":31.0,"turns":9.0},{"damage":35.0,"enemies":"Champ","floor":33.0,"turns":10.0},{"damage":6.0,"enemies":"3 Darklings","floor":35.0,"turns":4.0},{"damage":28.0,"enemies":"3 Shapes","floor":36.0,"turns":4.0},{"damage":16.0,"enemies":"Maw","floor":37.0,"turns":7.0},{"damage":23.0,"enemies":"Spire Growth","floor":38.0,"turns":7.0},{"damage":19.0,"enemies":"Reptomancer","floor":39.0,"turns":4.0},{"damage":10.0,"enemies":"Sphere and 2 Shapes","floor":44.0,"turns":8.0},{"damage":6,"enemies":"Transient","floor":47,"turns":5},{"damage":30,"enemies":"Awakened One","floor":50,"turns":10}],"seed_played":"2548968162097812094","potions_obtained":[{"floor":1.0,"key":"Poison Potion"},{"floor":3.0,"key":"Weak Potion"},{"floor":8.0,"key":"PowerPotion"},{"floor":11.0,"key":"Weak Potion"},{"floor":18.0,"key":"EssenceOfSteel"},{"floor":36.0,"key":"Weak Potion"}],"is_trial":false,"path_per_floor":["M","$","M","M","M","E","R","M","T","R","E","R","$","M","R","B",null,"M","M","$","M","M","T","R","?","T","M","E","M","R","M","R","B",null,"M","M","M","M","M","R","$","R","T","M","$","?","M","$","R","B"],"character_chosen":"IRONCLAD","items_purchased":["Art of War","Letter Opener","Sundial","War Paint"],"campfire_rested":0,"item_purchase_floors":[13,20,45,48],"current_hp_per_floor":[80,80,80,80,72,77,77,79,79,79,70,70,70,73,73,54,90,79,79,79,68,67,67,67,67,67,57,49,49,49,42,42,13,97,97,75,93,97,97,97,97,97,97,93,93,93,97,97,97,97],"gold":38,"neow_bonus":"ONE_RANDOM_RARE_CARD","is_prod":false,"is_daily":false,"chose_seed":false,"campfire_upgraded":10,"win_rate":0,"timestamp":1538536154,"path_taken":["M","$","M","M","M","E","R","M","T","R","E","R","$","M","R","BOSS","M","?","$","M","M","?","R","?","T","M","E","M","R","M","R","BOSS","M","M","M","M","M","R","$","R","T","M","$","?","M","$","R","BOSS"],"build_version":"2018-09-27","purchased_purges":0,"victory":true,"max_hp_per_floor":[80,80,80,80,80,90,90,90,90,90,90,90,90,90,90,90,90,90,90,90,90,90,90,90,90,90,90,97,97,97,97,97,97,97,97,97,97,97,97,97,97,97,97,97,97,97,97,97,97,97],"card_choices":[{"not_picked":["Headbutt","True Grit","Anger"],"picked":"SKIP","floor":1.0},{"not_picked":["Metallicize","Battle Trance"],"picked":"Ghostly Armor","floor":3.0},{"not_picked":["Wild Strike","Thunderclap"],"picked":"Armaments","floor":4.0},{"not_picked":["Shockwave","Twin Strike","Bludgeon"],"picked":"SKIP","floor":5.0},{"not_picked":["Brutality","Pummel"],"picked":"Metallicize","floor":6.0},{"not_picked":["Wild Strike","Cleave"],"picked":"Battle Trance","floor":8.0},{"not_picked":["Carnage","Blood for Blood","Corruption"],"picked":"SKIP","floor":11.0},{"not_picked":["Bloodletting","Warcry"],"picked":"Shrug It Off","floor":14.0},{"not_picked":["Impervious","Feed"],"picked":"Offering","floor":16.0},{"not_picked":["Combust","Infernal Blade"],"picked":"Flame Barrier","floor":18.0},{"not_picked":["Corruption","Clash","Flex"],"picked":"SKIP","floor":19.0},{"not_picked":["Cleave","Fire Breathing+1","Anger"],"picked":"SKIP","floor":21.0},{"not_picked":["Iron Wave","Cleave+1","Hemokinesis+1"],"picked":"SKIP","floor":22.0},{"not_picked":["Warcry+1","Immolate","True Grit"],"picked":"SKIP","floor":27.0},{"not_picked":["Flex","Feel No Pain"],"picked":"Shrug It Off","floor":28.0},{"not_picked":["Wild Strike","Flex","Bloodletting"],"picked":"SKIP","floor":29.0},{"not_picked":["Corruption","Sentinel"],"picked":"Sword Boomerang","floor":31.0},{"not_picked":["Exhume","Feed"],"picked":"Reaper","floor":33.0},{"not_picked":["Clash","Wild Strike","Havoc+1"],"picked":"SKIP","floor":35.0},{"not_picked":["Cleave","Uppercut","Flex+1"],"picked":"SKIP","floor":36.0},{"not_picked":["Entrench","Flex+1","Iron Wave+1"],"picked":"SKIP","floor":37.0},{"not_picked":["Shockwave+1","Bloodletting+1"],"picked":"Body Slam+1","floor":38.0},{"not_picked":["Headbutt","Perfected Strike+1","Wild Strike+1"],"picked":"SKIP","floor":39.0},{"not_picked":["Thunderclap","Anger+1","Cleave"],"picked":"Twin Strike","floor":44.0},{"not_picked":["Reaper","Inflame","Warcry","Anger+1"],"picked":"SKIP","floor":47}],"player_experience":356401,"relics_obtained":[{"floor":6.0,"key":"Pear"},{"floor":9.0,"key":"Ancient Tea Set"},{"floor":11.0,"key":"Tiny Chest"},{"floor":23.0,"key":"Omamori"},{"floor":26.0,"key":"Pen Nib"},{"floor":28.0,"key":"Strawberry"},{"floor":43.0,"key":"Question Card"}],"event_choices":[{"event_name":"The Mausoleum","player_choice":"Yes","floor":25.0,"damage_taken":0.0},{"event_name":"Upgrade Shrine","player_choice":"Upgraded","floor":46.0,"damage_taken":0.0}],"is_beta":false,"boss_relics":[{"not_picked":["Runic Dome","Tiny House"],"picked":"Empty Cage"},{"not_picked":["Fusion Hammer","Black Blood"],"picked":"Coffee Dripper"}],"items_purged_floors":[],"is_endless":false,"potions_floor_spawned":[1,3,8,11,14,18,21,22,29,36,37,38,44],"ascension_level":0}