{"gold_per_floor":[213,226,226,69,69,101,101,101,125,142,92,106,124,299,299,299],"floor_reached":16,"playtime":371,"items_purged":[],"score":100,"play_id":"19566388-da62-4b20-96a2-a5dc9e28e695","local_time":"20181012033845","is_ascension_mode":false,"campfire_choices":[{"floor":8,"key":"REST"},{"floor":15,"key":"REST"}],"neow_cost":"NONE","seed_source_timestamp":142652256280032,"circlet_count":0,"master_deck":["Strike_B","Strike_B","Strike_B","Defend_B","Defend_B+1","Defend_B","Defend_B+1","Zap","Dualcast","Static Discharge","BootSequence","Leap","Seek","Storm","Conserve Battery"],"relics":["Cracked Core","Omamori","War Paint","Symbiotic Virus","Art of War"],"potions_floor_usage":[],"damage_taken":[{"damage":3,"enemies":"Jaw Worm","floor":1,"turns":4},{"damage":9,"enemies":"Cultist","floor":2,"turns":4},{"damage":33,"enemies":"Gremlin Nob","floor":6,"turns":5},{"damage":0,"enemies":"2 Louse","floor":10,"turns":2},{"damage":11,"enemies":"Exordium Wildlife","floor":12,"turns":3},{"damage":5,"enemies":"Looter","floor":13,"turns":4},{"damage":50,"enemies":"Slime Boss","floor":16,"turns":8}],"seed_played":"3932396996185860226","potions_obtained":[{"floor":6,"key":"Explosive Potion"},{"floor":13,"key":"SteroidPotion"}],"is_trial":false,"path_per_floor":["M","M","?","$","?","E","$","R","T","M","?","M","M","?","R"],"character_chosen":"DEFECT","items_purchased":["Omamori"],"campfire_rested":2,"item_purchase_floors":[4],"current_hp_per_floor":[72,63,63,63,51,18,18,40,40,40,40,29,24,24,46,0],"gold":299,"neow_bonus":"HUNDRED_GOLD","is_prod":false,"is_daily":false,"chose_seed":false,"campfire_upgraded":0,"win_rate":0,"timestamp":1539304725,"path_taken":["M","M","?","$","?","E","$","R","T","M","?","M","M","?","R","BOSS"],"build_version":"2018-10-11","purchased_purges":0,"victory":false,"max_hp_per_floor":[75,75,75,75,75,75,75,75,75,75,75,75,75,75,75,75],"card_choices":[{"not_picked":["Steam","Beam Cell"],"picked":"Static Discharge","floor":1},{"not_picked":["Loop","FTL"],"picked":"BootSequence","floor":2},{"not_picked":["Rebound","Lockon","Chaos"],"picked":"SKIP","floor":6},{"not_picked":["Streamline","BootSequence"],"picked":"Seek","floor":10},{"not_picked":["Stack","Beam Cell"],"picked":"Storm","floor":12},{"not_picked":["Gash","Rebound"],"picked":"Conserve Battery","floor":13}],"player_experience":400034,"relics_obtained":[{"floor":6,"key":"Symbiotic Virus"},{"floor":9,"key":"Art of War"}],"event_choices":[{"event_name":"Match and Keep!","player_choice":"1 cards matched","floor":3,"damage_taken":0},{"event_name":"Scrap Ooze","player_choice":"success","floor":5,"damage_taken":12},{"event_name":"The Cleric","player_choice":"Card Removal","floor":11,"damage_taken":0},{"event_name":"Liars Game","player_choice":"agreed","floor":14,"damage_taken":0}],"is_beta":false,"boss_relics":[],"items_purged_floors":[],"is_endless":false,"potions_floor_spawned":[6,13],"killed_by":"Slime Boss","ascension_level":0}