{"gold_per_floor":[363,363,463,66,86,86,103,103,126,126,51,51,51,69,69,69],"floor_reached":16,"playtime":367,"items_purged":["Doubt"],"score":88,"play_id":"16836db8-4616-4374-9344-48f030e40e98","local_time":"20190126162839","is_ascension_mode":false,"campfire_choices":[{"data":"Zap","floor":6,"key":"SMITH"},{"data":"Self Repair","floor":8,"key":"SMITH"},{"data":"Dualcast","floor":10,"key":"SMITH"},{"data":"Defend_B","floor":13,"key":"SMITH"},{"data":"Defend_B","floor":15,"key":"SMITH"}],"neow_cost":"CURSE","seed_source_timestamp":587015876849208,"circlet_count":0,"master_deck":["Strike_B","Strike_B","Strike_B","Strike_B","Defend_B","Defend_B","Defend_B+1","Defend_B+1","Zap+1","Dualcast+1","Leap","Self Repair+1","Self Repair+1"],"relics":["Cracked Core","Calipers","Singing Bowl","Art of War"],"potions_floor_usage":[16,16],"damage_taken":[{"damage":0,"enemies":"Cultist","floor":1,"turns":3},{"damage":11,"enemies":"Jaw Worm","floor":5,"turns":4},{"damage":0,"enemies":"Small Slimes","floor":7,"turns":3},{"damage":3,"enemies":"Red Slaver","floor":14,"turns":4},{"damage":56,"enemies":"Slime Boss","floor":16,"turns":13}],"seed_played":"-4558782281760888020","potions_obtained":[{"floor":1,"key":"Explosive Potion"},{"floor":5,"key":"Energy Potion"},{"floor":7,"key":"Swift Potion"}],"is_trial":false,"path_per_floor":["M","?","?","$","M","R","M","R","T","R","$","?","R","M","R","B"],"character_chosen":"DEFECT","items_purchased":["Singing Bowl","Self Repair","Self Repair"],"campfire_rested":0,"item_purchase_floors":[4,4,11],"current_hp_per_floor":[75,33,33,33,31,31,40,40,40,40,40,40,40,59,59,3],"gold":69,"neow_bonus":"TWO_FIFTY_GOLD","is_prod":false,"is_daily":false,"chose_seed":false,"campfire_upgraded":5,"win_rate":0,"timestamp":1548512919,"path_taken":["M","?","?","$","M","R","?","R","T","R","?","?","R","M","R","BOSS"],"build_version":"2019-01-23","purchased_purges":1,"victory":false,"max_hp_per_floor":[75,75,75,75,77,77,79,79,79,79,79,79,79,81,81,81],"card_choices":[{"not_picked":["Cold Snap","Beam Cell"],"picked":"Leap","floor":1},{"not_picked":["Undo","Chaos","Double Energy"],"picked":"Singing Bowl","floor":5},{"not_picked":["Stack","Coolheaded","Beam Cell"],"picked":"Singing Bowl","floor":7},{"not_picked":["Compile Driver","Double Energy","Hello World"],"picked":"Singing Bowl","floor":14}],"player_experience":576837,"relics_obtained":[{"floor":9,"key":"Art of War"}],"event_choices":[{"damage_healed":0,"gold_gain":0,"player_choice":"Success","damage_taken":42,"relics_obtained":["Calipers"],"max_hp_gain":0,"max_hp_loss":0,"event_name":"Scrap Ooze","floor":2,"gold_loss":0},{"damage_healed":0,"gold_gain":100,"player_choice":"Pray","damage_taken":0,"max_hp_gain":0,"max_hp_loss":0,"event_name":"Golden Shrine","floor":3,"gold_loss":0},{"damage_healed":0,"gold_gain":0,"player_choice":"Upgraded","damage_taken":0,"max_hp_gain":0,"max_hp_loss":0,"event_name":"Upgrade Shrine","floor":12,"gold_loss":0,"cards_upgraded":["Self Repair"]}],"is_beta":false,"boss_relics":[],"items_purged_floors":[4],"is_endless":false,"potions_floor_spawned":[1,5,7],"killed_by":"Slime Boss","ascension_level":0}