{"gold_per_floor":[118,138,158,158,171,205,222,235,258,119,119,294,219,237,237,342,342,342],"floor_reached":18,"playtime":562,"items_purged":["Doubt"],"score":189,"play_id":"f9b59146-14d2-416a-bf9a-9e940e04aad9","local_time":"20190702033152","is_ascension_mode":false,"campfire_choices":[{"data":"Body Slam","floor":11,"key":"SMITH"},{"data":"Evolve","floor":15,"key":"SMITH"}],"neow_cost":"NONE","seed_source_timestamp":190497987547200,"circlet_count":0,"master_deck":["Strike_R","Strike_R","Strike_R","Strike_R","Strike_R","Defend_R","Defend_R","Defend_R","Defend_R","Bash","Shrug It Off+1","Body Slam+1","Evolve+1","Ghostly Armor","Impervious"],"special_seed":0,"relics":["Burning Blood","Mango","Blood Vial","White Beast Statue"],"potions_floor_usage":[6,8,16,16],"damage_taken":[{"damage":4.0,"enemies":"2 Louse","floor":1.0,"turns":3.0},{"damage":2.0,"enemies":"Small Slimes","floor":2.0,"turns":3.0},{"damage":5.0,"enemies":"Jaw Worm","floor":3.0,"turns":4.0},{"damage":16.0,"enemies":"Lots of Slimes","floor":5.0,"turns":7.0},{"damage":28,"enemies":"Gremlin Nob","floor":6,"turns":4},{"damage":5,"enemies":"Large Slime","floor":7,"turns":7},{"damage":27,"enemies":"Exordium Thugs","floor":8,"turns":7},{"damage":3,"enemies":"2 Fungi Beasts","floor":14,"turns":4},{"damage":51,"enemies":"Slime Boss","floor":16,"turns":14},{"damage":0,"enemies":"Chosen","floor":18,"turns":1}],"seed_played":"2943893041474854084","potions_obtained":[{"floor":1.0,"key":"AttackPotion"},{"floor":2.0,"key":"EntropicBrew"},{"floor":6,"key":"FearPotion"},{"floor":7,"key":"Weak Potion"}],"is_trial":false,"path_per_floor":["M","M","M","?","M","E","M","M","T","$","R","?","$","M","R","B",null,"M"],"character_chosen":"IRONCLAD","items_purchased":["Evolve","Ghostly Armor"],"campfire_rested":0,"item_purchase_floors":[10,10],"current_hp_per_floor":[88,88,88,88,78,70,71,50,50,50,50,50,50,55,55,12,102,102],"gold":342,"neow_bonus":"TEN_PERCENT_HP_BONUS","is_prod":false,"is_daily":false,"chose_seed":false,"campfire_upgraded":2,"win_rate":0,"timestamp":1562027512,"path_taken":["M","M","M","?","M","E","M","M","T","$","R","?","$","M","R","BOSS","M"],"build_version":"2019-07-01","purchased_purges":1,"victory":false,"max_hp_per_floor":[88,88,88,88,88,102,102,102,102,102,102,102,102,102,102,102,102,102],"card_choices":[{"not_picked":["Shockwave","True Grit","Iron Wave"],"picked":"SKIP","floor":1.0},{"not_picked":["Warcry","Flex"],"picked":"Shrug It Off","floor":2.0},{"not_picked":["Flex","Perfected Strike","Sentinel"],"picked":"SKIP","floor":3.0},{"not_picked":["Rupture","Dual Wield"],"picked":"Body Slam","floor":5.0},{"not_picked":["Sever Soul","Dropkick","Corruption"],"picked":"SKIP","floor":6},{"not_picked":["Pummel","Anger","Hemokinesis"],"picked":"SKIP","floor":7},{"not_picked":["Havoc","Clothesline","Fire Breathing"],"picked":"SKIP","floor":8},{"not_picked":["Thunderclap","Dark Embrace","Cleave"],"picked":"SKIP","floor":14},{"not_picked":["Offering","Reaper"],"picked":"Impervious","floor":16}],"player_experience":665001,"relics_obtained":[{"floor":6,"key":"Mango"},{"floor":9,"key":"Blood Vial"}],"event_choices":[{"damage_healed":0.0,"max_hp_gain":0.0,"max_hp_loss":0.0,"gold_gain":0.0,"event_name":"Living Wall","player_choice":"Grow","floor":4.0,"gold_loss":0.0,"damage_taken":0.0,"cards_upgraded":["Shrug It Off"]},{"damage_healed":0,"gold_gain":175,"player_choice":"AGREE","damage_taken":0,"max_hp_gain":0,"max_hp_loss":0,"event_name":"Liars Game","floor":12,"gold_loss":0,"cards_obtained":["Doubt"]}],"is_beta":false,"boss_relics":[{"not_picked":["Pandora\u0027s Box","Black Star"],"picked":"White Beast Statue"}],"items_purged_floors":[13],"is_endless":false,"potions_floor_spawned":[1,2,6,7],"killed_by":"Chosen","ascension_level":0}