{"gold_per_floor":[113,131,148,163,178,513,513,9,33,33,33,108,129,142,142,263,263,284,284,284,304,66,104,124,124,124,124,149,12,12,32,32,157,157,175,15,74,93,55,55,55,55,55,70,89,89,12,28,28,28,28,28,9,49,49],"floor_reached":56,"playtime":1906,"items_purged":["Twin Strike","Strike_R"],"score":1349,"play_id":"2684a98b-5927-405d-9e5e-858648b0bf9a","local_time":"20181117162357","is_ascension_mode":false,"campfire_choices":[{"data":"Body Slam","floor":10.0,"key":"SMITH"},{"floor":15,"key":"RECALL"},{"data":"Apotheosis","floor":25,"key":"SMITH"},{"data":"Barricade","floor":27,"key":"SMITH"},{"data":"Evolve","floor":32,"key":"SMITH"},{"data":"Metallicize","floor":40,"key":"SMITH"},{"data":"Metallicize","floor":42,"key":"SMITH"},{"data":"Entrench","floor":46,"key":"SMITH"},{"data":"Shrug It Off","floor":49,"key":"SMITH"},{"data":"Shrug It Off","floor":52,"key":"SMITH"}],"neow_cost":"NONE","seed_source_timestamp":155230081621524,"circlet_count":0,"master_deck":["Strike_R","Strike_R","Strike_R","Defend_R","Defend_R","Defend_R","Defend_R+1","Bash","Battle Trance+1","Offering+1","Shrug It Off","Body Slam+1","Shrug It Off+1","Barricade+1","Apotheosis+1","Shrug It Off+1","Entrench+1","Evolve+1","Metallicize+1","Metallicize+1","Body Slam+1","Armaments"],"special_seed":0,"relics":["Burning Blood","Bag of Preparation","Old Coin","Membership Card","War Paint","Matryoshka","Mummified Hand","Golden Idol","Busted Crown","Bottled Lightning","Bronze Scales","Juzu Bracelet","Pantograph","Tiny Chest","Lizard Tail","Gambling Chip","Mango","Question Card","The Courier","DollysMirror","Boot"],"potions_floor_usage":[16,16,21,37,37,38,54,54,55],"damage_taken":[{"damage":0.0,"enemies":"Small Slimes","floor":1.0,"turns":3.0},{"damage":13.0,"enemies":"Jaw Worm","floor":2.0,"turns":3.0},{"damage":6.0,"enemies":"2 Louse","floor":3.0,"turns":4.0},{"damage":0.0,"enemies":"Exordium Wildlife","floor":4.0,"turns":2.0},{"damage":10.0,"enemies":"Exordium Thugs","floor":5.0,"turns":3.0},{"damage":40.0,"enemies":"3 Sentries","floor":6.0,"turns":9.0},{"damage":1,"enemies":"3 Louse","floor":13,"turns":3},{"damage":0,"enemies":"Blue Slaver","floor":14,"turns":3},{"damage":33,"enemies":"Hexaghost","floor":16,"turns":13},{"damage":8,"enemies":"3 Byrds","floor":18,"turns":6},{"damage":6,"enemies":"Colosseum Slavers","floor":19,"turns":3},{"damage":6,"enemies":"2 Thieves","floor":21,"turns":4},{"damage":6,"enemies":"Book of Stabbing","floor":23,"turns":6},{"damage":6,"enemies":"Snecko","floor":24,"turns":5},{"damage":5,"enemies":"Centurion and Healer","floor":28,"turns":6},{"damage":0,"enemies":"Shelled Parasite and Fungi","floor":31,"turns":5},{"damage":0,"enemies":"Champ","floor":33,"turns":7},{"damage":6,"enemies":"Orb Walker","floor":35,"turns":5},{"damage":6,"enemies":"2 Orb Walkers","floor":37,"turns":3},{"damage":6,"enemies":"3 Shapes","floor":38,"turns":4},{"damage":6,"enemies":"3 Darklings","floor":44,"turns":9},{"damage":6,"enemies":"Maw","floor":45,"turns":3},{"damage":11,"enemies":"Spire Growth","floor":48,"turns":4},{"damage":6,"enemies":"Donu and Deca","floor":50,"turns":5},{"damage":46,"enemies":"Shield and Spear","floor":54,"turns":5},{"damage":9,"enemies":"The Heart","floor":55,"turns":7}],"seed_played":"-8318228080351666933","potions_obtained":[{"floor":1.0,"key":"Swift Potion"},{"floor":2.0,"key":"GamblersBrew"},{"floor":4.0,"key":"AttackPotion"},{"floor":13,"key":"AttackPotion"},{"floor":23,"key":"SkillPotion"},{"floor":24,"key":"Fire Potion"},{"floor":28,"key":"Poison Potion"},{"floor":37,"key":"Fruit Juice"},{"floor":38,"key":"SpeedPotion"},{"floor":44,"key":"AttackPotion"}],"is_trial":false,"path_per_floor":["M","M","M","M","M","E","?","$","T","R","?","?","M","M","R","B",null,"M","?","?","M","$","E","M","R","T","R","M","$","?","M","R","B",null,"M","$","?","M","$","R","T","R","T","M","M","R","$","M","R","B",null,"R","$","E","B",null],"character_chosen":"IRONCLAD","items_purchased":["Membership Card","Shrug It Off","Body Slam","War Paint","Matryoshka","Bottled Lightning","Apotheosis","Shrug It Off","Entrench","Tiny Chest","Gambling Chip","Metallicize","Metallicize","DollysMirror","Armaments"],"campfire_rested":0,"item_purchase_floors":[8,8,8,8,8,22,22,22,29,29,36,36,39,47,53],"current_hp_per_floor":[80,73,73,79,75,41,41,41,41,41,41,30,35,41,41,14,74,72,72,72,72,72,72,72,72,72,72,73,73,73,74,74,74,74,74,74,93,93,93,93,93,93,93,93,93,93,93,88,88,93,93,93,93,53,75],"gold":49,"neow_bonus":"RANDOM_COMMON_RELIC","is_prod":false,"is_daily":false,"chose_seed":false,"campfire_upgraded":9,"win_rate":0,"timestamp":1542464637,"path_taken":["M","M","M","M","M","E","?","$","T","R","?","?","M","M","R","BOSS","M","?","?","?","$","E","M","R","T","R","M","$","?","M","R","BOSS","M","$","?","M","$","R","?","R","T","M","M","R","$","M","R","BOSS","R","$","E","BOSS"],"build_version":"2018-11-15","purchased_purges":2,"victory":true,"max_hp_per_floor":[80,80,80,80,80,80,80,80,80,80,74,74,74,74,74,74,74,74,74,74,74,74,74,74,74,74,74,74,74,74,74,74,74,74,74,74,93,93,93,93,93,93,93,93,93,93,93,93,93,93,93,93,93,93,93],"card_choices":[{"not_picked":["Evolve","Flex","Blood for Blood"],"picked":"SKIP","floor":1.0},{"not_picked":["Entrench","Shrug It Off"],"picked":"Battle Trance","floor":2.0},{"not_picked":["Body Slam","Iron Wave"],"picked":"Twin Strike","floor":3.0},{"not_picked":["Flex","Feel No Pain","Warcry"],"picked":"SKIP","floor":4.0},{"not_picked":["Ghostly Armor","Cleave"],"picked":"Offering","floor":5.0},{"not_picked":["Infernal Blade","Carnage","Hemokinesis"],"picked":"SKIP","floor":6.0},{"not_picked":["Sword Boomerang","Rupture"],"picked":"Shrug It Off","floor":13},{"not_picked":["Spot Weakness","Wild Strike","Warcry"],"picked":"SKIP","floor":14},{"not_picked":["Fiend Fire","Offering"],"picked":"Barricade","floor":16},{"not_picked":["Warcry"],"picked":"SKIP","floor":18},{"not_picked":["Iron Wave"],"picked":"SKIP","floor":21},{"not_picked":["Twin Strike"],"picked":"SKIP","floor":23},{"not_picked":["Uppercut"],"picked":"SKIP","floor":24},{"not_picked":["Rupture"],"picked":"SKIP","floor":28},{"not_picked":["Heavy Blade"],"picked":"SKIP","floor":31},{"not_picked":["Perfected Strike+1"],"picked":"SKIP","floor":35},{"not_picked":["Wild Strike+1"],"picked":"SKIP","floor":38},{"not_picked":["Havoc","Dropkick"],"picked":"SKIP","floor":44},{"not_picked":["Clothesline","Disarm"],"picked":"SKIP","floor":45},{"not_picked":["Iron Wave","Rampage"],"picked":"SKIP","floor":48},{"not_picked":["Heavy Blade+1","Brutality"],"picked":"SKIP","floor":54}],"player_experience":477917,"relics_obtained":[{"floor":6.0,"key":"Old Coin"},{"floor":9.0,"key":"Mummified Hand"},{"floor":23,"key":"Bronze Scales"},{"floor":26,"key":"Juzu Bracelet"},{"floor":26,"key":"Pantograph"},{"floor":37,"key":"Mango"},{"floor":41,"key":"Question Card"},{"floor":43,"key":"The Courier"},{"floor":54,"key":"Boot"}],"event_choices":[{"damage_healed":0.0,"max_hp_gain":0.0,"max_hp_loss":0.0,"gold_gain":0.0,"event_name":"Living Wall","player_choice":"Grow","floor":7.0,"gold_loss":0.0,"damage_taken":0.0,"cards_upgraded":["Battle Trance"]},{"damage_healed":0.0,"max_hp_gain":0.0,"max_hp_loss":6.0,"gold_gain":0.0,"event_name":"Golden Idol","player_choice":"Lose Max HP","floor":11.0,"gold_loss":0.0,"damage_taken":0.0,"relics_obtained":["Golden Idol"]},{"damage_healed":0.0,"max_hp_gain":0.0,"max_hp_loss":0.0,"gold_gain":75.0,"event_name":"World of Goop","player_choice":"Gather Gold","floor":12.0,"gold_loss":0.0,"damage_taken":11.0},{"damage_healed":0,"gold_gain":0,"player_choice":"Fight","damage_taken":0,"max_hp_gain":0,"max_hp_loss":0,"event_name":"Colosseum","floor":19,"gold_loss":0},{"damage_healed":0,"gold_gain":0,"player_choice":"Fled From Nobs","damage_taken":0,"max_hp_gain":0,"max_hp_loss":0,"event_name":"Colosseum","floor":19,"gold_loss":0},{"cards_removed":["Strike_R"],"damage_healed":0,"gold_gain":0,"player_choice":"Card Removal","damage_taken":0,"max_hp_gain":0,"max_hp_loss":0,"event_name":"Wheel of Change","floor":20,"gold_loss":0},{"damage_healed":0,"gold_gain":0,"player_choice":"Read","damage_taken":0,"max_hp_gain":0,"max_hp_loss":0,"event_name":"The Library","floor":30,"gold_loss":0,"cards_obtained":["Evolve"]},{"damage_healed":0,"gold_gain":0,"player_choice":"Fight","damage_taken":0,"max_hp_gain":0,"max_hp_loss":0,"event_name":"Mysterious Sphere","floor":37,"gold_loss":0}],"is_beta":false,"boss_relics":[{"not_picked":["Snecko Eye","White Beast Statue"],"picked":"Busted Crown"},{"not_picked":["Empty Cage","Tiny House"],"picked":"Lizard Tail"}],"items_purged_floors":[8,29],"is_endless":false,"potions_floor_spawned":[1,2,4,13,23,24,28,33,37,38,44,48],"ascension_level":0}