{"path_per_floor":["M","$","M","?","M","R","E","$","T","?","M","?","R","M","R","B",null,"M","?","M","$","M","R","M","R","T","?","E","M","M","E","R","B",null,"M","?","$","?","$","R","M","R","T","R","$","M","M","M","R"],"character_chosen":"IRONCLAD","items_purchased":["Armaments","Pen Nib","Bandage Up","Flex","Offering"],"gold_per_floor":[112,63,83,83,98,98,128,53,76,76,90,40,40,50,50,145,145,165,165,182,39,50,50,70,70,70,70,98,112,124,151,151,251,251,261,261,170,170,123,123,139,139,139,139,0,18,28,48,48],"floor_reached":50,"campfire_rested":0,"playtime":6562,"current_hp_per_floor":[72,72,72,77,75,75,68,68,68,43,46,46,46,52,52,37,77,77,77,69,69,77,77,77,77,77,77,80,80,83,82,82,62,91,94,94,94,85,85,85,93,93,93,93,93,97,85,89,89],"items_purged":["Strike_R"],"gold":48,"score":457,"play_id":"4f08d845-27ba-4149-9268-5517e5201d20","is_prod":false,"is_daily":false,"is_ascension_mode":false,"campfire_upgraded":10,"path_taken":["M","$","M","?","M","R","E","$","T","?","M","?","R","M","R","BOSS","M","?","?","?","M","R","?","R","T","?","E","?","M","E","R","BOSS","M","?","$","?","?","R","?","R","T","R","$","M","M","M","R","BOSS"],"build_version":"2018-02-08-BETA1","purchased_purges":1,"victory":false,"master_deck":["Strike_R","Strike_R","Defend_R","Defend_R","Uppercut+1","Armaments+1","Pommel Strike+1","Shrug It Off+1","Flame Barrier+1","Reaper","Cleave+1","Shrug It Off+1","Twin Strike+1","Infernal Blade+1","Feed","Evolve+1","Thunderclap+1","Iron Wave","Bludgeon+1","Impervious+1","Spot Weakness+1","Wild Strike+1","Seeing Red+1","Bandage Up","Flex+1","True Grit+1","Offering"],"max_hp_per_floor":[72,72,72,77,77,77,77,77,77,77,77,77,77,77,77,77,77,77,77,77,77,77,77,77,77,77,77,80,80,83,87,87,91,91,94,94,94,94,94,94,94,94,94,94,94,97,97,97,97],"relics":["Burning Blood","Frozen Eye","Calipers","Ancient Tea Set","Gremlin Horn","Mark of Pain","Pen Nib","Bottled Lightning","Mercury Hourglass","Centennial Puzzle","Astrolabe","Du-Vu Doll"],"card_choices":[{"not_picked":["Wild Strike","True Grit"],"picked":"Uppercut"},{"not_picked":["Intimidate","Havoc"],"picked":"Pommel Strike"},{"not_picked":["Iron Wave","Warcry"],"picked":"Shrug It Off"},{"not_picked":["Clothesline","Shrug It Off"],"picked":"Flame Barrier"},{"not_picked":["Demon Form","Brutality"],"picked":"Reaper"},{"not_picked":["Warcry","Sword Boomerang"],"picked":"Cleave"},{"not_picked":["Clash","Body Slam"],"picked":"Twin Strike"},{"not_picked":["Uppercut","Heavy Blade"],"picked":"Infernal Blade"},{"not_picked":["Impervious","Flex"],"picked":"Evolve"},{"not_picked":["True Grit","Uppercut"],"picked":"Thunderclap"},{"not_picked":["Warcry","Shrug It Off"],"picked":"Iron Wave"},{"not_picked":["Berserk","Immolate"],"picked":"Bludgeon"},{"not_picked":["Headbutt","Perfected Strike"],"picked":"Seeing Red"},{"not_picked":["Flex","Combust"],"picked":"True Grit"}],"player_experience":327175,"potions_floor_usage":[50,50],"damage_taken":[{"damage":2.0,"enemies":"Small Slimes","floor":1.0,"turns":4.0},{"damage":3.0,"enemies":"Jaw Worm","floor":3.0,"turns":3.0},{"damage":8.0,"enemies":"Blue Slaver","floor":5.0,"turns":3.0},{"damage":18.0,"enemies":"Gremlin Nob","floor":7.0,"turns":4.0},{"damage":3.0,"enemies":"3 Louse","floor":11.0,"turns":3.0},{"damage":0.0,"enemies":"Looter","floor":14.0,"turns":2.0},{"damage":21.0,"enemies":"The Guardian","floor":16.0,"turns":13.0},{"damage":2.0,"enemies":"Chosen","floor":18.0,"turns":5.0},{"damage":14.0,"enemies":"Spheric Guardian","floor":20.0,"turns":5.0},{"damage":0.0,"enemies":"Cultist and Chosen","floor":22.0,"turns":7.0},{"damage":7.0,"enemies":"3 Cultists","floor":24.0,"turns":5.0},{"damage":6.0,"enemies":"Slavers","floor":28.0,"turns":6.0},{"damage":0.0,"enemies":"Snake Plant","floor":29.0,"turns":3.0},{"damage":6.0,"enemies":"Snecko","floor":30.0,"turns":4.0},{"damage":17.0,"enemies":"Gremlin Leader","floor":31.0,"turns":6.0},{"damage":30.0,"enemies":"Collector","floor":33.0,"turns":11.0},{"damage":3.0,"enemies":"3 Darklings","floor":35.0,"turns":5.0},{"damage":2.0,"enemies":"Orb Walker","floor":41.0,"turns":3.0},{"damage":4.0,"enemies":"3 Darklings","floor":46.0,"turns":5.0},{"damage":18.0,"enemies":"4 Shapes","floor":47.0,"turns":3.0},{"damage":12.0,"enemies":"Maw","floor":48.0,"turns":7.0},{"damage":110,"enemies":"Awakened One","floor":50,"turns":14}],"event_choices":[{"event_name":"Big Fish","player_choice":"Donut","floor":4.0,"damage_taken":0.0},{"event_name":"Scrap Ooze","player_choice":"success","floor":10.0,"damage_taken":25.0},{"event_name":"The Cleric","player_choice":"Card Removal","floor":12.0,"damage_taken":0.0},{"event_name":"Duplicator","player_choice":"One dupe","floor":19.0,"damage_taken":0.0},{"event_name":"The Library","player_choice":"Read","floor":27.0,"damage_taken":0.0},{"event_name":"Bonfire Elementals","player_choice":"BASIC","floor":36.0,"damage_taken":0.0},{"event_name":"Wheel of Change","player_choice":"Damage","floor":38.0,"damage_taken":0.0}],"boss_relics":[],"potions_floor_spawned":[3,11,16,18,24,31,35,48],"seed_played":"-3686909072127616141","killed_by":"Awakened One","ascension_level":0,"is_trial":false}