{"path_per_floor":["M","$","M","M","M","E","R","E","T","M","M","R","M","M","R","B",null,"M","M","$","M","M","R","E","M","T","R","M","R","$","M","R","B",null,"M","?","?","M","M","R","E","R","T","M","E","M","?","?","R","B"],"character_chosen":"IRONCLAD","items_purchased":["Apotheosis","Headbutt"],"gold_per_floor":[117,42,57,67,82,113,113,145,193,204,217,217,229,240,240,339,339,339,324,4,4,4,4,4,4,4,4,4,4,4,4,4,4,4,4,4,0,0,0,0,0,0,0,0,0,0,0,0,0,0],"floor_reached":51,"campfire_rested":4,"playtime":5993,"current_hp_per_floor":[72,72,63,68,72,31,52,39,46,47,53,53,51,57,57,23,79,79,77,77,71,73,73,41,28,28,51,58,58,58,56,56,39,79,73,73,73,78,53,76,71,71,71,76,60,47,47,47,70,44],"items_purged":["Strike_R","Defend_R"],"gold":0,"play_id":"f08d664e-842f-4090-b9ef-3470e728444f","is_prod":false,"is_daily":false,"campfire_rituals":0,"campfire_upgraded":6,"is_hardmode":false,"path_taken":["M","$","M","M","M","E","R","E","T","M","M","R","M","M","R","BOSS","M","M","$","M","M","R","E","M","T","R","M","R","$","M","R","BOSS","M","?","?","M","M","R","E","R","T","?","E","M","?","?","R","BOSS"],"build_version":"2018-01-18-PROD4","purchased_purges":2,"victory":true,"master_deck":["Strike_R","Strike_R","Strike_R","Defend_R","Defend_R","Defend_R","Bash","Shrug It Off","Spot Weakness","Pommel Strike","Pommel Strike","Headbutt","Thunderclap","Offering","Offering","Flex","Evolve","Apotheosis","Headbutt","Wild Strike","Battle Trance","Wild Strike","Offering","Reckless Charge","Burning Pact","Heavy Blade","Reckless Charge"],"max_hp_per_floor":[72,72,72,72,72,72,72,72,79,79,79,79,79,79,79,79,79,79,79,79,79,79,79,79,79,79,79,79,79,79,79,79,79,79,79,79,79,79,79,79,79,79,79,79,79,79,79,79,79,79],"relics":["Burning Blood","Red Skull","Anchor","Bottled Lightning","Strawberry","Ectoplasm","Magic Flower","Sundial","Mark of Pain","Red Mask","Shuriken","Orichalcum","Dream Catcher"],"campfire_meditates":0,"card_choices":[{"not_picked":["Clash","Dropkick"],"picked":"Shrug It Off"},{"not_picked":["Feel No Pain","Flame Barrier"],"picked":"Spot Weakness"},{"not_picked":["Evolve","Rupture"],"picked":"Pommel Strike"},{"not_picked":["Perfected Strike","Fiend Fire"],"picked":"Pommel Strike"},{"not_picked":["True Grit","Uppercut"],"picked":"Headbutt"},{"not_picked":["Second Wind","Sword Boomerang"],"picked":"Thunderclap"},{"not_picked":["Anger","Pommel Strike"],"picked":"Offering"},{"not_picked":["Immolate","Brutality"],"picked":"Offering"},{"not_picked":["Iron Wave","Shrug It Off"],"picked":"Flex"},{"not_picked":["Sword Boomerang","Infernal Blade"],"picked":"Evolve"},{"not_picked":["Rampage","Clash"],"picked":"Wild Strike"},{"not_picked":["Headbutt","Power Through"],"picked":"Battle Trance"},{"not_picked":["Twin Strike","Flex"],"picked":"Heavy Blade"},{"not_picked":["Armaments","Anger"],"picked":"Wild Strike"},{"not_picked":["Feed","Barricade"],"picked":"Offering"},{"not_picked":["Body Slam","Shrug It Off"],"picked":"Reckless Charge"},{"not_picked":["Reckless Charge","Shrug It Off"],"picked":"Burning Pact"},{"not_picked":["Searing Blow","Whirlwind"],"picked":"Heavy Blade"},{"not_picked":["Dark Embrace","Twin Strike"],"picked":"Reckless Charge"}],"player_experience":171942,"potions_floor_usage":[8,10,19,24,28,35,39,50,50,50],"damage_taken":[{"damage":6,"enemies":"2 Louse","floor":1,"turns":2},{"damage":15,"enemies":"Jaw Worm","floor":3,"turns":4},{"damage":1,"enemies":"Cultist","floor":4,"turns":3},{"damage":1,"enemies":"2 Fungi Beasts","floor":5,"turns":5},{"damage":47,"enemies":"Gremlin Nob","floor":6,"turns":6},{"damage":19,"enemies":"Lagavulin","floor":8,"turns":6},{"damage":5,"enemies":"Exordium Thugs","floor":10,"turns":4},{"damage":0,"enemies":"Looter","floor":11,"turns":2},{"damage":8,"enemies":"2 Fungi Beasts","floor":13,"turns":4},{"damage":0,"enemies":"Exordium Thugs","floor":14,"turns":3},{"damage":40,"enemies":"Slime Boss","floor":16,"turns":7},{"damage":6,"enemies":"Shell Parasite","floor":18,"turns":3},{"damage":8,"enemies":"2 Thieves","floor":19,"turns":2},{"damage":12,"enemies":"3 Cultists","floor":21,"turns":4},{"damage":4,"enemies":"Sentry and Sphere","floor":22,"turns":3},{"damage":38,"enemies":"Gremlin Leader","floor":24,"turns":3},{"damage":22,"enemies":"Snecko","floor":25,"turns":4},{"damage":2,"enemies":"Centurion and Healer","floor":28,"turns":3},{"damage":11,"enemies":"Snake Plant","floor":31,"turns":3},{"damage":26,"enemies":"Collector","floor":33,"turns":4},{"damage":15,"enemies":"3 Darklings","floor":35,"turns":4},{"damage":4,"enemies":"3 Shapes","floor":38,"turns":3},{"damage":34,"enemies":"Sphere and 2 Shapes","floor":39,"turns":3},{"damage":14,"enemies":"Giant Head","floor":41,"turns":4},{"damage":4,"enemies":"3 Darklings","floor":44,"turns":3},{"damage":25,"enemies":"2 Orb Walkers","floor":45,"turns":2},{"damage":22,"enemies":"4 Shapes","floor":46,"turns":2},{"damage":35,"enemies":"Donu and Deca","floor":50,"turns":4}],"event_choices":[{"event_name":"Tomb of Lord Red Mask","player_choice":"Paid","floor":37,"damage_taken":0},{"event_name":"Mysterious Sphere","player_choice":"Ignore","floor":47,"damage_taken":0},{"event_name":"Purifier","player_choice":"One Purge","floor":48,"damage_taken":0}],"boss_relics":[{"not_picked":["Tiny House","Runic Cube"],"picked":"Ectoplasm"},{"not_picked":["Black Blood","Eternal Feather"],"picked":"Mark of Pain"}],"potions_floor_spawned":[3,6,8,10,14,22,25,31,33,38,41,45,46],"seed_played":"-4465591614255571297","is_trial":false}