{"gold_per_floor":[111,125,125,55,67,100,100,131,131,306,366,376,394,420,420,420],"floor_reached":16,"playtime":499,"items_purged":[],"score":168,"play_id":"7c9a7253-010e-4f12-bd18-7be43e61e14f","local_time":"20180630033850","is_ascension_mode":true,"campfire_choices":[{"data":"Spot Weakness","floor":7.0,"key":"SMITH"},{"floor":15,"key":"REST"}],"neow_cost":"","seed_source_timestamp":272057085493711,"circlet_count":0,"master_deck":["Strike_R","Strike_R","Strike_R","Strike_R","Strike_R","Defend_R","Defend_R","Defend_R","Defend_R","Bash","Feed+1","Whirlwind","Iron Wave","Spot Weakness+1","Doubt","Rage","Impervious"],"special_seed":0,"relics":["Burning Blood","Letter Opener","Strawberry","Centennial Puzzle","Tiny Chest","Thread and Needle"],"potions_floor_usage":[16],"damage_taken":[{"damage":9.0,"enemies":"Jaw Worm","floor":1.0,"turns":4.0},{"damage":6.0,"enemies":"Cultist","floor":2.0,"turns":3.0},{"damage":3.0,"enemies":"Small Slimes","floor":5.0,"turns":3.0},{"damage":19.0,"enemies":"3 Sentries","floor":6.0,"turns":6.0},{"damage":52.0,"enemies":"Lagavulin","floor":8.0,"turns":7.0},{"damage":8.0,"enemies":"Gremlin Nob","floor":11.0,"turns":3.0},{"damage":11.0,"enemies":"Exordium Thugs","floor":12.0,"turns":2.0},{"damage":0.0,"enemies":"Gremlin Gang","floor":13.0,"turns":3.0},{"damage":32,"enemies":"Lagavulin","floor":14,"turns":8},{"damage":49,"enemies":"Slime Boss","floor":16,"turns":13}],"seed_played":"4039480387437452541","potions_obtained":[{"floor":1.0,"key":"Fire Potion"},{"floor":5.0,"key":"SkillPotion"},{"floor":8.0,"key":"AttackPotion"},{"floor":14,"key":"SkillPotion"}],"is_trial":false,"path_per_floor":["M","M","?","$","M","E","R","E","T","?","E","M","M","E","R"],"character_chosen":"IRONCLAD","items_purchased":["Whirlwind"],"campfire_rested":1,"item_purchase_floors":[],"current_hp_per_floor":[80,80,80,80,87,78,78,39,39,39,37,32,42,16,46,0],"gold":420,"neow_bonus":"","is_prod":false,"is_daily":false,"chose_seed":false,"campfire_upgraded":1,"win_rate":0,"timestamp":1530319130,"path_taken":["M","M","?","$","M","E","R","E","T","?","E","M","M","E","R","BOSS"],"build_version":"2018-06-28","purchased_purges":0,"victory":false,"max_hp_per_floor":[83,83,83,83,87,91,91,98,98,98,98,98,102,102,102,102],"card_choices":[{"not_picked":["Hemokinesis","Disarm","Clothesline"],"picked":"SKIP","floor":1.0},{"not_picked":["Evolve","Corruption","Rupture"],"picked":"SKIP","floor":2.0},{"not_picked":["Twin Strike","Anger"],"picked":"Iron Wave","floor":5.0},{"not_picked":["Body Slam","Twin Strike"],"picked":"Spot Weakness","floor":6.0},{"not_picked":["Infernal Blade","Havoc","Power Through"],"picked":"SKIP","floor":8.0},{"not_picked":["Thunderclap","Clash","Headbutt"],"picked":"SKIP","floor":11.0},{"not_picked":["Corruption","Havoc"],"picked":"Rage","floor":12.0},{"not_picked":["Seeing Red","Infernal Blade"],"picked":"Impervious","floor":13.0},{"not_picked":["Headbutt","Shockwave","Body Slam"],"picked":"SKIP","floor":14}],"player_experience":171084,"relics_obtained":[{"floor":6.0,"key":"Letter Opener"},{"floor":8.0,"key":"Strawberry"},{"floor":9.0,"key":"Centennial Puzzle"},{"floor":11.0,"key":"Tiny Chest"},{"floor":14,"key":"Thread and Needle"}],"event_choices":[{"event_name":"Upgrade Shrine","player_choice":"Upgraded","floor":3.0,"damage_taken":0.0},{"event_name":"Liars Game","player_choice":"agreed","floor":10.0,"damage_taken":0.0}],"boss_relics":[],"items_purged_floors":[],"is_endless":false,"potions_floor_spawned":[1,5,8,14],"killed_by":"Slime Boss","ascension_level":2}