{"gold_per_floor":[119,134,134,152,152,178,178,206,206,226,226,22,54,74,74,169,169,169,169,82,82,82,82,82,82,82,82,82,82,82,82,82,82,82,82,82,82,82,82,82,82,82,82,82,82,32,32,32,32,32],"floor_reached":51,"playtime":17243,"items_purged":["Strike_B","Strike_B","Defend_B"],"score":1014,"play_id":"939254d2-e25c-47a1-9119-8aba91aaeaff","local_time":"20190729013501","is_ascension_mode":true,"campfire_choices":[{"floor":7.0,"key":"REST"},{"floor":11.0,"key":"REST"},{"floor":15.0,"key":"REST"},{"floor":24.0,"key":"REST"},{"floor":28.0,"key":"REST"},{"data":"Chaos","floor":32.0,"key":"SMITH"},{"data":"Leap","floor":49,"key":"SMITH"}],"neow_cost":"NONE","seed_source_timestamp":32212097525376,"circlet_count":0,"master_deck":["Strike_B+1","Defend_B+1","Defend_B","Zap","Dualcast","Cold Snap+1","Leap+1","Chaos+1","Rebound","Steam","Machine Learning+1","Sweeping Beam","Self Repair+1","Echo Form+1","Ball Lightning+1","Self Repair+1","Buffer+1","Sweeping Beam","Scrape","Doom and Gloom+1","Conserve Battery+1","Reboot+1","Force Field+1","Glacier+1","Amplify+1","Defragment+1","Thinking Ahead+1","Secret Technique+1","Panacea+1","Seek+1"],"special_seed":0,"relics":["Sozu","Ornamental Fan","Smiling Mask","Whetstone","Frozen Egg 2","Regal Pillow","Ectoplasm","The Courier","Toxic Egg 2","Bag of Marbles","Lantern","Omamori","Tiny House","FossilizedHelix","Gambling Chip","MawBank","Pocketwatch","Bag of Preparation","Bottled Lightning"],"potions_floor_usage":[],"damage_taken":[{"damage":8.0,"enemies":"Small Slimes","floor":1.0,"turns":3.0},{"damage":0.0,"enemies":"2 Louse","floor":2.0,"turns":3.0},{"damage":0.0,"enemies":"Cultist","floor":4.0,"turns":4.0},{"damage":13.0,"enemies":"3 Sentries","floor":6.0,"turns":10.0},{"damage":41.0,"enemies":"Gremlin Nob","floor":8.0,"turns":5.0},{"damage":11.0,"enemies":"Large Slime","floor":10.0,"turns":5.0},{"damage":7.0,"enemies":"Lagavulin","floor":13.0,"turns":7.0},{"damage":0.0,"enemies":"3 Louse","floor":14.0,"turns":4.0},{"damage":25.0,"enemies":"Hexaghost","floor":16.0,"turns":10.0},{"damage":4.0,"enemies":"Spheric Guardian","floor":18.0,"turns":4.0},{"damage":10.0,"enemies":"3 Byrds","floor":19.0,"turns":6.0},{"damage":28.0,"enemies":"Shelled Parasite and Fungi","floor":21.0,"turns":7.0},{"damage":56.0,"enemies":"Book of Stabbing","floor":23.0,"turns":8.0},{"damage":69.0,"enemies":"Slavers","floor":25.0,"turns":6.0},{"damage":0.0,"enemies":"Sentry and Sphere","floor":27.0,"turns":5.0},{"damage":13.0,"enemies":"Gremlin Leader","floor":29.0,"turns":5.0},{"damage":0.0,"enemies":"3 Cultists","floor":30.0,"turns":4.0},{"damage":30.0,"enemies":"Book of Stabbing","floor":31.0,"turns":5.0},{"damage":41.0,"enemies":"Collector","floor":33.0,"turns":11.0},{"damage":6.0,"enemies":"3 Shapes","floor":35.0,"turns":5.0},{"damage":0.0,"enemies":"Mind Bloom Boss Battle","floor":36.0,"turns":8.0},{"damage":13.0,"enemies":"2 Orb Walkers","floor":37.0,"turns":7.0},{"damage":0,"enemies":"Reptomancer","floor":40,"turns":6},{"damage":0,"enemies":"Orb Walker","floor":41,"turns":5},{"damage":14,"enemies":"Nemesis","floor":42,"turns":7},{"damage":0,"enemies":"Sphere and 2 Shapes","floor":44,"turns":5},{"damage":0,"enemies":"Maw","floor":45,"turns":7},{"damage":0,"enemies":"Jaw Worm Horde","floor":47,"turns":5},{"damage":24,"enemies":"Time Eater","floor":50,"turns":12}],"seed_played":"-179224482424498675","potions_obtained":[],"is_trial":false,"path_per_floor":["M","M","?","M","?","E","R","E","T","M","R","$","E","M","R","B",null,"M","M","$","M","?","E","R","E","T","M","R","E","M","E","R","B",null,"M","?","?","?","T","E","M","E","T","M","M","$","M","?","R","B",null],"character_chosen":"DEFECT","items_purchased":["Machine Learning+1","Self Repair+1"],"campfire_rested":5,"item_purchase_floors":[12,20],"current_hp_per_floor":[60,60,60,60,60,47,69,28,28,17,39,39,32,32,69,54,70,75,75,75,75,75,39,75,36,36,56,75,75,75,65,65,44,72,80,80,80,70,70,80,80,80,80,80,80,80,80,80,80,66],"gold":32,"neow_bonus":"BOSS_RELIC","is_prod":false,"is_daily":false,"chose_seed":false,"campfire_upgraded":2,"win_rate":0,"timestamp":1564382101,"path_taken":["M","M","?","M","?","E","R","E","T","M","R","$","E","M","R","BOSS","M","M","$","M","?","E","R","E","T","M","R","E","M","E","R","BOSS","M","?","?","?","?","E","?","E","T","M","M","$","M","?","R","BOSS"],"build_version":"2019-07-17","purchased_purges":3,"victory":true,"max_hp_per_floor":[75,75,75,75,75,75,75,75,75,75,75,75,75,75,75,75,75,75,75,75,75,75,75,75,75,75,75,75,75,75,75,75,75,80,80,80,80,80,80,80,80,80,80,80,80,80,80,80,80,80],"card_choices":[{"not_picked":["Reinforced Body","Hologram"],"picked":"Cold Snap","floor":1.0},{"not_picked":["Coolheaded","Darkness"],"picked":"Leap","floor":2.0},{"not_picked":["Storm","Heatsinks"],"picked":"Ball Lightning","floor":4.0},{"not_picked":["Aggregate","Go for the Eyes"],"picked":"Chaos","floor":6.0},{"not_picked":["Stack","All For One"],"picked":"Rebound","floor":8.0},{"not_picked":["Beam Cell","Turbo"],"picked":"Steam","floor":10.0},{"not_picked":["Darkness","Reprogram"],"picked":"Sweeping Beam","floor":13.0},{"not_picked":["Steam Power","Turbo"],"picked":"Self Repair+1","floor":14.0},{"not_picked":["Multi-Cast","Meteor Strike"],"picked":"Echo Form+1","floor":16.0},{"not_picked":["Compile Driver","Go for the Eyes","Cold Snap"],"picked":"SKIP","floor":18.0},{"not_picked":["Coolheaded","Hologram"],"picked":"Ball Lightning+1","floor":19.0},{"not_picked":["Gash","Go for the Eyes+1"],"picked":"Buffer+1","floor":21.0},{"not_picked":["Heatsinks+1","Coolheaded","Gash"],"picked":"SKIP","floor":23.0},{"not_picked":["Streamline+1","Reinforced Body"],"picked":"Doom and Gloom+1","floor":25.0},{"not_picked":["Coolheaded+1","Gash"],"picked":"Conserve Battery+1","floor":27.0},{"not_picked":["Go for the Eyes","Aggregate+1"],"picked":"Reboot+1","floor":29.0},{"not_picked":["Turbo+1","Go for the Eyes"],"picked":"Force Field+1","floor":30.0},{"not_picked":["Heatsinks+1","Sweeping Beam+1"],"picked":"Glacier+1","floor":31.0},{"not_picked":["All For One","Hyperbeam"],"picked":"Amplify+1","floor":33.0},{"not_picked":["Ball Lightning+1","Turbo+1","Scrape"],"picked":"SKIP","floor":35.0},{"not_picked":["Blizzard+1","Hello World+1"],"picked":"Defragment+1","floor":36.0},{"not_picked":["HandOfGreed","Enlightenment+1"],"picked":"Thinking Ahead+1","floor":38},{"not_picked":["Discovery+1","Impatience+1"],"picked":"Secret Technique+1","floor":38},{"not_picked":["Mind Blast","Madness+1"],"picked":"Panacea+1","floor":38},{"not_picked":["Glacier+1","Double Energy+1","Steam+1"],"picked":"SKIP","floor":40},{"not_picked":["Glacier+1","Double Energy+1","Steam+1"],"picked":"SKIP","floor":40},{"not_picked":["Glacier+1","Double Energy+1","Steam+1"],"picked":"SKIP","floor":40},{"not_picked":["Streamline+1","Barrage","Cold Snap"],"picked":"SKIP","floor":41},{"not_picked":["Loop+1","Streamline"],"picked":"Seek+1","floor":42},{"not_picked":["Aggregate+1","Barrage+1","Rebound+1"],"picked":"SKIP","floor":44},{"not_picked":["Cold Snap+1","Sweeping Beam","Fusion+1"],"picked":"SKIP","floor":45},{"not_picked":["Ball Lightning+1","Conserve Battery+1","Steam+1"],"picked":"SKIP","floor":47}],"player_experience":759903,"relics_obtained":[{"floor":6.0,"key":"Smiling Mask"},{"floor":8.0,"key":"Whetstone"},{"floor":9.0,"key":"Frozen Egg 2"},{"floor":13.0,"key":"Regal Pillow"},{"floor":23.0,"key":"The Courier"},{"floor":25.0,"key":"Toxic Egg 2"},{"floor":26.0,"key":"Bag of Marbles"},{"floor":29.0,"key":"Lantern"},{"floor":31.0,"key":"Omamori"},{"floor":36.0,"key":"FossilizedHelix"},{"floor":37.0,"key":"Gambling Chip"},{"floor":39,"key":"MawBank"},{"floor":40,"key":"Pocketwatch"},{"floor":42,"key":"Bag of Preparation"},{"floor":43,"key":"Bottled Lightning"}],"event_choices":[{"damage_healed":0.0,"max_hp_gain":0.0,"max_hp_loss":0.0,"gold_gain":0.0,"event_name":"Liars Game","player_choice":"Ignored","floor":3.0,"gold_loss":0.0,"damage_taken":0.0},{"cards_removed":["Ball Lightning"],"damage_healed":0.0,"max_hp_gain":0.0,"max_hp_loss":0.0,"gold_gain":0.0,"event_name":"WeMeetAgain","player_choice":"Gave Card","floor":5.0,"gold_loss":0.0,"damage_taken":0.0,"relics_obtained":["Ornamental Fan"]},{"damage_healed":0.0,"max_hp_gain":0.0,"max_hp_loss":0.0,"gold_gain":0.0,"cards_transformed":["Defend_B","Strike_B"],"event_name":"Drug Dealer","player_choice":"Became Test Subject","floor":22.0,"gold_loss":0.0,"damage_taken":0.0,"cards_obtained":["Sweeping Beam","Scrape"]},{"damage_healed":0.0,"max_hp_gain":0.0,"max_hp_loss":0.0,"gold_gain":0.0,"event_name":"MindBloom","player_choice":"Fight","floor":36.0,"gold_loss":0.0,"damage_taken":0.0},{"damage_healed":0.0,"max_hp_gain":0.0,"max_hp_loss":0.0,"gold_gain":0.0,"event_name":"Mysterious Sphere","player_choice":"Fight","floor":37.0,"gold_loss":0.0,"damage_taken":0.0},{"damage_healed":0,"gold_gain":0,"player_choice":"Memory 3","damage_taken":10,"max_hp_gain":0,"max_hp_loss":0,"event_name":"SensoryStone","floor":38,"gold_loss":0},{"damage_healed":0,"gold_gain":0,"player_choice":"Leave","damage_taken":0,"max_hp_gain":0,"max_hp_loss":0,"event_name":"FaceTrader","floor":48,"gold_loss":0}],"is_beta":false,"boss_relics":[{"not_picked":["Lizard Tail","Astrolabe"],"picked":"Ectoplasm"},{"not_picked":["Calling Bell","Orrery"],"picked":"Tiny House"}],"items_purged_floors":[12,20,46],"is_endless":false,"potions_floor_spawned":[1,8,13,14,21,27,30,31,33,36,40,44,47],"ascension_level":6}