{"gold_per_floor":[117,117,134,152,152,152,166,166,189,207,59,59,107,107,107,207,207,218,133,232,245,317,331,331,343,343,343,236,236,271,271,271,374,374,385,119,135,135,147,147,164,164,164,164,243,243,83,102,102,102],"floor_reached":51,"playtime":1103,"items_purged":["Pain","Defend_R","Strike_R","Defend_R"],"score":703,"play_id":"24ca9a1c-f13d-4517-a01f-66cf21a9460f","local_time":"20190718033343","is_ascension_mode":false,"campfire_choices":[{"data":"Inflame","floor":6.0,"key":"SMITH"},{"data":"Inflame","floor":8.0,"key":"SMITH"},{"data":"Bash","floor":12.0,"key":"SMITH"},{"data":"Heavy Blade","floor":15.0,"key":"SMITH"},{"data":"Feed","floor":24.0,"key":"SMITH"},{"data":"Pummel","floor":27.0,"key":"SMITH"},{"data":"Inflame","floor":32.0,"key":"SMITH"},{"data":"Limit Break","floor":40,"key":"SMITH"},{"data":"Discovery","floor":42,"key":"SMITH"},{"data":"Limit Break","floor":44,"key":"SMITH"},{"data":"Perfected Strike","floor":46,"key":"SMITH"},{"data":"Defend_R","floor":49,"key":"SMITH"}],"neow_cost":"PERCENT_DAMAGE","seed_source_timestamp":0,"circlet_count":0,"master_deck":["Strike_R","Strike_R","Defend_R+1","Defend_R","Bash+1","Inflame+1","Inflame+1","Heavy Blade+1","Pummel+1","Feed+1","Uppercut+1","Infernal Blade+1","Inflame+1","Necronomicurse","Perfected Strike+1","Combust+1","Limit Break+1","Limit Break+1","Discovery+1"],"special_seed":0,"relics":["Burning Blood","Ginger","WarpedTongs","Anchor","Bag of Preparation","Philosopher\u0027s Stone","Blood Vial","The Courier","Ornamental Fan","Necronomicon","Frozen Egg 2","Busted Crown","DollysMirror","Letter Opener","Bottled Tornado"],"potions_floor_usage":[50,50,50],"damage_taken":[{"damage":11.0,"enemies":"Jaw Worm","floor":1.0,"turns":6.0},{"damage":4.0,"enemies":"Cultist","floor":3.0,"turns":3.0},{"damage":10.0,"enemies":"2 Louse","floor":4.0,"turns":3.0},{"damage":10.0,"enemies":"Red Slaver","floor":7.0,"turns":3.0},{"damage":10.0,"enemies":"Exordium Wildlife","floor":10.0,"turns":5.0},{"damage":40.0,"enemies":"Hexaghost","floor":16.0,"turns":5.0},{"damage":4.0,"enemies":"Shell Parasite","floor":18.0,"turns":2.0},{"damage":1.0,"enemies":"3 Byrds","floor":21.0,"turns":5.0},{"damage":14.0,"enemies":"Snake Plant","floor":23.0,"turns":4.0},{"damage":7.0,"enemies":"Cultist and Chosen","floor":25.0,"turns":3.0},{"damage":11.0,"enemies":"Book of Stabbing","floor":30.0,"turns":3.0},{"damage":16.0,"enemies":"Champ","floor":33.0,"turns":5.0},{"damage":0.0,"enemies":"Orb Walker","floor":35.0,"turns":2.0},{"damage":7.0,"enemies":"3 Shapes","floor":37.0,"turns":4.0},{"damage":18,"enemies":"Jaw Worm Horde","floor":39,"turns":3},{"damage":1,"enemies":"Maw","floor":41,"turns":4},{"damage":10,"enemies":"Writhing Mass","floor":48,"turns":2},{"damage":32,"enemies":"Donu and Deca","floor":50,"turns":4}],"seed_played":"-1872996082773461192","potions_obtained":[{"floor":1.0,"key":"GamblersBrew"},{"floor":4.0,"key":"Swift Potion"},{"floor":10.0,"key":"Weak Potion"},{"floor":14.0,"key":"Regen Potion"},{"floor":14.0,"key":"PowerPotion"},{"floor":21.0,"key":"Block Potion"},{"floor":23.0,"key":"Explosive Potion"},{"floor":37.0,"key":"Dexterity Potion"}],"is_trial":false,"path_per_floor":["M","?","M","M","?","R","M","R","T","M","$","R","T","?","R","B",null,"M","?","?","M","T","M","R","M","T","R","$","?","E","?","R","B",null,"M","$","M","?","M","R","M","R","T","R","T","R","$","M","R","B",null],"character_chosen":"IRONCLAD","items_purchased":["BloodPotion","Inflame","DollysMirror","Strength Potion"],"campfire_rested":0,"item_purchase_floors":[11,28,36,47],"current_hp_per_floor":[51,51,53,49,49,49,45,45,45,41,41,41,41,41,41,27,80,80,80,80,83,83,78,78,83,83,83,83,67,64,64,64,70,90,90,90,89,89,82,82,93,93,93,93,93,93,93,91,91,67],"gold":102,"neow_bonus":"ONE_RARE_RELIC","is_prod":false,"is_daily":false,"chose_seed":false,"campfire_upgraded":12,"win_rate":0,"timestamp":1563442423,"path_taken":["M","?","?","M","?","R","M","R","T","?","$","R","?","?","R","BOSS","M","?","?","M","?","?","R","M","T","R","$","?","E","?","R","BOSS","M","$","M","?","M","R","M","R","T","R","?","R","$","M","R","BOSS"],"build_version":"2019-07-17","purchased_purges":4,"victory":true,"max_hp_per_floor":[80,80,80,80,80,80,80,80,80,80,80,80,80,80,80,80,80,80,80,80,83,83,86,86,90,90,90,90,90,90,90,90,90,90,90,90,90,90,94,94,98,98,98,98,98,98,98,98,98,98],"card_choices":[{"not_picked":["Sentinel","Searing Blow"],"picked":"Inflame","floor":1.0},{"not_picked":["Uppercut","Headbutt"],"picked":"Inflame","floor":3.0},{"not_picked":["Feel No Pain","Iron Wave"],"picked":"Heavy Blade","floor":4.0},{"not_picked":["Clothesline","Entrench","Rampage"],"picked":"SKIP","floor":7.0},{"not_picked":["Shrug It Off","Sword Boomerang"],"picked":"Pummel","floor":10.0},{"not_picked":["Offering","Brutality"],"picked":"Feed","floor":16.0},{"not_picked":["Headbutt","Clothesline"],"picked":"Uppercut+1","floor":18.0},{"not_picked":["Rage","Dual Wield","Evolve+1"],"picked":"SKIP","floor":21.0},{"not_picked":["Warcry","Burning Pact"],"picked":"Infernal Blade+1","floor":23.0},{"not_picked":["Twin Strike","Fire Breathing+1","Sentinel+1"],"picked":"SKIP","floor":25.0},{"not_picked":["Bloodletting+1","Brutality","Dark Embrace"],"picked":"SKIP","floor":30.0},{"not_picked":["Juggernaut+1","Berserk+1"],"picked":"Limit Break","floor":33.0},{"not_picked":["Flex"],"picked":"SKIP","floor":35.0},{"not_picked":["Thunderclap+1"],"picked":"SKIP","floor":37.0},{"not_picked":[],"picked":"Discovery","floor":38},{"not_picked":["Entrench"],"picked":"SKIP","floor":39},{"not_picked":["Metallicize+1"],"picked":"SKIP","floor":41},{"not_picked":["Warcry+1"],"picked":"SKIP","floor":48}],"player_experience":1555396,"relics_obtained":[{"floor":9.0,"key":"Anchor"},{"floor":13.0,"key":"Bag of Preparation"},{"floor":22.0,"key":"The Courier"},{"floor":26.0,"key":"Ornamental Fan"},{"floor":29.0,"key":"Necronomicon"},{"floor":30.0,"key":"Frozen Egg 2"},{"floor":43,"key":"Letter Opener"},{"floor":45,"key":"Bottled Tornado"}],"event_choices":[{"damage_healed":0.0,"max_hp_gain":0.0,"max_hp_loss":0.0,"gold_gain":0.0,"event_name":"Accursed Blacksmith","player_choice":"Rummage","floor":2.0,"gold_loss":0.0,"damage_taken":0.0,"relics_obtained":["WarpedTongs"],"cards_obtained":["Pain"]},{"damage_healed":0.0,"max_hp_gain":0.0,"max_hp_loss":0.0,"gold_gain":0.0,"event_name":"NoteForYourself","player_choice":"Ignored","floor":5.0,"gold_loss":0.0,"damage_taken":0.0},{"damage_healed":0.0,"max_hp_gain":0.0,"max_hp_loss":0.0,"gold_gain":0.0,"event_name":"Lab","player_choice":"Got Potions","floor":14.0,"gold_loss":0.0,"damage_taken":0.0},{"damage_healed":0.0,"max_hp_gain":0.0,"max_hp_loss":0.0,"gold_gain":0.0,"event_name":"Addict","player_choice":"Obtained Relic","floor":19.0,"gold_loss":85.0,"damage_taken":0.0,"relics_obtained":["Blood Vial"]},{"damage_healed":0.0,"max_hp_gain":0.0,"max_hp_loss":0.0,"gold_gain":99.0,"event_name":"Nest","player_choice":"Stole From Cult","floor":20.0,"gold_loss":0.0,"damage_taken":0.0},{"damage_healed":0.0,"max_hp_gain":0.0,"max_hp_loss":0.0,"gold_gain":0.0,"event_name":"Cursed Tome","player_choice":"Obtained Book","floor":29.0,"gold_loss":0.0,"damage_taken":16.0},{"damage_healed":0.0,"max_hp_gain":0.0,"max_hp_loss":0.0,"gold_gain":0.0,"cards_transformed":["Strike_R","Strike_R"],"event_name":"Drug Dealer","player_choice":"Became Test Subject","floor":31.0,"gold_loss":0.0,"damage_taken":0.0,"cards_obtained":["Perfected Strike","Combust"]},{"damage_healed":0,"gold_gain":0,"player_choice":"Memory 1","damage_taken":0,"max_hp_gain":0,"max_hp_loss":0,"event_name":"SensoryStone","floor":38,"gold_loss":0}],"is_beta":false,"boss_relics":[{"not_picked":["Pandora\u0027s Box","Runic Cube"],"picked":"Philosopher\u0027s Stone"},{"not_picked":["Calling Bell","Black Blood"],"picked":"Busted Crown"}],"items_purged_floors":[11,28,36,47],"is_endless":false,"potions_floor_spawned":[1,4,10,21,23,30,37,39],"ascension_level":0}