{"path_per_floor":["M","M","$","?","M","R","M","R","T","M","M","M","R","?","R","B",null,"M","?","?","?","M","R","M","R","T","?","M","R","M","M","R"],"character_chosen":"THE_SILENT","items_purchased":["Noxious Fumes","Regen Potion"],"gold_per_floor":[112,127,2,2,26,26,50,50,50,69,88,108,108,108,108,236,236,249,287,287,202,225,225,244,244,244,244,262,262,276,301,301],"floor_reached":33,"campfire_rested":2,"playtime":3183,"current_hp_per_floor":[70,64,64,64,64,64,64,64,64,61,65,57,57,54,54,18,53,45,43,43,43,45,45,37,37,37,37,14,33,35,13,32],"items_purged":[],"gold":301,"play_id":"4b47ca24-55a2-458e-af94-f50bb382edce","is_prod":false,"is_daily":false,"is_ascension_mode":true,"campfire_upgraded":6,"path_taken":["M","M","$","?","M","R","M","R","T","?","M","M","R","?","R","BOSS","M","?","?","?","?","R","M","R","T","?","M","R","M","M","R","BOSS"],"build_version":"2018-01-29-BETA1","purchased_purges":0,"victory":false,"master_deck":["Survivor","Neutralize+1","Catalyst+1","Bouncing Flask+1","Noxious Fumes+1","Blur+1","Catalyst","Acrobatics","Reflex","Adrenaline","Underhanded Strike","Underhanded Strike","Poisoned Stab","Poisoned Stab","Flying Knee","Deflect","Dodge and Roll+1","Dagger Spray","Poisoned Stab","Sucker Punch","Cloak And Dagger","Escape Plan","Caltrops+1"],"max_hp_per_floor":[70,70,70,65,65,65,65,65,65,65,65,65,65,65,65,65,65,65,65,65,65,65,65,65,65,65,65,65,65,65,65,65],"relics":["Ring of the Snake","Frozen Eye","Golden Idol","Bird Faced Urn","Unceasing Top","Pandora\u0027s Box","Red Mask","Dream Catcher","Shovel","Smiling Mask"],"card_choices":[{"not_picked":["Sucker Punch","Deflect"],"picked":"Catalyst"},{"not_picked":["Deadly Poison","Catalyst"],"picked":"Bouncing Flask"},{"not_picked":["Cloak And Dagger","Caltrops"],"picked":"Blur"},{"not_picked":["Slice","Prepared"],"picked":"Catalyst"},{"not_picked":["Outmaneuver","Terror"],"picked":"Acrobatics"},{"not_picked":["Deflect","Predator"],"picked":"Reflex"},{"not_picked":["Grand Finale","Venomology"],"picked":"Adrenaline"},{"not_picked":["Setup","Sucker Punch"],"picked":"Cloak And Dagger"},{"not_picked":["Bouncing Flask","PiercingWail"],"picked":"Escape Plan"},{"not_picked":["Skewer","Malaise"],"picked":"Caltrops"}],"player_experience":149149,"potions_floor_usage":[7,11,11,18,19,19,31,33],"damage_taken":[{"damage":0,"enemies":"Jaw Worm","floor":1,"turns":4},{"damage":6,"enemies":"2 Louse","floor":2,"turns":3},{"damage":0,"enemies":"Blue Slaver","floor":5,"turns":6},{"damage":0,"enemies":"Large Slime","floor":7,"turns":7},{"damage":4,"enemies":"3 Louse","floor":10,"turns":5},{"damage":2,"enemies":"Exordium Wildlife","floor":11,"turns":3},{"damage":8,"enemies":"Large Slime","floor":12,"turns":7},{"damage":38,"enemies":"Hexaghost","floor":16,"turns":7},{"damage":10,"enemies":"Shell Parasite","floor":18,"turns":4},{"damage":4,"enemies":"Masked Bandits","floor":19,"turns":3},{"damage":0,"enemies":"Chosen","floor":22,"turns":3},{"damage":10,"enemies":"Snake Plant","floor":24,"turns":4},{"damage":25,"enemies":"Cultist and Chosen","floor":28,"turns":6},{"damage":0,"enemies":"Snecko","floor":30,"turns":4},{"damage":26,"enemies":"Centurion and Healer","floor":31,"turns":5},{"damage":59,"enemies":"Champ","floor":33,"turns":7}],"event_choices":[{"event_name":"Golden Idol","player_choice":"Lose Max HP","floor":4,"damage_taken":0},{"event_name":"Scrap Ooze","player_choice":"success","floor":14,"damage_taken":3},{"event_name":"Masked Bandits","player_choice":"Fought over 249 gold","floor":19,"damage_taken":0},{"event_name":"Fountain of Cleansing","player_choice":"Removed Curse","floor":20,"damage_taken":0},{"event_name":"Addict","player_choice":"Obtained Relic","floor":21,"damage_taken":0},{"event_name":"The Mausoleum","player_choice":"Yes","floor":27,"damage_taken":0}],"boss_relics":[{"not_picked":["Ectoplasm","Snecko Eye"],"picked":"Pandora\u0027s Box"}],"potions_floor_spawned":[1,5,11,16,18,30,31],"seed_played":"5887282338419233694","killed_by":"Champ","ascension_level":5,"is_trial":false}