{"gold_per_floor":[111,111,128,128,140,174,174,193,193,209,209,234,162,179,179,279,279,299,23,34,52,52,79,79,79,79,79,93,125,139,12,12,107,107,123,134,149,165,165,165,184,199,199,218,17,17,35,45,45,45],"floor_reached":51,"playtime":2678,"items_purged":[],"score":735,"play_id":"3529b997-c3a7-4a62-a004-7f3f2e0084d9","local_time":"20181124221508","is_ascension_mode":false,"campfire_choices":[{"data":"Go for the Eyes","floor":7.0,"key":"SMITH"},{"data":"Defragment","floor":15.0,"key":"SMITH"},{"data":"Machine Learning","floor":24.0,"key":"SMITH"},{"data":"Capacitor","floor":32,"key":"SMITH"},{"data":"Defragment","floor":46,"key":"SMITH"},{"data":"Loop","floor":49,"key":"SMITH"}],"neow_cost":"NONE","seed_source_timestamp":266265163498056,"circlet_count":0,"master_deck":["Strike_B","Strike_B","Strike_B","Strike_B","Defend_B","Defend_B","Defend_B","Defend_B","Zap","Dualcast","Coolheaded","Cold Snap","Genetic Algorithm","Go for the Eyes+1","Defragment+1","Self Repair","Self Repair","Gash","Machine Learning+1","Redo+1","Capacitor+1","Defragment+1","Chill","Self Repair","Go for the Eyes","Buffer","Gash+1","Coolheaded+1","Redo+1","Reprogram","Defragment+1","Loop+1","Ball Lightning","Chaos+1","Stack+1"],"special_seed":0,"relics":["Cracked Core","Letter Opener","Sundial","Dodecahedron","Calipers","Coffee Dripper","DollysMirror","Smiling Mask","Pear","Red Mask","Inserter","Question Card","Bottled Lightning","Lantern"],"potions_floor_usage":[25,33,33,37,38,42,50],"damage_taken":[{"damage":5.0,"enemies":"Small Slimes","floor":1.0,"turns":3.0},{"damage":0.0,"enemies":"Cultist","floor":3.0,"turns":3.0},{"damage":7.0,"enemies":"Jaw Worm","floor":5.0,"turns":4.0},{"damage":29.0,"enemies":"Lagavulin","floor":6.0,"turns":9.0},{"damage":5.0,"enemies":"Large Slime","floor":8.0,"turns":6.0},{"damage":3.0,"enemies":"Looter","floor":10.0,"turns":4.0},{"damage":6.0,"enemies":"3 Sentries","floor":12.0,"turns":12.0},{"damage":13.0,"enemies":"Exordium Wildlife","floor":14.0,"turns":5.0},{"damage":25.0,"enemies":"Hexaghost","floor":16.0,"turns":13.0},{"damage":7.0,"enemies":"Shell Parasite","floor":18.0,"turns":6.0},{"damage":4.0,"enemies":"Chosen","floor":20.0,"turns":6.0},{"damage":11.0,"enemies":"Snecko","floor":21.0,"turns":6.0},{"damage":26.0,"enemies":"Gremlin Leader","floor":23.0,"turns":8.0},{"damage":19,"enemies":"Colosseum Slavers","floor":25,"turns":5},{"damage":15,"enemies":"Shelled Parasite and Fungi","floor":28,"turns":8},{"damage":27,"enemies":"Masked Bandits","floor":29,"turns":6},{"damage":15,"enemies":"Snake Plant","floor":30,"turns":4},{"damage":3,"enemies":"Collector","floor":33,"turns":15},{"damage":5,"enemies":"3 Shapes","floor":35,"turns":7},{"damage":6,"enemies":"Orb Walker","floor":36,"turns":6},{"damage":31,"enemies":"3 Darklings","floor":37,"turns":7},{"damage":18,"enemies":"Jaw Worm Horde","floor":38,"turns":7},{"damage":30,"enemies":"Sphere and 2 Shapes","floor":41,"turns":7},{"damage":1,"enemies":"Spire Growth","floor":42,"turns":7},{"damage":36,"enemies":"Jaw Worm Horde","floor":44,"turns":7},{"damage":4,"enemies":"4 Shapes","floor":47,"turns":7},{"damage":2,"enemies":"Sphere and 2 Shapes","floor":48,"turns":6},{"damage":13,"enemies":"Donu and Deca","floor":50,"turns":16}],"seed_played":"-5239684486242638919","potions_obtained":[{"floor":1.0,"key":"EssenceOfSteel"},{"floor":3.0,"key":"Energy Potion"},{"floor":5.0,"key":"SteroidPotion"},{"floor":20.0,"key":"Energy Potion"},{"floor":28,"key":"Energy Potion"},{"floor":29,"key":"Ancient Potion"},{"floor":30,"key":"AttackPotion"},{"floor":35,"key":"Weak Potion"},{"floor":36,"key":"Block Potion"},{"floor":37,"key":"Energy Potion"},{"floor":41,"key":"SkillPotion"},{"floor":48,"key":"Fire Potion"}],"is_trial":false,"path_per_floor":["M","?","M","$","M","E","R","M","T","M","?","E","$","M","R","B",null,"M","$","M","M","$","E","R","?","T","?","M","?","M","$","R","B",null,"M","M","M","M","?","T","M","M","T","M","$","R","M","M","R","B",null],"character_chosen":"DEFECT","items_purchased":["Self Repair","Capacitor","DollysMirror","Self Repair","Go for the Eyes","Lantern","Ball Lightning"],"campfire_rested":0,"item_purchase_floors":[13,19,19,31,31,45,45],"current_hp_per_floor":[70,85,85,85,78,49,49,44,44,41,34,28,28,29,29,18,85,85,85,85,85,85,73,73,68,78,78,77,64,63,63,63,81,95,95,95,85,88,88,88,79,95,95,80,80,80,95,95,95,95],"gold":45,"neow_bonus":"ONE_RANDOM_RARE_CARD","is_prod":false,"is_daily":false,"chose_seed":false,"campfire_upgraded":6,"win_rate":0,"timestamp":1543090508,"path_taken":["M","?","M","$","?","E","R","M","T","M","?","E","$","M","R","BOSS","M","$","M","M","$","E","R","?","T","?","M","?","M","$","R","BOSS","M","M","M","M","?","?","M","M","T","M","$","R","M","M","R","BOSS"],"build_version":"2018-11-15","purchased_purges":0,"victory":true,"max_hp_per_floor":[75,85,85,85,85,85,85,85,85,85,85,85,85,85,85,85,85,85,85,85,85,85,85,85,85,95,95,95,95,95,95,95,95,95,95,95,95,95,95,95,95,95,95,95,95,95,95,95,95,95],"card_choices":[{"not_picked":["Heatsinks","Hologram"],"picked":"Coolheaded","floor":1.0},{"not_picked":["Glacier","Heatsinks"],"picked":"Cold Snap","floor":3.0},{"not_picked":["Coolheaded","Leap"],"picked":"Genetic Algorithm","floor":5.0},{"not_picked":["Sweeping Beam","Glacier"],"picked":"Go for the Eyes","floor":6.0},{"not_picked":["Cold Snap","Ball Lightning","Double Energy"],"picked":"SKIP","floor":8.0},{"not_picked":["Self Repair","Cold Snap"],"picked":"Defragment","floor":10.0},{"not_picked":["Sweeping Beam","Static Discharge"],"picked":"Self Repair","floor":12.0},{"not_picked":["Barrage","Recycle"],"picked":"Gash","floor":14.0},{"not_picked":["Reboot","Thunder Strike"],"picked":"Machine Learning","floor":16.0},{"not_picked":["Doom and Gloom","Sweeping Beam"],"picked":"Redo+1","floor":18.0},{"not_picked":["Darkness+1","Recycle","Rebound+1"],"picked":"SKIP","floor":20.0},{"not_picked":["Fusion+1","Redo","Turbo"],"picked":"SKIP","floor":21.0},{"not_picked":["Storm+1","Aggregate","Steam"],"picked":"SKIP","floor":23.0},{"not_picked":["Compile Driver","Cold Snap","Leap"],"picked":"SKIP","floor":28},{"not_picked":["Static Discharge","Doom and Gloom"],"picked":"Chill","floor":29},{"not_picked":["Sweeping Beam+1","Rip and Tear+1","Ball Lightning"],"picked":"SKIP","floor":30},{"not_picked":["Amplify","All For One"],"picked":"Buffer","floor":33},{"not_picked":["Chill","Consume+1"],"picked":"Gash+1","floor":35},{"not_picked":["Stack+1","Go for the Eyes+1"],"picked":"Coolheaded+1","floor":36},{"not_picked":["Doom and Gloom","Storm+1"],"picked":"Redo+1","floor":37},{"not_picked":["Storm+1","Redo"],"picked":"Reprogram","floor":38},{"not_picked":["Barrage","Cold Snap","Redo"],"picked":"Defragment","floor":41},{"not_picked":["Steam","Rebound+1","Steam Power+1","Sunder+1"],"picked":"SKIP","floor":42},{"not_picked":["Gash+1","Go for the Eyes","Recycle"],"picked":"Loop","floor":44},{"not_picked":["Recycle","Rebound","Multi-Cast"],"picked":"Chaos+1","floor":47},{"not_picked":["Sweeping Beam+1","Hologram","Self Repair"],"picked":"Stack+1","floor":48}],"player_experience":498287,"relics_obtained":[{"floor":6.0,"key":"Letter Opener"},{"floor":9.0,"key":"Sundial"},{"floor":12.0,"key":"Calipers"},{"floor":23.0,"key":"Smiling Mask"},{"floor":26,"key":"Pear"},{"floor":29,"key":"Red Mask"},{"floor":40,"key":"Question Card"},{"floor":43,"key":"Bottled Lightning"}],"event_choices":[{"cards_removed":["Rainbow"],"damage_healed":5.0,"max_hp_gain":10.0,"max_hp_loss":0.0,"gold_gain":0.0,"event_name":"Bonfire Elementals","player_choice":"Offered Rare","floor":2.0,"gold_loss":0.0,"damage_taken":0.0},{"damage_healed":0.0,"max_hp_gain":0.0,"max_hp_loss":0.0,"gold_gain":0.0,"event_name":"Scrap Ooze","player_choice":"Success","floor":11.0,"gold_loss":0.0,"damage_taken":7.0,"relics_obtained":["Dodecahedron"]},{"damage_healed":0,"gold_gain":0,"player_choice":"Fight","damage_taken":0,"max_hp_gain":0,"max_hp_loss":0,"event_name":"Colosseum","floor":25,"gold_loss":0},{"damage_healed":0,"gold_gain":0,"player_choice":"Fled From Nobs","damage_taken":0,"max_hp_gain":0,"max_hp_loss":0,"event_name":"Colosseum","floor":25,"gold_loss":0},{"damage_healed":0,"gold_gain":0,"player_choice":"Fought Bandits","damage_taken":0,"max_hp_gain":0,"max_hp_loss":0,"event_name":"Masked Bandits","floor":29,"gold_loss":0},{"damage_healed":0,"gold_gain":0,"player_choice":"Memory 1","damage_taken":0,"max_hp_gain":0,"max_hp_loss":0,"event_name":"SensoryStone","floor":39,"gold_loss":0}],"is_beta":false,"boss_relics":[{"not_picked":["Snecko Eye","Tiny House"],"picked":"Coffee Dripper"},{"not_picked":["White Beast Statue","Eternal Feather"],"picked":"Inserter"}],"items_purged_floors":[],"is_endless":false,"potions_floor_spawned":[1,3,5,20,28,29,30,35,36,37,41,48],"ascension_level":0}