{"gold_per_floor":[118,130,55,67,67,93,93,116,197,207,225,238,254,12,12,112,112,129,29,29,40,59,59,75,75,75,49,60,60,70,84,84,180,180,196,471,482,41,55,55,73,73,73,120,136,50,61,61,61,61],"floor_reached":51,"playtime":1313,"items_purged":["Strike_R","Strike_R","Strike_R"],"score":755,"play_id":"a208424c-ed1b-463e-a1d4-56e6d5e78f0c","local_time":"20190630145703","is_ascension_mode":false,"campfire_choices":[{"data":"Whirlwind","floor":7.0,"key":"SMITH"},{"data":"Inflame","floor":15.0,"key":"SMITH"},{"data":"Double Tap","floor":23.0,"key":"SMITH"},{"data":"Demon Form","floor":25.0,"key":"SMITH"},{"data":"Battle Trance","floor":29.0,"key":"SMITH"},{"data":"Finesse","floor":32.0,"key":"SMITH"},{"data":"Apotheosis","floor":40.0,"key":"SMITH"},{"data":"Trip","floor":49,"key":"SMITH"}],"neow_cost":"NONE","seed_source_timestamp":58027883914400,"circlet_count":0,"master_deck":["Strike_R","Strike_R","Defend_R","Defend_R","Defend_R","Defend_R","Bash","Cleave","Whirlwind+1","Shrug It Off","Inflame+1","Battle Trance+1","Demon Form+1","Finesse+1","Double Tap+1","Headbutt","Reaper","Apotheosis+1","Trip+1"],"special_seed":0,"relics":["Black Blood","Centennial Puzzle","Omamori","Pen Nib","Odd Mushroom","Letter Opener","Shuriken","Cursed Key","Bottled Tornado","Anchor","Ginger"],"potions_floor_usage":[44,44,50,50],"damage_taken":[{"damage":2.0,"enemies":"Small Slimes","floor":1.0,"turns":4.0},{"damage":0.0,"enemies":"2 Louse","floor":2.0,"turns":2.0},{"damage":3.0,"enemies":"Jaw Worm","floor":4.0,"turns":4.0},{"damage":54.0,"enemies":"Lagavulin","floor":6.0,"turns":6.0},{"damage":2.0,"enemies":"The Mushroom Lair","floor":8.0,"turns":2.0},{"damage":11.0,"enemies":"Lots of Slimes","floor":10.0,"turns":2.0},{"damage":6.0,"enemies":"Exordium Wildlife","floor":11.0,"turns":3.0},{"damage":0.0,"enemies":"2 Fungi Beasts","floor":12.0,"turns":2.0},{"damage":14.0,"enemies":"Blue Slaver","floor":13.0,"turns":4.0},{"damage":25.0,"enemies":"The Guardian","floor":16.0,"turns":14.0},{"damage":0.0,"enemies":"Chosen","floor":18.0,"turns":4.0},{"damage":10.0,"enemies":"Spheric Guardian","floor":21.0,"turns":4.0},{"damage":8.0,"enemies":"Chosen and Byrds","floor":22.0,"turns":3.0},{"damage":11.0,"enemies":"Snake Plant","floor":24.0,"turns":2.0},{"damage":8.0,"enemies":"Snecko","floor":28.0,"turns":3.0},{"damage":15.0,"enemies":"Centurion and Healer","floor":30.0,"turns":3.0},{"damage":22.0,"enemies":"Snake Plant","floor":31.0,"turns":3.0},{"damage":40.0,"enemies":"Collector","floor":33.0,"turns":5.0},{"damage":14.0,"enemies":"3 Darklings","floor":35.0,"turns":3.0},{"damage":5.0,"enemies":"Orb Walker","floor":37.0,"turns":3.0},{"damage":5.0,"enemies":"3 Darklings","floor":39.0,"turns":3.0},{"damage":41,"enemies":"Sphere and 2 Shapes","floor":41,"turns":5},{"damage":50,"enemies":"2 Orb Walkers","floor":44,"turns":4},{"damage":24,"enemies":"Spire Growth","floor":45,"turns":6},{"damage":33,"enemies":"Maw","floor":47,"turns":5},{"damage":46,"enemies":"Donu and Deca","floor":50,"turns":7}],"seed_played":"-1585188813834195452","potions_obtained":[{"floor":2.0,"key":"BloodPotion"},{"floor":6.0,"key":"LiquidBronze"},{"floor":11.0,"key":"BloodPotion"},{"floor":16.0,"key":"Fire Potion"},{"floor":18.0,"key":"Ancient Potion"},{"floor":30.0,"key":"BloodPotion"},{"floor":35.0,"key":"Strength Potion"},{"floor":45,"key":"Weak Potion"},{"floor":47,"key":"Swift Potion"}],"is_trial":false,"path_per_floor":["M","M","$","M","?","E","R","?","T","M","M","M","M","$","R","B",null,"M","$","?","M","M","R","M","R","T","$","M","R","M","M","R","B",null,"M","?","M","$","M","R","M","$","T","?","M","$","M","$","R","B",null],"character_chosen":"IRONCLAD","items_purchased":["Shuriken","Headbutt","Apotheosis","Anchor","Trip"],"campfire_rested":0,"item_purchase_floors":[14,27,38,38,46],"current_hp_per_floor":[80,80,80,80,62,22,22,26,26,21,21,27,19,19,19,8,80,80,80,80,76,74,74,69,69,69,69,67,67,58,42,42,16,80,76,76,80,80,80,80,70,70,70,55,79,79,80,80,80,44],"gold":61,"neow_bonus":"RANDOM_COMMON_RELIC","is_prod":false,"is_daily":false,"chose_seed":false,"campfire_upgraded":8,"win_rate":0,"timestamp":1561895823,"path_taken":["M","M","$","M","?","E","R","?","T","M","M","M","M","$","R","BOSS","M","$","?","M","?","R","M","R","T","$","M","R","M","M","R","BOSS","M","?","M","$","M","R","?","$","T","?","M","$","M","?","R","BOSS"],"build_version":"2019-01-23","purchased_purges":3,"victory":true,"max_hp_per_floor":[80,80,80,80,80,80,80,80,80,80,80,80,80,80,80,80,80,80,80,80,80,80,80,80,80,80,80,80,80,80,80,80,80,80,80,80,80,80,80,80,80,80,80,80,80,80,80,80,80,80],"card_choices":[{"not_picked":["Clash","Headbutt"],"picked":"Cleave","floor":1.0},{"not_picked":["Havoc","Intimidate"],"picked":"Whirlwind","floor":2.0},{"not_picked":["Clash","Entrench","Warcry"],"picked":"SKIP","floor":4.0},{"not_picked":["Warcry","Bloodletting","Havoc"],"picked":"SKIP","floor":6.0},{"not_picked":["Thunderclap","Bloodletting"],"picked":"Shrug It Off","floor":8.0},{"not_picked":["Clothesline","Fire Breathing","Iron Wave"],"picked":"SKIP","floor":10.0},{"not_picked":["Burning Pact","Double Tap"],"picked":"Inflame","floor":11.0},{"not_picked":["Twin Strike","Sword Boomerang","Flame Barrier"],"picked":"SKIP","floor":12.0},{"not_picked":["Iron Wave","Clash"],"picked":"Battle Trance","floor":13.0},{"not_picked":["Berserk","Reaper"],"picked":"Demon Form","floor":16.0},{"not_picked":["Dual Wield+1","Wild Strike","Warcry+1"],"picked":"SKIP","floor":18.0},{"not_picked":["Wild Strike","Clash","Flex"],"picked":"SKIP","floor":21.0},{"not_picked":["Thunderclap","Wild Strike+1"],"picked":"Double Tap","floor":22.0},{"not_picked":["Armaments","Heavy Blade","Dropkick"],"picked":"SKIP","floor":24.0},{"not_picked":["Flame Barrier+1","Flex+1","Rampage+1"],"picked":"SKIP","floor":28.0},{"not_picked":["Perfected Strike+1","Cleave","Juggernaut"],"picked":"SKIP","floor":30.0},{"not_picked":["Armaments","Infernal Blade","True Grit"],"picked":"SKIP","floor":31.0},{"not_picked":["Dark Embrace","Brutality"],"picked":"Reaper","floor":33.0},{"not_picked":["Wild Strike","Cleave","True Grit"],"picked":"SKIP","floor":35.0},{"not_picked":["Uppercut","Flame Barrier","Combust"],"picked":"SKIP","floor":37.0},{"not_picked":["Blood for Blood+1","Shockwave+1","Hemokinesis"],"picked":"SKIP","floor":39.0},{"not_picked":["Headbutt+1","Sword Boomerang+1","Pommel Strike+1"],"picked":"SKIP","floor":41},{"not_picked":["Rage+1","Flex","Bloodletting"],"picked":"SKIP","floor":45},{"not_picked":["Infernal Blade","Clothesline+1","Pommel Strike"],"picked":"SKIP","floor":47}],"player_experience":662770,"relics_obtained":[{"floor":6.0,"key":"Pen Nib"},{"floor":8.0,"key":"Odd Mushroom"},{"floor":9.0,"key":"Letter Opener"},{"floor":26.0,"key":"Bottled Tornado"},{"floor":44,"key":"Ginger"}],"event_choices":[{"damage_healed":0.0,"max_hp_gain":0.0,"max_hp_loss":0.0,"gold_gain":0.0,"event_name":"Scrap Ooze","player_choice":"Success","floor":5.0,"gold_loss":0.0,"damage_taken":18.0,"relics_obtained":["Omamori"]},{"damage_healed":0.0,"max_hp_gain":0.0,"max_hp_loss":0.0,"gold_gain":0.0,"event_name":"Mushrooms","player_choice":"Fought Mushrooms","floor":8.0,"gold_loss":0.0,"damage_taken":0.0},{"damage_healed":0.0,"max_hp_gain":0.0,"max_hp_loss":0.0,"gold_gain":0.0,"event_name":"Match and Keep!","player_choice":"1 cards matched","floor":20.0,"gold_loss":0.0,"damage_taken":0.0,"cards_obtained":["Finesse"]},{"damage_healed":0.0,"max_hp_gain":0.0,"max_hp_loss":0.0,"gold_gain":275.0,"event_name":"Golden Shrine","player_choice":"Desecrate","floor":36.0,"gold_loss":0.0,"damage_taken":0.0,"cards_obtained":["Regret"]},{"damage_healed":0,"gold_gain":0,"player_choice":"Fight","damage_taken":0,"max_hp_gain":0,"max_hp_loss":0,"event_name":"Mysterious Sphere","floor":44,"gold_loss":0}],"is_beta":false,"boss_relics":[{"not_picked":["Pandora\u0027s Box","Velvet Choker"],"picked":"Cursed Key"},{"not_picked":["Snecko Eye","Black Star"],"picked":"Black Blood"}],"items_purged_floors":[3,19,38],"is_endless":false,"potions_floor_spawned":[2,6,11,16,18,22,30,35,41,45,47],"ascension_level":0}