{"gold_per_floor":[119,133,65,65,77,105,105,118,118,133,147,147,165,92,92,187,187,201,54,54,71,71,100,100,100,100,100,45,58,74,91,91,195,195,206,223,223,239,239,239],"floor_reached":40,"playtime":1115,"items_purged":[],"score":410,"play_id":"c1db95db-7d34-4110-b96f-23c294a874bc","local_time":"20181123013938","is_ascension_mode":false,"campfire_choices":[{"data":"Spot Weakness","floor":7.0,"key":"SMITH"},{"data":"Sword Boomerang","floor":15.0,"key":"SMITH"},{"data":"Rage","floor":25.0,"key":"SMITH"},{"floor":27.0,"key":"REST"},{"data":"Bash","floor":32.0,"key":"SMITH"}],"neow_cost":"NONE","seed_source_timestamp":0,"circlet_count":0,"master_deck":["Strike_R","Strike_R","Strike_R","Strike_R","Strike_R","Defend_R","Defend_R","Bash+1","Spot Weakness+1","Rage+1","Inflame+1","Sword Boomerang+1","Evolve","Dropkick"],"special_seed":0,"relics":["Black Blood","Mercury Hourglass","Meat on the Bone","Velvet Choker","Bag of Marbles","Letter Opener","The Courier"],"potions_floor_usage":[40,40,40],"damage_taken":[{"damage":0.0,"enemies":"2 Louse","floor":1.0,"turns":3.0},{"damage":8.0,"enemies":"Jaw Worm","floor":2.0,"turns":3.0},{"damage":6.0,"enemies":"Cultist","floor":5.0,"turns":3.0},{"damage":36.0,"enemies":"Lagavulin","floor":6.0,"turns":7.0},{"damage":3.0,"enemies":"Blue Slaver","floor":8.0,"turns":3.0},{"damage":0.0,"enemies":"Large Slime","floor":10.0,"turns":5.0},{"damage":1.0,"enemies":"2 Fungi Beasts","floor":11.0,"turns":3.0},{"damage":10.0,"enemies":"Exordium Wildlife","floor":13.0,"turns":3.0},{"damage":35.0,"enemies":"Slime Boss","floor":16.0,"turns":7.0},{"damage":0.0,"enemies":"Spheric Guardian","floor":18.0,"turns":3.0},{"damage":4.0,"enemies":"Chosen","floor":21.0,"turns":3.0},{"damage":58.0,"enemies":"Slavers","floor":23.0,"turns":5.0},{"damage":15.0,"enemies":"Shelled Parasite and Fungi","floor":29.0,"turns":3.0},{"damage":5.0,"enemies":"Chosen and Byrds","floor":30.0,"turns":4.0},{"damage":12.0,"enemies":"Centurion and Healer","floor":31.0,"turns":4.0},{"damage":38.0,"enemies":"Collector","floor":33.0,"turns":7.0},{"damage":58,"enemies":"3 Shapes","floor":35,"turns":4},{"damage":15,"enemies":"Orb Walker","floor":36,"turns":3},{"damage":27,"enemies":"3 Darklings","floor":38,"turns":5},{"damage":50,"enemies":"Reptomancer","floor":40,"turns":5}],"seed_played":"5762037303688283671","potions_obtained":[{"floor":5.0,"key":"Fire Potion"},{"floor":8.0,"key":"Strength Potion"},{"floor":10.0,"key":"Poison Potion"},{"floor":13.0,"key":"SpeedPotion"},{"floor":23.0,"key":"Poison Potion"},{"floor":33,"key":"SteroidPotion"},{"floor":36,"key":"Fire Potion"}],"is_trial":false,"path_per_floor":["M","M","$","?","M","E","R","M","T","M","M","?","M","$","R","B",null,"M","$","?","M","?","E","?","R","T","R","$","M","M","M","R","B","B",null,"M","M","?","M","$","E"],"character_chosen":"IRONCLAD","items_purchased":["Rage","Evolve","Bag of Marbles","Dropkick"],"campfire_rested":1,"item_purchase_floors":[3,14,19,28],"current_hp_per_floor":[80,78,78,78,78,48,48,51,51,57,62,55,51,51,51,34,80,80,80,80,80,80,40,40,40,40,64,64,55,56,50,50,30,80,44,51,51,46,46,0],"gold":239,"neow_bonus":"THREE_CARDS","is_prod":false,"is_daily":false,"chose_seed":false,"campfire_upgraded":4,"win_rate":0,"timestamp":1542929978,"path_taken":["M","M","$","?","M","E","R","M","T","M","M","?","M","$","R","BOSS","M","$","?","?","?","E","?","R","T","R","$","M","M","M","R","BOSS","BOSS","M","M","?","M","$","E"],"build_version":"2018-11-15","purchased_purges":0,"victory":false,"max_hp_per_floor":[80,80,80,80,80,80,80,80,80,80,80,80,80,80,80,80,80,80,80,80,80,80,80,80,80,80,80,80,80,80,80,80,80,80,80,80,80,80,80,80],"card_choices":[{"not_picked":["Havoc","Sword Boomerang"],"picked":"Spot Weakness","floor":0.0},{"not_picked":["Headbutt","Flex","Dropkick"],"picked":"SKIP","floor":1.0},{"not_picked":["Intimidate","Entrench","Bloodletting"],"picked":"SKIP","floor":2.0},{"not_picked":["Flex","Uppercut","Cleave"],"picked":"SKIP","floor":5.0},{"not_picked":["Sever Soul","Whirlwind","Thunderclap"],"picked":"SKIP","floor":6.0},{"not_picked":["Flame Barrier","Metallicize"],"picked":"Inflame","floor":8.0},{"not_picked":["Shrug It Off","Headbutt","Clothesline"],"picked":"SKIP","floor":10.0},{"not_picked":["Infernal Blade","Immolate"],"picked":"Sword Boomerang","floor":11.0},{"not_picked":["Flex","Warcry","Rampage"],"picked":"SKIP","floor":13.0},{"not_picked":["Seeing Red","Whirlwind","Carnage+1"],"picked":"SKIP","floor":18.0},{"not_picked":["Searing Blow","Clash","Dual Wield"],"picked":"SKIP","floor":21.0},{"not_picked":["Dark Embrace","Pommel Strike","Havoc+1"],"picked":"SKIP","floor":23.0},{"not_picked":["Clash","Evolve+1","Warcry+1"],"picked":"SKIP","floor":29.0},{"not_picked":["Wild Strike+1","Heavy Blade","Corruption"],"picked":"SKIP","floor":30.0},{"not_picked":["Havoc","Rupture","Wild Strike"],"picked":"SKIP","floor":31.0},{"not_picked":["Heavy Blade+1","Headbutt+1","Pummel"],"picked":"SKIP","floor":35},{"not_picked":["Blood for Blood","Thunderclap+1","Carnage+1"],"picked":"SKIP","floor":36},{"not_picked":["Pommel Strike","Clothesline+1","Feel No Pain"],"picked":"SKIP","floor":38}],"player_experience":493483,"relics_obtained":[{"floor":6.0,"key":"Mercury Hourglass"},{"floor":9.0,"key":"Meat on the Bone"},{"floor":23.0,"key":"Letter Opener"},{"floor":26.0,"key":"The Courier"}],"event_choices":[{"damage_healed":0.0,"max_hp_gain":0.0,"max_hp_loss":0.0,"gold_gain":0.0,"event_name":"The Cleric","player_choice":"Leave","floor":4.0,"gold_loss":0.0,"damage_taken":0.0},{"cards_removed":["Defend_R"],"damage_healed":0.0,"max_hp_gain":0.0,"max_hp_loss":0.0,"gold_gain":0.0,"event_name":"Golden Wing","player_choice":"Card Removal","floor":12.0,"gold_loss":0.0,"damage_taken":7.0},{"damage_healed":0.0,"max_hp_gain":0.0,"max_hp_loss":0.0,"gold_gain":0.0,"event_name":"Accursed Blacksmith","player_choice":"Forge","floor":20.0,"gold_loss":0.0,"damage_taken":0.0,"cards_upgraded":["Inflame"]},{"damage_healed":0.0,"max_hp_gain":0.0,"max_hp_loss":0.0,"gold_gain":0.0,"event_name":"The Mausoleum","player_choice":"Ignored","floor":22.0,"gold_loss":0.0,"damage_taken":0.0},{"damage_healed":0.0,"max_hp_gain":0.0,"max_hp_loss":0.0,"gold_gain":0.0,"event_name":"Beggar","player_choice":"Ignored","floor":24.0,"gold_loss":0.0,"damage_taken":0.0},{"cards_removed":["Defend_R"],"damage_healed":0,"gold_gain":0,"player_choice":"Removed Skill","damage_taken":0,"max_hp_gain":0,"max_hp_loss":0,"event_name":"Falling","floor":37,"gold_loss":0}],"is_beta":false,"boss_relics":[{"not_picked":["Runic Pyramid","Empty Cage"],"picked":"Velvet Choker"},{"not_picked":["Eternal Feather","Black Star"],"picked":"Black Blood"}],"items_purged_floors":[],"is_endless":false,"potions_floor_spawned":[5,8,10,13,23,29,33,36],"killed_by":"Reptomancer","ascension_level":0}