{"gold_per_floor":[12,12,28,40,115,146,321,321],"floor_reached":8,"playtime":1243,"items_purged":[],"score":56,"play_id":"d837647c-e89a-477a-9106-c3676bef60db","local_time":"20190630152831","is_ascension_mode":false,"campfire_choices":[],"neow_cost":"NO_GOLD","seed_source_timestamp":0,"circlet_count":0,"master_deck":["Strike_R","Strike_R","Strike_R","Strike_R","Strike_R","Defend_R","Defend_R","Defend_R","Defend_R","Bash","Thunderclap","Decay","Flex","Dark Embrace","Doubt"],"special_seed":0,"relics":["Burning Blood","Ice Cream","Girya"],"potions_floor_usage":[6],"damage_taken":[{"damage":6.0,"enemies":"2 Louse","floor":1.0,"turns":6.0},{"damage":3.0,"enemies":"Cultist","floor":3.0,"turns":4.0},{"damage":10.0,"enemies":"Jaw Worm","floor":4.0,"turns":3.0},{"damage":43,"enemies":"3 Sentries","floor":6,"turns":10},{"damage":41,"enemies":"Lagavulin","floor":8,"turns":6}],"seed_played":"-3565772159052151235","potions_obtained":[{"floor":4.0,"key":"Swift Potion"}],"is_trial":false,"path_per_floor":["M","?","M","M","?","E","?","E"],"character_chosen":"IRONCLAD","items_purchased":[],"campfire_rested":0,"item_purchase_floors":[],"current_hp_per_floor":[80,80,80,76,65,28,28,0],"gold":321,"neow_bonus":"ONE_RARE_RELIC","is_prod":false,"is_daily":false,"chose_seed":false,"campfire_upgraded":0,"win_rate":0,"timestamp":1561926511,"path_taken":["M","?","M","?","?","E","?","E"],"build_version":"2019-01-23","purchased_purges":0,"victory":false,"max_hp_per_floor":[80,80,80,80,80,80,80,80],"card_choices":[{"not_picked":["Armaments","Cleave"],"picked":"Thunderclap","floor":1.0},{"not_picked":["True Grit","Rupture"],"picked":"Flex","floor":3.0},{"not_picked":["Perfected Strike","True Grit","Heavy Blade"],"picked":"SKIP","floor":4.0},{"not_picked":["Heavy Blade","Perfected Strike"],"picked":"Dark Embrace","floor":6}],"player_experience":88789,"relics_obtained":[{"floor":6,"key":"Girya"}],"event_choices":[{"damage_healed":0.0,"max_hp_gain":0.0,"max_hp_loss":0.0,"gold_gain":0.0,"event_name":"Wheel of Change","player_choice":"Cursed","floor":2.0,"gold_loss":0.0,"damage_taken":0.0,"cards_obtained":["Decay"]},{"damage_healed":0,"gold_gain":75,"player_choice":"Gather Gold","damage_taken":11,"max_hp_gain":0,"max_hp_loss":0,"event_name":"World of Goop","floor":5,"gold_loss":0},{"damage_healed":0,"gold_gain":175,"player_choice":"AGREE","damage_taken":0,"max_hp_gain":0,"max_hp_loss":0,"event_name":"Liars Game","floor":7,"gold_loss":0,"cards_obtained":["Doubt"]}],"is_beta":false,"boss_relics":[],"items_purged_floors":[],"is_endless":false,"potions_floor_spawned":[4],"killed_by":"Lagavulin","ascension_level":0}