{"gold_per_floor":[116,127,144,20,38,73,73,105,105,105,105,43,43,60,60,164,164,176,176,196,213,230,263,263,263,263,173,192,192,208,240,240,336,336,346,356,375,171,188,188,14,14,64,64,74,91,120,139,139,139],"floor_reached":50,"playtime":4673,"items_purged":["Strike_B","Strike_B+1","Sweeping Beam"],"score":579,"play_id":"9dc441d4-7d64-4e47-b40a-85a3b8bb8100","local_time":"20190728135725","is_ascension_mode":true,"campfire_choices":[{"floor":7,"key":"REST"},{"floor":13,"key":"REST"},{"data":"Doom and Gloom","floor":15,"key":"SMITH"},{"floor":25,"key":"REST"},{"floor":29,"key":"REST"},{"floor":32,"key":"REST"},{"floor":40,"key":"REST"},{"data":"Steam","floor":42,"key":"SMITH"},{"data":"Hyperbeam","floor":44,"key":"SMITH"},{"floor":49,"key":"REST"}],"neow_cost":"NONE","seed_source_timestamp":611653769592021,"circlet_count":0,"master_deck":["Strike_B+1","Defend_B+1","Zap","Dualcast","Auto Shields","Melter","Gash+1","Go for the Eyes","Hologram","Conserve Battery","Doom and Gloom+1","Machine Learning+1","Compile Driver+1","Hologram+1","Sunder+1","Conserve Battery+1","Steam+1","Hyperbeam+1","BootSequence+1","Steam+1","Glacier+1","Rebound+1"],"relics":["Cracked Core","Bird Faced Urn","Whetstone","Shuriken","Torii","Empty Cage","MutagenicStrength","Happy Flower","Gremlin Horn","Omamori","Philosopher\u0027s Stone","Blood Vial","Bottled Tornado"],"potions_floor_usage":[6,8,18,18,23,31,31,36,39,39,39,39,45,47,47,47],"damage_taken":[{"damage":4,"enemies":"2 Louse","floor":1,"turns":3},{"damage":1,"enemies":"Jaw Worm","floor":2,"turns":3},{"damage":0,"enemies":"Small Slimes","floor":3,"turns":3},{"damage":12,"enemies":"Looter","floor":5,"turns":3},{"damage":24,"enemies":"Gremlin Nob","floor":6,"turns":4},{"damage":18,"enemies":"3 Sentries","floor":8,"turns":7},{"damage":1,"enemies":"2 Fungi Beasts","floor":14,"turns":3},{"damage":13,"enemies":"Hexaghost","floor":16,"turns":10},{"damage":8,"enemies":"Shell Parasite","floor":18,"turns":4},{"damage":0,"enemies":"Chosen","floor":20,"turns":4},{"damage":17,"enemies":"3 Cultists","floor":21,"turns":4},{"damage":23,"enemies":"Centurion and Healer","floor":22,"turns":6},{"damage":28,"enemies":"Gremlin Leader","floor":23,"turns":5},{"damage":1,"enemies":"Sentry and Sphere","floor":28,"turns":3},{"damage":7,"enemies":"3 Cultists","floor":30,"turns":3},{"damage":22,"enemies":"Slavers","floor":31,"turns":4},{"damage":45,"enemies":"Automaton","floor":33,"turns":9},{"damage":6,"enemies":"Orb Walker","floor":35,"turns":3},{"damage":23,"enemies":"3 Darklings","floor":36,"turns":5},{"damage":22,"enemies":"Writhing Mass","floor":37,"turns":7},{"damage":11,"enemies":"Transient","floor":39,"turns":5},{"damage":11,"enemies":"3 Darklings","floor":45,"turns":3},{"damage":8,"enemies":"Sphere and 2 Shapes","floor":46,"turns":2},{"damage":21,"enemies":"Nemesis","floor":47,"turns":7},{"damage":8,"enemies":"Jaw Worm Horde","floor":48,"turns":2},{"damage":54,"enemies":"Time Eater","floor":50,"turns":8}],"seed_played":"-1255969417887895055","potions_obtained":[{"floor":1,"key":"Poison Potion"},{"floor":3,"key":"Regen Potion"},{"floor":16,"key":"EntropicBrew"},{"floor":20,"key":"Fire Potion"},{"floor":22,"key":"Explosive Potion"},{"floor":23,"key":"SteroidPotion"},{"floor":28,"key":"GamblersBrew"},{"floor":35,"key":"GamblersBrew"},{"floor":39,"key":"SpeedPotion"},{"floor":45,"key":"Strength Potion"}],"is_trial":false,"path_per_floor":["M","M","M","$","M","E","R","E","T","?","?","?","R","M","R","B",null,"M","?","M","M","M","E","?","R","T","?","M","R","M","E","R","B",null,"M","M","M","$","M","R","$","R","T","R","M","M","E","M","R","B"],"character_chosen":"DEFECT","items_purchased":["Sweeping Beam","EntropicBrew","Block Potion"],"campfire_rested":7,"item_purchase_floors":[4,38,41],"current_hp_per_floor":[71,70,70,70,58,34,56,53,53,53,38,38,60,59,59,46,75,67,67,69,54,33,7,7,29,29,29,30,52,47,27,49,6,75,69,48,28,28,19,41,41,41,41,41,34,30,28,24,46,0],"gold":139,"neow_bonus":"THREE_CARDS","is_prod":false,"is_daily":false,"chose_seed":false,"campfire_upgraded":3,"win_rate":0,"timestamp":1564340245,"path_taken":["M","M","M","$","M","E","R","E","T","?","?","?","R","?","R","BOSS","M","?","M","M","M","E","?","R","T","?","M","R","M","E","R","BOSS","M","M","M","$","?","R","$","R","T","R","?","M","E","M","R","BOSS"],"build_version":"2019-07-17","purchased_purges":3,"victory":false,"max_hp_per_floor":[75,75,75,75,75,75,75,75,75,75,75,75,75,75,75,75,75,75,75,75,75,75,75,75,75,75,75,75,75,75,75,75,75,75,75,75,75,75,75,75,75,75,75,75,75,75,75,75,75,75],"card_choices":[{"not_picked":["Turbo","Aggregate"],"picked":"Auto Shields","floor":0},{"not_picked":["Undo","Sunder"],"picked":"Melter","floor":1},{"not_picked":["Steam","Scrape"],"picked":"Gash","floor":2},{"not_picked":["Stack","Compile Driver","Turbo"],"picked":"SKIP","floor":3},{"not_picked":["Beam Cell","Machine Learning"],"picked":"Go for the Eyes","floor":5},{"not_picked":["Go for the Eyes","Sweeping Beam"],"picked":"Hologram","floor":6},{"not_picked":["Turbo","Go for the Eyes"],"picked":"Conserve Battery","floor":8},{"not_picked":["Creative AI","Heatsinks"],"picked":"Doom and Gloom","floor":14},{"not_picked":["Thunder Strike","Amplify"],"picked":"Machine Learning","floor":16},{"not_picked":["Turbo+1","Ball Lightning"],"picked":"Compile Driver+1","floor":18},{"not_picked":["Compile Driver","Sweeping Beam"],"picked":"Hologram+1","floor":20},{"not_picked":["Auto Shields+1","Heatsinks","Consume+1"],"picked":"SKIP","floor":21},{"not_picked":["Go for the Eyes","Stack","Recycle+1"],"picked":"SKIP","floor":22},{"not_picked":["Stack","Meteor Strike","Cold Snap"],"picked":"SKIP","floor":23},{"not_picked":["Go for the Eyes+1","Barrage+1"],"picked":"Sunder+1","floor":28},{"not_picked":["Rip and Tear","Self Repair"],"picked":"Conserve Battery+1","floor":30},{"not_picked":["Leap","Compile Driver"],"picked":"Steam","floor":31},{"not_picked":["Reboot","All For One"],"picked":"Hyperbeam","floor":33},{"not_picked":["Recycle+1","Steam"],"picked":"BootSequence+1","floor":35},{"not_picked":["Leap+1","Compile Driver"],"picked":"Steam+1","floor":36},{"not_picked":["Capacitor+1","Streamline+1"],"picked":"Glacier+1","floor":37},{"not_picked":["Sweeping Beam","Turbo"],"picked":"Rebound+1","floor":39},{"not_picked":["Hologram","Rebound","Cold Snap"],"picked":"SKIP","floor":45},{"not_picked":["Self Repair+1","Sunder","Turbo"],"picked":"SKIP","floor":46},{"not_picked":["Compile Driver","Conserve Battery","Rebound"],"picked":"SKIP","floor":47},{"not_picked":["Static Discharge+1","Storm","Core Surge"],"picked":"SKIP","floor":48}],"player_experience":290216,"relics_obtained":[{"floor":6,"key":"Bird Faced Urn"},{"floor":8,"key":"Whetstone"},{"floor":9,"key":"Shuriken"},{"floor":23,"key":"Happy Flower"},{"floor":26,"key":"Gremlin Horn"},{"floor":31,"key":"Omamori"},{"floor":43,"key":"Blood Vial"},{"floor":47,"key":"Bottled Tornado"}],"event_choices":[{"cards_removed":["Strike_B"],"damage_healed":0,"gold_gain":0,"player_choice":"Forget","damage_taken":0,"max_hp_gain":0,"max_hp_loss":0,"event_name":"Living Wall","floor":10,"gold_loss":0},{"damage_healed":0,"gold_gain":0,"player_choice":"Entered Light","damage_taken":15,"max_hp_gain":0,"max_hp_loss":0,"event_name":"Shining Light","floor":11,"gold_loss":0,"cards_upgraded":["Gash","Defend_B"]},{"damage_healed":0,"gold_gain":0,"player_choice":"Paid Gold","damage_taken":0,"relics_obtained":["Torii"],"max_hp_gain":0,"max_hp_loss":0,"event_name":"WeMeetAgain","floor":12,"gold_loss":62},{"damage_healed":0,"gold_gain":0,"player_choice":"Inject Mutagens","damage_taken":0,"relics_obtained":["MutagenicStrength"],"max_hp_gain":0,"max_hp_loss":0,"event_name":"Drug Dealer","floor":19,"gold_loss":0},{"damage_healed":0,"gold_gain":0,"player_choice":"Ignored","damage_taken":0,"max_hp_gain":0,"max_hp_loss":0,"event_name":"Vampires","floor":24,"gold_loss":0},{"cards_removed":["Defend_B"],"damage_healed":0,"gold_gain":0,"player_choice":"Upgrade and Remove","damage_taken":0,"max_hp_gain":0,"max_hp_loss":0,"event_name":"Designer","floor":27,"gold_loss":90,"cards_upgraded":["Machine Learning"]}],"is_beta":false,"boss_relics":[{"not_picked":["Fusion Hammer","Ectoplasm"],"picked":"Empty Cage"},{"not_picked":["Runic Pyramid","Velvet Choker"],"picked":"Philosopher\u0027s Stone"}],"items_purged_floors":[4,38,41],"is_endless":false,"potions_floor_spawned":[1,3,16,20,22,23,28,30,35,39,45,46],"killed_by":"Time Eater","ascension_level":2}