{"gold_per_floor":[149,6,23,49,69,69,100,111,191,216,216,273,96,111,111,210,210,225,225,225,243,168,200,200,125,151,151,161,176,176,194,194,293,343,363,1362,1362,812,826,826,236,236,236,236,249,524,534,53,53,53],"floor_reached":51,"playtime":3224,"items_purged":["Strike_G","Normality","Normality","Regret"],"score":1129,"play_id":"ec83243c-a7a2-4134-8c47-3e7815345540","local_time":"20181203042258","is_ascension_mode":true,"campfire_choices":[{"data":"Backflip","floor":6,"key":"SMITH"},{"floor":11,"key":"REST"},{"data":"Dagger Spray","floor":15,"key":"SMITH"},{"data":"Neutralize","floor":24,"key":"SMITH"},{"data":"Bandage Up","floor":27,"key":"SMITH"},{"floor":32,"key":"REST"},{"data":"Survivor","floor":40,"key":"SMITH"},{"data":"Deflect","floor":42,"key":"SMITH"},{"data":"Bane","floor":49,"key":"SMITH"}],"neow_cost":"NONE","seed_source_timestamp":37080596893685,"circlet_count":0,"master_deck":["AscendersBane","Defend_G+1","Defend_G+1","Defend_G+1","Defend_G+1","Defend_G+1","Strike_G+1","Strike_G+1","Strike_G+1","Survivor+1","Neutralize+1","Quick Slash","Bandage Up+1","Backflip+1","Deflect+1","Blade Dance+1","Predator","Noxious Fumes+1","Acrobatics","Dagger Spray+1","Corpse Explosion+1","Deadly Poison","Well Laid Plans+1","Footwork+1","Blur+1","Bane+1","A Thousand Cuts+1","Caltrops+1","Footwork+1","Escape Plan","Noxious Fumes+1"],"relics":["Ring of the Snake","Tiny Chest","Vajra","Whetstone","Frozen Egg 2","Orichalcum","Sozu","WingedGreaves","Singing Bowl","Tiny House","Mummified Hand","Pear","War Paint","Oddly Smooth Stone","Dodecahedron","Du-Vu Doll","Lee\u0027s Waffle"],"potions_floor_usage":[7,14,50],"damage_taken":[{"damage":5,"enemies":"Cultist","floor":1,"turns":6},{"damage":0,"enemies":"Jaw Worm","floor":3,"turns":5},{"damage":0,"enemies":"2 Louse","floor":5,"turns":3},{"damage":22,"enemies":"3 Sentries","floor":7,"turns":12},{"damage":0,"enemies":"Looter","floor":8,"turns":4},{"damage":30,"enemies":"Lagavulin","floor":10,"turns":6},{"damage":4,"enemies":"3 Louse","floor":14,"turns":4},{"damage":36,"enemies":"The Guardian","floor":16,"turns":13},{"damage":13,"enemies":"Spheric Guardian","floor":18,"turns":4},{"damage":8,"enemies":"Chosen","floor":21,"turns":6},{"damage":6,"enemies":"Gremlin Leader","floor":23,"turns":7},{"damage":4,"enemies":"Centurion and Healer","floor":28,"turns":4},{"damage":16,"enemies":"Sentry and Sphere","floor":29,"turns":6},{"damage":16,"enemies":"Shelled Parasite and Fungi","floor":31,"turns":5},{"damage":15,"enemies":"Automaton","floor":33,"turns":11},{"damage":9,"enemies":"Orb Walker","floor":35,"turns":5},{"damage":19,"enemies":"3 Darklings","floor":39,"turns":4},{"damage":5,"enemies":"Transient","floor":45,"turns":5},{"damage":47,"enemies":"Writhing Mass","floor":47,"turns":5},{"damage":49,"enemies":"Donu and Deca","floor":50,"turns":7}],"seed_played":"5364082831726748130","potions_obtained":[{"floor":5,"key":"Weak Potion"},{"floor":10,"key":"Regen Potion"},{"floor":16,"key":"LiquidBronze"}],"is_trial":false,"path_per_floor":["M","$","M","T","M","R","E","M","T","E","R","?","$","M","R","B",null,"M","?","?","M","?","E","R","$","T","R","M","M","T","M","R","B",null,"M","?","T","$","M","R","$","R","T","?","M","?","M","$","R","B",null],"character_chosen":"THE_SILENT","items_purchased":["Bandage Up","Backflip","Noxious Fumes+1","Acrobatics","Footwork+1","Pear","War Paint","Caltrops+1","Oddly Smooth Stone","Footwork+1","Dodecahedron","Lee\u0027s Waffle","Escape Plan","Noxious Fumes+1"],"campfire_rested":2,"item_purchase_floors":[2,2,13,13,25,38,38,38,41,41,41,48,48,48],"current_hp_per_floor":[58,58,62,62,66,66,48,52,52,26,47,47,47,61,61,29,60,51,51,51,47,47,45,45,45,45,45,47,37,37,29,50,41,71,70,70,70,80,63,63,63,63,63,63,66,66,27,104,104,61],"gold":53,"neow_bonus":"RANDOM_COMMON_RELIC","is_prod":false,"is_daily":false,"chose_seed":false,"campfire_upgraded":7,"win_rate":0,"timestamp":1543807378,"path_taken":["M","$","?","?","M","R","E","M","T","E","R","?","$","M","R","BOSS","M","?","?","M","?","E","R","$","T","R","M","M","?","M","R","BOSS","M","?","?","$","?","R","$","R","T","?","M","?","?","$","R","BOSS"],"build_version":"2018-11-15","purchased_purges":4,"victory":true,"max_hp_per_floor":[70,70,70,70,70,70,70,70,70,70,70,70,70,70,70,70,70,70,70,70,70,70,70,70,70,70,70,70,70,70,72,72,72,79,81,81,81,91,93,93,93,93,93,93,95,95,97,104,104,104],"card_choices":[{"not_picked":["Terror","Predator"],"picked":"Quick Slash","floor":1},{"not_picked":["Dodge and Roll","Poisoned Stab"],"picked":"Deflect","floor":3},{"not_picked":["Deadly Poison","Tactician","Skewer"],"picked":"SKIP","floor":5},{"not_picked":["Endless Agony","Reflex"],"picked":"Blade Dance","floor":7},{"not_picked":["Predator","Eviscerate","Dodge and Roll"],"picked":"SKIP","floor":8},{"not_picked":["Poisoned Stab","Doppelganger"],"picked":"Predator","floor":10},{"not_picked":["Quick Slash","Sucker Punch"],"picked":"Dagger Spray","floor":14},{"not_picked":["Grand Finale","Glass Knife"],"picked":"Corpse Explosion","floor":16},{"not_picked":["Acrobatics","Predator+1","Sucker Punch"],"picked":"SKIP","floor":18},{"not_picked":["Expertise+1","Dagger Throw"],"picked":"Deadly Poison","floor":21},{"not_picked":["Poisoned Stab","Dagger Spray"],"picked":"Well Laid Plans+1","floor":23},{"not_picked":["Slice","Dagger Throw+1"],"picked":"Blur","floor":28},{"not_picked":["Phantasmal Killer","Endless Agony+1"],"picked":"Bane","floor":29},{"not_picked":["Sucker Punch","Dagger Throw","Dagger Spray"],"picked":"Singing Bowl","floor":31},{"not_picked":["Burst","Glass Knife"],"picked":"A Thousand Cuts+1","floor":33},{"not_picked":["Dodge and Roll","Sucker Punch","Dagger Spray"],"picked":"Singing Bowl","floor":34},{"not_picked":["Masterful Stab","Concentrate+1","Sucker Punch"],"picked":"Singing Bowl","floor":35},{"not_picked":["Prepared+1","Doppelganger","Flechettes"],"picked":"Singing Bowl","floor":39},{"not_picked":["Dagger Throw+1","Quick Slash","PiercingWail"],"picked":"Singing Bowl","floor":45},{"not_picked":["Bouncing Flask+1","Flying Knee+1","Bane+1"],"picked":"Singing Bowl","floor":47}],"player_experience":694607,"relics_obtained":[{"floor":4,"key":"Vajra"},{"floor":7,"key":"Whetstone"},{"floor":9,"key":"Frozen Egg 2"},{"floor":10,"key":"Orichalcum"},{"floor":23,"key":"WingedGreaves"},{"floor":30,"key":"Singing Bowl"},{"floor":37,"key":"Mummified Hand"},{"floor":43,"key":"Du-Vu Doll"}],"event_choices":[{"damage_healed":0,"gold_gain":57,"player_choice":"Gained Gold","damage_taken":0,"max_hp_gain":0,"max_hp_loss":0,"event_name":"Golden Wing","floor":12,"gold_loss":0},{"damage_healed":0,"gold_gain":0,"player_choice":"Ignored","damage_taken":0,"max_hp_gain":0,"max_hp_loss":0,"event_name":"Vampires","floor":19,"gold_loss":0},{"damage_healed":0,"gold_gain":0,"player_choice":"Simplicity","damage_taken":0,"max_hp_gain":0,"max_hp_loss":0,"event_name":"Back to Basics","floor":20,"gold_loss":0,"cards_upgraded":["Defend_G","Defend_G","Defend_G","Defend_G","Defend_G","Strike_G","Strike_G"]},{"cards_removed":["Strike_G"],"damage_healed":0,"gold_gain":0,"player_choice":"Gave Gold","damage_taken":0,"max_hp_gain":0,"max_hp_loss":0,"event_name":"Beggar","floor":22,"gold_loss":75},{"damage_healed":0,"gold_gain":999,"player_choice":"Gold","damage_taken":0,"max_hp_gain":0,"max_hp_loss":0,"event_name":"MindBloom","floor":36,"gold_loss":0,"cards_obtained":["Normality","Normality"]},{"damage_healed":0,"gold_gain":0,"player_choice":"Ignored","damage_taken":0,"max_hp_gain":0,"max_hp_loss":0,"event_name":"Mysterious Sphere","floor":44,"gold_loss":0},{"damage_healed":0,"gold_gain":275,"player_choice":"Desecrate","damage_taken":0,"max_hp_gain":0,"max_hp_loss":0,"event_name":"Golden Shrine","floor":46,"gold_loss":0,"cards_obtained":["Regret"]}],"is_beta":true,"boss_relics":[{"not_picked":["Calling Bell","Orrery"],"picked":"Sozu"},{"not_picked":["Pandora\u0027s Box","Empty Cage"],"picked":"Tiny House"}],"items_purged_floors":[13,38,41,48],"is_endless":false,"potions_floor_spawned":[5,10,16,21,23,29,35,47],"ascension_level":11}