{"gold_per_floor":[115,128,140,90,90,90,90,13,38,38,38,50,76,76,76,176,176,190,206,220,73,172,172,205,225,271,282,14,14,32,0,0,105,105,124,138,154,54,64,64,94,94,118,131,131,151,151,29,29,29],"floor_reached":51,"playtime":2376,"items_purged":["Strike_B","Strike_B"],"score":729,"play_id":"96366566-023a-4336-af8e-4447ea678eb9","local_time":"20190123122447","is_ascension_mode":true,"campfire_choices":[{"data":"Defragment","floor":6,"key":"SMITH"},{"data":"Zap","floor":10,"key":"SMITH"},{"data":"Machine Learning","floor":15,"key":"SMITH"},{"data":"Defragment","floor":23,"key":"SMITH"},{"floor":29,"key":"REST"},{"floor":32,"key":"REST"},{"floor":40,"key":"REST"},{"data":"Conserve Battery","floor":42,"key":"SMITH"},{"floor":47,"key":"REST"},{"data":"Rainbow","floor":49,"key":"SMITH"}],"neow_cost":"NONE","seed_source_timestamp":41241143295954,"circlet_count":0,"master_deck":["Strike_B","Defend_B","Defend_B","Defend_B","Defend_B","Zap+1","Dualcast","Cold Snap","Defragment+1","Go for the Eyes+1","FTL+1","Machine Learning+1","Core Surge+1","Defragment+1","Conserve Battery+1","Capacitor","Go for the Eyes+1","Barrage+1","Electrodynamics+1","Barrage+1","Glacier+1","Rainbow+1","Conserve Battery"],"relics":["Cracked Core","Regal Pillow","Vajra","Ginger","Sozu","Blood Vial","Whetstone","Centennial Puzzle","Runic Capacitor","Nuclear Battery","Darkstone Periapt","Lantern"],"potions_floor_usage":[24,44,50],"damage_taken":[{"damage":0,"enemies":"Cultist","floor":1,"turns":3},{"damage":0,"enemies":"Small Slimes","floor":2,"turns":3},{"damage":4,"enemies":"Jaw Worm","floor":3,"turns":3},{"damage":2,"enemies":"Looter","floor":12,"turns":2},{"damage":7,"enemies":"Gremlin Nob","floor":13,"turns":4},{"damage":1,"enemies":"The Guardian","floor":16,"turns":11},{"damage":7,"enemies":"Shell Parasite","floor":18,"turns":5},{"damage":0,"enemies":"Chosen","floor":19,"turns":4},{"damage":17,"enemies":"Sentry and Sphere","floor":20,"turns":4},{"damage":12,"enemies":"Gremlin Leader","floor":24,"turns":7},{"damage":14,"enemies":"Centurion and Healer","floor":25,"turns":5},{"damage":13,"enemies":"Snake Plant","floor":27,"turns":5},{"damage":12,"enemies":"Shelled Parasite and Fungi","floor":30,"turns":4},{"damage":17,"enemies":"Collector","floor":33,"turns":10},{"damage":7,"enemies":"3 Shapes","floor":35,"turns":4},{"damage":5,"enemies":"Orb Walker","floor":36,"turns":3},{"damage":31,"enemies":"Spire Growth","floor":37,"turns":4},{"damage":4,"enemies":"Maw","floor":39,"turns":5},{"damage":15,"enemies":"Reptomancer","floor":41,"turns":4},{"damage":1,"enemies":"4 Shapes","floor":44,"turns":4},{"damage":13,"enemies":"3 Darklings","floor":46,"turns":4},{"damage":17,"enemies":"Time Eater","floor":50,"turns":9}],"seed_played":"-7913558448887313794","potions_obtained":[{"floor":1,"key":"Explosive Potion"},{"floor":3,"key":"SneckoOil"},{"floor":12,"key":"Dexterity Potion"}],"is_trial":false,"path_per_floor":["M","?","?","$","?","M","?","?","?","?"],"character_chosen":"DEFECT","items_purchased":["FTL","Blood Vial","Runic Capacitor","Rainbow","Conserve Battery"],"campfire_rested":4,"item_purchase_floors":[8,21,28,48,48],"current_hp_per_floor":[75,75,71,71,71,71,71,71,71,71,71,69,62,62,62,61,75,68,68,51,51,51,51,41,29,29,18,18,55,45,45,75,58,75,68,65,36,36,34,71,58,58,58,59,59,48,75,75,75,58],"gold":29,"neow_bonus":"RANDOM_COMMON_RELIC","is_prod":false,"is_daily":false,"chose_seed":false,"campfire_upgraded":6,"win_rate":0,"timestamp":1548242687,"path_taken":["M","M","?","?","$","R","?","?","T","R","?","?","E","?","R","BOSS","M","M","M","$","?","R","E","M","T","M","$","R","M","?","R","BOSS","M","M","M","$","M","R","E","R","T","M","?","M","R","$","R","BOSS"],"build_version":"2019-01-22","purchased_purges":2,"victory":true,"max_hp_per_floor":[75,75,75,75,75,75,75,75,75,75,75,75,75,75,75,75,75,75,75,75,75,75,75,75,75,75,75,75,75,75,75,75,75,75,75,75,75,75,75,75,75,75,75,75,75,75,75,75,75,75],"card_choices":[{"not_picked":["Chaos","Leap"],"picked":"Cold Snap","floor":1},{"not_picked":["Streamline","Rebound"],"picked":"Defragment","floor":2},{"not_picked":["Streamline","Turbo"],"picked":"Go for the Eyes","floor":3},{"not_picked":["Hologram","Streamline","Tempest"],"picked":"SKIP","floor":12},{"not_picked":["Compile Driver","Ball Lightning"],"picked":"Machine Learning","floor":13},{"not_picked":["Thunder Strike","Creative AI"],"picked":"Core Surge","floor":16},{"not_picked":["Rebound","Coolheaded"],"picked":"Defragment","floor":18},{"not_picked":["Ball Lightning","Steam+1"],"picked":"Conserve Battery","floor":19},{"not_picked":["Rebound+1","Stack"],"picked":"Capacitor","floor":20},{"not_picked":["Recycle","White Noise+1"],"picked":"Go for the Eyes+1","floor":24},{"not_picked":["Turbo+1","Darkness","Go for the Eyes+1"],"picked":"SKIP","floor":25},{"not_picked":["Redo","Stack","Steam+1"],"picked":"SKIP","floor":27},{"not_picked":["Steam","Creative AI"],"picked":"Barrage+1","floor":30},{"not_picked":["Seek","Biased Cognition"],"picked":"Electrodynamics","floor":33},{"not_picked":["Gash","Capacitor+1","Go for the Eyes"],"picked":"SKIP","floor":35},{"not_picked":["Double Energy","Gash+1","Aggregate+1"],"picked":"SKIP","floor":36},{"not_picked":["Redo","Chaos","Consume+1"],"picked":"SKIP","floor":37},{"not_picked":["BootSequence","Beam Cell"],"picked":"Barrage+1","floor":39},{"not_picked":["Stack","Fusion","Doom and Gloom"],"picked":"SKIP","floor":41},{"not_picked":["Sweeping Beam","Doom and Gloom","Stack+1"],"picked":"SKIP","floor":44},{"not_picked":["Sweeping Beam+1","Loop"],"picked":"Glacier+1","floor":46}],"player_experience":724582,"relics_obtained":[{"floor":9,"key":"Vajra"},{"floor":13,"key":"Ginger"},{"floor":24,"key":"Whetstone"},{"floor":26,"key":"Centennial Puzzle"},{"floor":41,"key":"Darkstone Periapt"},{"floor":43,"key":"Lantern"}],"event_choices":[{"cards_removed":["Strike_B"],"damage_healed":0,"gold_gain":0,"player_choice":"Card Removal","damage_taken":0,"max_hp_gain":0,"max_hp_loss":0,"event_name":"The Cleric","floor":4,"gold_loss":50},{"damage_healed":0,"gold_gain":0,"player_choice":"Grow","damage_taken":0,"max_hp_gain":0,"max_hp_loss":0,"event_name":"Living Wall","floor":7,"gold_loss":0,"cards_upgraded":["Go for the Eyes"]},{"damage_healed":0,"gold_gain":0,"player_choice":"Searched \u00270\u0027 times","damage_taken":0,"max_hp_gain":0,"max_hp_loss":0,"event_name":"Dead Adventurer","floor":11,"gold_loss":0},{"damage_healed":0,"gold_gain":0,"player_choice":"0 cards matched","damage_taken":0,"max_hp_gain":0,"max_hp_loss":0,"event_name":"Match and Keep!","floor":14,"gold_loss":0,"cards_obtained":[]},{"damage_healed":0,"gold_gain":99,"player_choice":"Stole From Cult","damage_taken":0,"max_hp_gain":0,"max_hp_loss":0,"event_name":"Nest","floor":22,"gold_loss":0},{"damage_healed":0,"gold_gain":0,"player_choice":"Paid Fearfully","damage_taken":0,"max_hp_gain":0,"max_hp_loss":0,"event_name":"Masked Bandits","floor":31,"gold_loss":32},{"damage_healed":0,"gold_gain":0,"player_choice":"Upgraded","damage_taken":0,"max_hp_gain":0,"max_hp_loss":0,"event_name":"Upgrade Shrine","floor":45,"gold_loss":0,"cards_upgraded":["Electrodynamics"]}],"is_beta":true,"boss_relics":[{"not_picked":["Lizard Tail","Cursed Key"],"picked":"Sozu"},{"not_picked":["Empty Cage","Snecko Eye"],"picked":"Nuclear Battery"}],"items_purged_floors":[28,38],"is_endless":false,"potions_floor_spawned":[1,3,12,19,25,27,33,37,41,44,46],"ascension_level":1}