{"gold_per_floor":[109,124,124,43,59,84,84,94,94,94,107,118,133,153,153,248,248,260,276,276,201,217,143,158,171,197,216,226,236,236,268,268,371,371,384,396,396,3,3,3,18,72,72,82,102,50,62,62,62,62],"floor_reached":51,"playtime":1866,"items_purged":[],"score":704,"play_id":"d0b80888-f473-4ae6-bbe3-99ea98b37310","local_time":"20180729163444","is_ascension_mode":false,"campfire_choices":[{"data":"Zap","floor":7.0,"key":"SMITH"},{"data":"Self Repair","floor":10.0,"key":"SMITH"},{"data":"Self Repair","floor":15.0,"key":"SMITH"},{"floor":32.0,"key":"REST"},{"floor":40.0,"key":"REST"},{"data":"Strike_B","floor":49,"key":"PURGE"}],"neow_cost":"NONE","seed_source_timestamp":11727143206480,"circlet_count":0,"master_deck":["Strike_B","Strike_B","Strike_B","Defend_B","Defend_B","Defend_B","Defend_B","Zap+1","Dualcast","Self Repair+1","Leap","Steam","BootSequence","Ball Lightning","Self Repair+1","Leap","Loop","Static Discharge","Electrodynamics","Conserve Battery+1","Seek","Echo Form","Leap","Capacitor","Good Instincts","Leap+1","Hologram+1"],"special_seed":0,"relics":["Cracked Core","DataDisk","Cables","Fusion Hammer","Lantern","Nloth\u0027s Gift","Emotion Chip","Nuclear Battery","Unceasing Top","Peace Pipe","Toxic Egg 2"],"potions_floor_usage":[50],"damage_taken":[{"damage":3.0,"enemies":"Small Slimes","floor":1.0,"turns":3.0},{"damage":6.0,"enemies":"Jaw Worm","floor":2.0,"turns":3.0},{"damage":6.0,"enemies":"2 Louse","floor":5.0,"turns":4.0},{"damage":43.0,"enemies":"Gremlin Nob","floor":6.0,"turns":5.0},{"damage":12.0,"enemies":"Blue Slaver","floor":8.0,"turns":3.0},{"damage":8.0,"enemies":"2 Fungi Beasts","floor":11.0,"turns":3.0},{"damage":6.0,"enemies":"Gremlin Gang","floor":12.0,"turns":5.0},{"damage":9.0,"enemies":"Large Slime","floor":13.0,"turns":7.0},{"damage":0.0,"enemies":"Exordium Wildlife","floor":14.0,"turns":2.0},{"damage":40.0,"enemies":"Hexaghost","floor":16.0,"turns":10.0},{"damage":20.0,"enemies":"3 Byrds","floor":18.0,"turns":5.0},{"damage":16.0,"enemies":"2 Thieves","floor":19.0,"turns":5.0},{"damage":19.0,"enemies":"Snake Plant","floor":22.0,"turns":3.0},{"damage":28.0,"enemies":"Snecko","floor":24.0,"turns":5.0},{"damage":0.0,"enemies":"Chosen and Byrds","floor":25.0,"turns":4.0},{"damage":1.0,"enemies":"Snake Plant","floor":27.0,"turns":4.0},{"damage":19.0,"enemies":"Snecko","floor":28.0,"turns":5.0},{"damage":14.0,"enemies":"Centurion and Healer","floor":29.0,"turns":5.0},{"damage":22.0,"enemies":"Book of Stabbing","floor":31.0,"turns":5.0},{"damage":62.0,"enemies":"Champ","floor":33.0,"turns":10.0},{"damage":3.0,"enemies":"Flame Bruiser 1 Orb","floor":35.0,"turns":7.0},{"damage":1.0,"enemies":"Orb Walker","floor":36.0,"turns":4.0},{"damage":13.0,"enemies":"Maw","floor":41.0,"turns":8.0},{"damage":23.0,"floor":42.0,"turns":4.0},{"damage":14.0,"enemies":"Flame Bruiser 2 Orb","floor":44.0,"turns":6.0},{"damage":1,"enemies":"Transient","floor":45,"turns":5},{"damage":21,"enemies":"Maw","floor":47,"turns":9},{"damage":29,"enemies":"Donu and Deca","floor":50,"turns":8}],"seed_played":"3541184347971295801","potions_obtained":[{"floor":8.0,"key":"Regen Potion"},{"floor":11.0,"key":"Weak Potion"},{"floor":12.0,"key":"SteroidPotion"},{"floor":33.0,"key":"AttackPotion"},{"floor":44.0,"key":"Dexterity Potion"}],"is_trial":false,"path_per_floor":["M","M","?","$","M","E","R","M","T","R","M","M","M","M","R","B",null,"M","M","?","$","M","$","M","M","T","M","M","M","?","E","R","B",null,"M","M","?","$","?","R","M","?","T","M","M","$","M","$","R","B"],"character_chosen":"DEFECT","items_purchased":["Self Repair","Static Discharge","Electrodynamics","Unceasing Top","Capacitor","Hologram+1"],"campfire_rested":2,"item_purchase_floors":[4,21,23,38,38,46],"current_hp_per_floor":[72,66,66,66,67,31,31,26,26,26,28,32,33,43,43,23,75,75,75,75,75,75,75,67,75,75,75,75,75,75,73,75,33,75,75,75,75,75,75,75,75,62,62,75,75,75,74,74,74,65],"gold":62,"neow_bonus":"RANDOM_COMMON_RELIC","is_prod":false,"is_daily":false,"chose_seed":false,"campfire_upgraded":3,"win_rate":0,"timestamp":1532871284,"path_taken":["M","M","?","$","M","E","R","M","T","R","M","M","M","M","R","BOSS","M","M","?","$","M","$","M","M","T","M","M","M","?","E","R","BOSS","M","M","?","$","?","R","?","?","T","M","M","$","M","$","R","BOSS"],"build_version":"2018-07-26","purchased_purges":0,"victory":true,"max_hp_per_floor":[75,75,75,75,75,75,75,75,75,75,75,75,75,75,75,75,75,75,75,75,75,75,75,75,75,75,75,75,75,75,75,75,75,75,75,75,75,75,75,75,75,75,75,75,75,75,75,75,75,75],"card_choices":[{"not_picked":["Barrage","Compile Driver","Blizzard"],"picked":"SKIP","floor":1.0},{"not_picked":["Chill","Coolheaded","Barrage"],"picked":"SKIP","floor":2.0},{"not_picked":["Steam","Reinforced Body"],"picked":"Leap","floor":5.0},{"not_picked":["Blizzard","Go for the Eyes","Double Energy"],"picked":"SKIP","floor":6.0},{"not_picked":["Double Energy","Meteor Strike","Stack"],"picked":"SKIP","floor":8.0},{"not_picked":["Rebound","Reinforced Body"],"picked":"Steam","floor":11.0},{"not_picked":["Rebound","Redo"],"picked":"BootSequence","floor":12.0},{"not_picked":["Compile Driver","Hologram"],"picked":"Ball Lightning","floor":13.0},{"not_picked":["Redo","Double Energy"],"picked":"Self Repair","floor":14.0},{"not_picked":["Compile Driver","Streamline"],"picked":"Leap","floor":18.0},{"not_picked":["Compile Driver","Cold Snap","Redo"],"picked":"SKIP","floor":19.0},{"not_picked":["Sweeping Beam+1","Storm","Skim"],"picked":"SKIP","floor":22.0},{"not_picked":["Static Discharge","Redo+1"],"picked":"Conserve Battery+1","floor":24.0},{"not_picked":["Consume+1","Cold Snap+1","Sweeping Beam"],"picked":"SKIP","floor":25.0},{"not_picked":["Fission","Sweeping Beam","Gash+1"],"picked":"SKIP","floor":27.0},{"not_picked":["Turbo","Leap","Consume"],"picked":"SKIP","floor":28.0},{"not_picked":["Cold Snap","Redo","Ball Lightning"],"picked":"SKIP","floor":29.0},{"not_picked":["Gash","BootSequence"],"picked":"Seek","floor":31.0},{"not_picked":["Fission","Multi-Cast"],"picked":"Echo Form","floor":33.0},{"not_picked":["Steam","Barrage","Stack+1"],"picked":"SKIP","floor":35.0},{"not_picked":["Steam Power","Streamline"],"picked":"Leap","floor":36.0},{"not_picked":["Trip","Mind Blast"],"picked":"Good Instincts","floor":39.0},{"not_picked":["Rebound","Gash+1","Redo"],"picked":"SKIP","floor":41.0},{"not_picked":["Darkness+1","Redo+1"],"picked":"Leap+1","floor":44.0},{"not_picked":["Barrage+1","Self Repair","Glacier+1"],"picked":"SKIP","floor":45},{"not_picked":["Turbo+1","Force Field+1","Cold Snap"],"picked":"SKIP","floor":47}],"player_experience":265047,"relics_obtained":[{"floor":6.0,"key":"DataDisk"},{"floor":9.0,"key":"Cables"},{"floor":26.0,"key":"Lantern"},{"floor":31.0,"key":"Emotion Chip"},{"floor":42.0,"key":"Peace Pipe"},{"floor":43.0,"key":"Toxic Egg 2"}],"event_choices":[{"event_name":"The Cleric","player_choice":"Leave","floor":3.0,"damage_taken":0.0},{"event_name":"The Library","player_choice":"Read","floor":20.0,"damage_taken":0.0},{"event_name":"N\u0027loth","player_choice":"Traded a Juzu Bracelet","floor":30.0,"damage_taken":0.0},{"event_name":"Tomb of Lord Red Mask","player_choice":"Ignored","floor":37.0,"damage_taken":0.0},{"event_name":"SensoryStone","player_choice":"Memory 1","floor":39.0,"damage_taken":0.0},{"event_name":"Mysterious Sphere","player_choice":"Fight","floor":42.0,"damage_taken":0.0}],"is_beta":false,"boss_relics":[{"not_picked":["Runic Pyramid","Pandora\u0027s Box"],"picked":"Fusion Hammer"},{"not_picked":["Astrolabe","Empty Cage"],"picked":"Nuclear Battery"}],"items_purged_floors":[],"is_endless":false,"potions_floor_spawned":[8,11,12,13,16,19,25,28,33,35,44,45,47],"ascension_level":0}