{"gold_per_floor":[111,131,131,131,156,191,205,218,218,218,257,333,283,358,358,484,484,503,271,271,284,199,238,317,337,387,387,387,400,0,20,20,118,118,136,11,31,49,61,92,102,102,102,113,113,148,148,166,166,166,166,166,46,73,73],"floor_reached":55,"playtime":17216,"items_purged":["Strike_R","Strike_R","Doubt"],"score":784,"play_id":"9219605e-a5d5-482c-90b8-29ee5b153c48","local_time":"20190630201631","is_ascension_mode":false,"campfire_choices":[{"floor":10,"key":"REST"},{"floor":15,"key":"REST"},{"floor":27,"key":"REST"},{"data":"Feel No Pain","floor":32,"key":"SMITH"},{"data":"1","floor":42,"key":"LIFT"},{"floor":45,"key":"RECALL"},{"data":"2","floor":47,"key":"LIFT"},{"data":"3","floor":49,"key":"LIFT"},{"data":"Whirlwind","floor":52,"key":"SMITH"}],"neow_cost":"NONE","seed_source_timestamp":26252279270076,"circlet_count":0,"master_deck":["Strike_R+1","Defend_R","Defend_R","Defend_R","Defend_R","Bash+1","Corruption","Cleave","Seeing Red","True Grit","Seeing Red","Feel No Pain+1","Immolate+1","Rampage+1","Dark Embrace+1","Clash","Inflame+1","Shrug It Off","Armaments","Armaments+1","Barricade+1","Warcry+1","Headbutt+1","Metallicize+1","Impervious","Warcry+1","Entrench","Spot Weakness+1","Warcry","Whirlwind+1","Warcry","Burning Pact","Body Slam+1"],"relics":["Burning Blood","Bloody Idol","Darkstone Periapt","Frozen Egg 2","Mummified Hand","Kunai","Philosopher\u0027s Stone","Sundial","Letter Opener","Question Card","Omamori","Whetstone","Red Skull","Calling Bell","Strawberry","Pantograph","Girya","Ginger","Bronze Scales","FossilizedHelix"],"potions_floor_usage":[6,6,11,25,39,40,50,50,55],"damage_taken":[{"damage":5,"enemies":"Jaw Worm","floor":1,"turns":4},{"damage":3,"enemies":"2 Louse","floor":2,"turns":4},{"damage":0,"enemies":"Small Slimes","floor":5,"turns":3},{"damage":17,"enemies":"3 Sentries","floor":6,"turns":3},{"damage":6,"enemies":"2 Fungi Beasts","floor":7,"turns":4},{"damage":22,"enemies":"Gremlin Gang","floor":8,"turns":4},{"damage":17,"enemies":"Lagavulin","floor":11,"turns":6},{"damage":9,"enemies":"3 Sentries","floor":12,"turns":4},{"damage":50,"enemies":"The Guardian","floor":16,"turns":9},{"damage":14,"enemies":"3 Byrds","floor":18,"turns":4},{"damage":20,"enemies":"Spheric Guardian","floor":21,"turns":5},{"damage":57,"enemies":"Slavers","floor":23,"turns":6},{"damage":13,"enemies":"Snake Plant","floor":25,"turns":4},{"damage":3,"enemies":"3 Cultists","floor":29,"turns":3},{"damage":4,"enemies":"Cultist and Chosen","floor":31,"turns":4},{"damage":10,"enemies":"Automaton","floor":33,"turns":7},{"damage":3,"enemies":"Orb Walker","floor":35,"turns":3},{"damage":21,"enemies":"3 Darklings","floor":37,"turns":5},{"damage":0,"enemies":"Transient","floor":38,"turns":5},{"damage":7,"enemies":"Spire Growth","floor":39,"turns":4},{"damage":9,"enemies":"Giant Head","floor":40,"turns":6},{"damage":29,"enemies":"Jaw Worm Horde","floor":41,"turns":3},{"damage":9,"enemies":"4 Shapes","floor":44,"turns":3},{"damage":21,"enemies":"Nemesis","floor":46,"turns":7},{"damage":18,"enemies":"Sphere and 2 Shapes","floor":48,"turns":3},{"damage":76,"enemies":"Awakened One","floor":50,"turns":10},{"damage":3,"enemies":"Shield and Spear","floor":54,"turns":3},{"damage":126,"enemies":"The Heart","floor":55,"turns":5}],"seed_played":"-3157770756543156692","potions_obtained":[{"floor":2,"key":"SteroidPotion"},{"floor":5,"key":"AttackPotion"},{"floor":11,"key":"Fruit Juice"},{"floor":12,"key":"Fire Potion"},{"floor":18,"key":"FearPotion"},{"floor":31,"key":"AttackPotion"},{"floor":35,"key":"PowerPotion"},{"floor":41,"key":"FearPotion"},{"floor":44,"key":"Fire Potion"}],"is_trial":false,"path_per_floor":["M","M","?","?","M","E","M","M","T","R","E","?","?","?","R","B",null,"M","$","?","M","?","E","T","M","T","R","?","M","$","M","R","B",null,"M","$","M","M","M","E","M","R","T","M","R","E","R","M","R","B",null,"R","$","E","B"],"character_chosen":"IRONCLAD","items_purchased":["Inflame+1","Shrug It Off","Armaments","Whetstone","Red Skull","Burning Pact","Energy Potion"],"campfire_rested":3,"item_purchase_floors":[19,19,19,30,30,53,53],"current_hp_per_floor":[88,88,70,48,54,43,43,27,27,53,47,44,44,33,60,16,93,85,85,85,71,71,20,20,13,13,40,40,48,48,55,55,56,106,106,106,96,106,106,106,88,88,88,90,90,80,80,73,73,28,106,106,106,106,0],"gold":73,"neow_bonus":"TEN_PERCENT_HP_BONUS","is_prod":false,"is_daily":false,"chose_seed":false,"campfire_upgraded":2,"win_rate":0,"timestamp":1561943791,"path_taken":["M","M","?","?","M","E","M","M","T","R","E","?","?","?","R","BOSS","M","$","?","?","?","E","?","M","T","R","?","?","$","M","R","BOSS","M","$","M","M","M","E","M","R","T","M","R","E","R","M","R","BOSS","R","$","E","BOSS"],"build_version":"2019-01-23","purchased_purges":3,"victory":false,"max_hp_per_floor":[88,88,88,88,88,88,88,88,88,88,93,93,93,93,93,93,93,93,93,93,93,93,93,93,93,93,93,93,93,93,93,93,93,106,106,106,106,106,106,106,106,106,106,106,106,106,106,106,106,106,106,106,106,106,106],"card_choices":[{"not_picked":["Warcry","Clash"],"picked":"Corruption","floor":1},{"not_picked":["Body Slam","Twin Strike"],"picked":"Cleave","floor":2},{"not_picked":["Wild Strike","True Grit"],"picked":"Seeing Red","floor":5},{"not_picked":["Dropkick","Battle Trance"],"picked":"True Grit","floor":6},{"not_picked":["Second Wind","Perfected Strike"],"picked":"Seeing Red","floor":7},{"not_picked":["Twin Strike","Armaments"],"picked":"Feel No Pain","floor":8},{"not_picked":["Seeing Red","Headbutt"],"picked":"Immolate","floor":11},{"not_picked":["Pommel Strike","Intimidate"],"picked":"Rampage","floor":12},{"not_picked":["Barricade+1","Reaper"],"picked":"Dark Embrace+1","floor":16},{"not_picked":["Wild Strike","Flex"],"picked":"Clash","floor":18},{"not_picked":["Flex","Seeing Red"],"picked":"Armaments+1","floor":21},{"not_picked":["Rupture+1","Pommel Strike"],"picked":"Barricade+1","floor":23},{"not_picked":["Shrug It Off","Second Wind+1","Sever Soul"],"picked":"Warcry+1","floor":25},{"not_picked":["Armaments","Wild Strike","Heavy Blade"],"picked":"Headbutt+1","floor":29},{"not_picked":["Flex","Headbutt","Twin Strike+1"],"picked":"Metallicize+1","floor":31},{"not_picked":["Juggernaut+1","Limit Break","Reaper"],"picked":"Impervious","floor":33},{"not_picked":["Iron Wave","True Grit","Uppercut"],"picked":"Warcry+1","floor":35},{"not_picked":["Twin Strike+1","Rupture+1","Battle Trance","Bloodletting"],"picked":"SKIP","floor":37},{"not_picked":["Bloodletting+1","Feel No Pain+1","Dropkick+1"],"picked":"Entrench","floor":38},{"not_picked":["Searing Blow+1","Thunderclap","Cleave"],"picked":"Spot Weakness+1","floor":39},{"not_picked":["Sword Boomerang+1","Limit Break","Uppercut+1","Iron Wave+1"],"picked":"SKIP","floor":40},{"not_picked":["Wild Strike","Sword Boomerang+1","Clothesline"],"picked":"Warcry","floor":41},{"not_picked":["Flex+1","Iron Wave","Cleave+1","Seeing Red"],"picked":"SKIP","floor":44},{"not_picked":["Pummel+1","Reaper","Rampage"],"picked":"Whirlwind","floor":46},{"not_picked":["Headbutt","Armaments","Clothesline+1"],"picked":"Warcry","floor":48},{"not_picked":["Combust+1","Thunderclap","Ghostly Armor"],"picked":"Body Slam+1","floor":54}],"player_experience":90032,"relics_obtained":[{"floor":6,"key":"Darkstone Periapt"},{"floor":9,"key":"Frozen Egg 2"},{"floor":11,"key":"Mummified Hand"},{"floor":12,"key":"Kunai"},{"floor":23,"key":"Letter Opener"},{"floor":24,"key":"Question Card"},{"floor":26,"key":"Omamori"},{"floor":34,"key":"Strawberry"},{"floor":34,"key":"Pantograph"},{"floor":34,"key":"Girya"},{"floor":40,"key":"Ginger"},{"floor":46,"key":"Bronze Scales"},{"floor":54,"key":"FossilizedHelix"}],"event_choices":[{"damage_healed":0,"gold_gain":0,"player_choice":"Entered Light","damage_taken":18,"max_hp_gain":0,"max_hp_loss":0,"event_name":"Shining Light","floor":3,"gold_loss":0,"cards_upgraded":["Strike_R","Bash"]},{"damage_healed":0,"gold_gain":0,"player_choice":"Take Damage","damage_taken":22,"relics_obtained":["Golden Idol"],"max_hp_gain":0,"max_hp_loss":0,"event_name":"Golden Idol","floor":4,"gold_loss":0},{"damage_healed":0,"gold_gain":0,"player_choice":"Searched \u00271\u0027 times","damage_taken":0,"max_hp_gain":0,"max_hp_loss":0,"event_name":"Dead Adventurer","floor":12,"gold_loss":0},{"cards_removed":["Strike_R"],"damage_healed":0,"gold_gain":0,"player_choice":"Card Removal","damage_taken":0,"max_hp_gain":0,"max_hp_loss":0,"event_name":"The Cleric","floor":13,"gold_loss":50},{"damage_healed":0,"gold_gain":75,"player_choice":"Gather Gold","damage_taken":11,"max_hp_gain":0,"max_hp_loss":0,"event_name":"World of Goop","floor":14,"gold_loss":0},{"cards_removed":["Strike_R"],"damage_healed":0,"gold_gain":0,"player_choice":"Purged","damage_taken":0,"max_hp_gain":0,"max_hp_loss":0,"event_name":"Purifier","floor":20,"gold_loss":0},{"damage_healed":0,"gold_gain":0,"player_choice":"Obtained Relic","damage_taken":0,"relics_obtained":["Sundial"],"max_hp_gain":0,"max_hp_loss":0,"event_name":"Addict","floor":22,"gold_loss":85},{"damage_healed":0,"gold_gain":0,"player_choice":"Gave Idol","damage_taken":0,"relics_obtained":["Bloody Idol"],"max_hp_gain":0,"max_hp_loss":0,"event_name":"Forgotten Altar","floor":28,"relics_lost":["Golden Idol"],"gold_loss":0}],"is_beta":false,"boss_relics":[{"not_picked":["Ectoplasm","Black Blood"],"picked":"Philosopher\u0027s Stone"},{"not_picked":["Snecko Eye","Lizard Tail"],"picked":"Calling Bell"}],"items_purged_floors":[19,30,36],"is_endless":false,"potions_floor_spawned":[2,5,11,12,18,31,35,41,44,48],"killed_by":"The Heart","ascension_level":0}