{"gold_per_floor":[361,361,376,56,131,166,186,215,215,215],"floor_reached":10,"playtime":781,"items_purged":["Decay"],"score":84,"play_id":"744d3ecc-56bb-474d-b839-befdbf23bc1e","local_time":"20190726210727","is_ascension_mode":true,"campfire_choices":[],"neow_cost":"TEN_PERCENT_HP_LOSS","seed_source_timestamp":1147368026753494,"circlet_count":0,"master_deck":["Strike_B","Strike_B","Strike_B","Strike_B","Defend_B","Defend_B","Defend_B","Defend_B","Zap","Dualcast","Turbo","Gash","Finesse","Go for the Eyes","Self Repair+1","Melter","Leap"],"relics":["Cracked Core","Frozen Egg 2","Shuriken","Meat on the Bone","Kunai"],"potions_floor_usage":[],"damage_taken":[{"damage":7,"enemies":"Small Slimes","floor":1,"turns":3},{"damage":8,"enemies":"Cultist","floor":3,"turns":3},{"damage":18,"enemies":"Gremlin Nob","floor":6,"turns":4},{"damage":9,"enemies":"Jaw Worm","floor":7,"turns":2},{"damage":21,"enemies":"Lagavulin","floor":8,"turns":5},{"damage":14,"enemies":"Gremlin Nob","floor":10,"turns":3}],"seed_played":"1948954873044038993","potions_obtained":[{"floor":8,"key":"GamblersBrew"}],"is_trial":false,"path_per_floor":["M","?","M","$","?","E","M","E","T","E"],"character_chosen":"DEFECT","items_purchased":["Frozen Egg 2"],"campfire_rested":0,"item_purchase_floors":[4],"current_hp_per_floor":[61,61,53,53,42,24,25,14,14,0],"gold":215,"neow_bonus":"TWO_FIFTY_GOLD","is_prod":false,"is_daily":false,"chose_seed":false,"campfire_upgraded":0,"win_rate":0,"timestamp":1564193247,"path_taken":["M","?","?","$","?","E","M","E","T","E"],"build_version":"2019-07-17","purchased_purges":1,"victory":false,"max_hp_per_floor":[68,68,68,68,68,68,68,68,68,68],"card_choices":[{"not_picked":["Sweeping Beam","Hologram"],"picked":"Turbo","floor":1},{"not_picked":["Steam","Conserve Battery"],"picked":"Go for the Eyes","floor":3},{"not_picked":["Lockon","All For One"],"picked":"Self Repair+1","floor":6},{"not_picked":["Sweeping Beam","Beam Cell"],"picked":"Melter","floor":7},{"not_picked":["Scrape","Sweeping Beam"],"picked":"Leap","floor":8}],"player_experience":67105,"relics_obtained":[{"floor":6,"key":"Shuriken"},{"floor":8,"key":"Meat on the Bone"},{"floor":9,"key":"Kunai"}],"event_choices":[{"damage_healed":0,"gold_gain":0,"player_choice":"3 cards matched","damage_taken":0,"max_hp_gain":0,"max_hp_loss":0,"event_name":"Match and Keep!","floor":2,"gold_loss":0,"cards_obtained":["Gash","Decay","Finesse"]},{"damage_healed":0,"gold_gain":75,"player_choice":"Gather Gold","damage_taken":11,"max_hp_gain":0,"max_hp_loss":0,"event_name":"World of Goop","floor":5,"gold_loss":0}],"is_beta":false,"boss_relics":[],"items_purged_floors":[4],"is_endless":false,"potions_floor_spawned":[8],"killed_by":"Gremlin Nob","ascension_level":2}