{"gold_per_floor":[116,132,61,75,75,0,15,33,33,59,59,75,92,122,122,222,222,237,159,159,259,269,269,285,296,296,296,4,4,21,35,35,132,132,152,170,170,190,210,210],"floor_reached":40,"playtime":2065,"items_purged":["Regret"],"score":454,"play_id":"b6dd3c29-62a9-46c2-96e7-419c1b518026","local_time":"20180710033400","is_ascension_mode":false,"campfire_choices":[{"floor":15,"key":"REST"},{"data":"Noxious Fumes","floor":23,"key":"SMITH"},{"data":"Noxious Fumes","floor":27,"key":"SMITH"},{"data":"Bullet Time","floor":29,"key":"SMITH"},{"data":"Well Laid Plans","floor":32,"key":"SMITH"}],"neow_cost":"NONE","seed_source_timestamp":7724059248907,"circlet_count":0,"master_deck":["Defend_G","Defend_G","Defend_G","Defend_G","Defend_G","Strike_G","Strike_G","Strike_G","Strike_G","Survivor","Neutralize","Setup","Noxious Fumes+1","Cloak And Dagger","Footwork","Bullet Time+1","Footwork","Noxious Fumes+1","Dodge and Roll","Backflip","Corpse Explosion","Dodge and Roll","Deflect","Footwork+1","Well Laid Plans+1","Footwork","Dodge and Roll+1","Footwork","Backflip+1","Backflip+1","Leg Sweep","Calculated Gamble"],"special_seed":0,"relics":["Ring of the Snake","Oddly Smooth Stone","Vajra","Darkstone Periapt","Regal Pillow","Orrery","Nloth\u0027s Gift","Matryoshka","Lantern","Singing Bowl","Philosopher\u0027s Stone"],"potions_floor_usage":[7,16,39,40,40],"damage_taken":[{"damage":1.0,"enemies":"Cultist","floor":1.0,"turns":5.0},{"damage":0.0,"enemies":"Jaw Worm","floor":2.0,"turns":5.0},{"damage":3.0,"enemies":"Small Slimes","floor":4.0,"turns":4.0},{"damage":1,"enemies":"Exordium Thugs","floor":7,"turns":5},{"damage":22,"enemies":"Large Slime","floor":8,"turns":9},{"damage":0,"enemies":"Lagavulin","floor":10,"turns":9},{"damage":2,"enemies":"2 Fungi Beasts","floor":12,"turns":4},{"damage":17,"enemies":"Lots of Slimes","floor":13,"turns":4},{"damage":8,"enemies":"3 Sentries","floor":14,"turns":6},{"damage":39,"enemies":"Hexaghost","floor":16,"turns":10},{"damage":15,"enemies":"3 Byrds","floor":18,"turns":5},{"damage":2,"enemies":"Spheric Guardian","floor":22,"turns":7},{"damage":0,"enemies":"3 Cultists","floor":24,"turns":4},{"damage":9,"enemies":"Snecko","floor":25,"turns":9},{"damage":0,"enemies":"Centurion and Healer","floor":30,"turns":8},{"damage":15,"enemies":"Chosen and Byrds","floor":31,"turns":7},{"damage":8,"enemies":"Automaton","floor":33,"turns":12},{"damage":33,"enemies":"3 Darklings","floor":35,"turns":6},{"damage":0,"enemies":"Orb Walker","floor":36,"turns":6},{"damage":6,"enemies":"4 Shapes","floor":38,"turns":7},{"damage":5,"enemies":"Sphere and 2 Shapes","floor":39,"turns":9},{"damage":59,"enemies":"2 Orb Walkers","floor":40,"turns":5}],"seed_played":"-205636362003303274","potions_obtained":[{"floor":2.0,"key":"FearPotion"},{"floor":4.0,"key":"FearPotion"},{"floor":8,"key":"FearPotion"},{"floor":12,"key":"Strength Potion"},{"floor":13,"key":"Poison Potion"},{"floor":22,"key":"Regen Potion"},{"floor":24,"key":"Energy Potion"}],"is_trial":false,"path_per_floor":["M","M","$","M","?","$","M","M","T","E","T","M","M","E","R","B",null,"M","$","?","?","M","R","M","M","T","R","$","R","M","M","R","B",null,"M","M","?","M","M"],"character_chosen":"THE_SILENT","items_purchased":["Footwork","Well Laid Plans","Lantern","Singing Bowl"],"campfire_rested":1,"item_purchase_floors":[3,19,28,28],"current_hp_per_floor":[69,69,69,66,66,66,65,43,43,43,43,41,24,16,52,13,70,55,55,55,55,53,53,53,44,44,44,44,44,46,31,31,25,74,41,43,43,37,32,0],"gold":210,"neow_bonus":"TRANSFORM_CARD","is_prod":false,"is_daily":false,"chose_seed":false,"campfire_upgraded":4,"win_rate":0,"timestamp":1531182840,"path_taken":["M","M","$","M","?","$","M","?","T","E","?","M","M","E","R","BOSS","M","$","?","?","M","R","M","M","T","R","$","R","M","M","R","BOSS","M","M","?","M","M","E"],"build_version":"2018-07-05","purchased_purges":1,"victory":false,"max_hp_per_floor":[70,70,70,70,70,70,70,70,70,70,70,70,70,70,70,70,70,70,70,70,70,70,70,70,70,70,70,70,70,72,72,72,74,74,74,76,76,76,76,76],"card_choices":[{"not_picked":["Dagger Throw","PiercingWail"],"picked":"Noxious Fumes","floor":1.0},{"not_picked":["Prepared","Dagger Throw"],"picked":"Cloak And Dagger","floor":2.0},{"not_picked":["Cloak And Dagger","Dash"],"picked":"Bullet Time","floor":4.0},{"not_picked":["Concentrate","Poisoned Stab","Outmaneuver"],"picked":"SKIP","floor":7},{"not_picked":["Malaise","Backstab"],"picked":"Footwork","floor":8},{"not_picked":["Slice","Accuracy"],"picked":"Noxious Fumes","floor":10},{"not_picked":["Endless Agony","Bane"],"picked":"Dodge and Roll","floor":12},{"not_picked":["Terror","PiercingWail"],"picked":"Backflip","floor":13},{"not_picked":["Expertise","Dash","Burst"],"picked":"SKIP","floor":14},{"not_picked":["Wraith Form v2","Doppelganger"],"picked":"Corpse Explosion","floor":16},{"not_picked":["Finisher","Endless Agony"],"picked":"Dodge and Roll","floor":17},{"not_picked":["Prepared","Dagger Throw"],"picked":"Deflect","floor":17},{"not_picked":["Underhanded Strike","Flying Knee"],"picked":"Footwork+1","floor":18},{"not_picked":["Outmaneuver+1","Burst"],"picked":"Footwork","floor":22},{"not_picked":["Poisoned Stab","Sucker Punch"],"picked":"Dodge and Roll+1","floor":24},{"not_picked":["Flying Knee+1","Poisoned Stab"],"picked":"Footwork","floor":25},{"not_picked":["Sucker Punch+1","Flying Knee","All Out Attack"],"picked":"Singing Bowl","floor":30},{"not_picked":["Quick Slash","Poisoned Stab"],"picked":"Backflip+1","floor":31},{"not_picked":["Grand Finale","Tactician","Die Die Die"],"picked":"Singing Bowl","floor":33},{"not_picked":["Flying Knee+1","Dagger Throw+1"],"picked":"Backflip+1","floor":35},{"not_picked":["Deadly Poison+1","Dash","Terror"],"picked":"Singing Bowl","floor":36},{"not_picked":["Infinite Blades","Deflect"],"picked":"Leg Sweep","floor":38},{"not_picked":["Underhanded Strike","Poisoned Stab+1"],"picked":"Calculated Gamble","floor":39}],"player_experience":191236,"relics_obtained":[{"floor":9,"key":"Vajra"},{"floor":10,"key":"Blue Candle"},{"floor":11,"key":"Darkstone Periapt"},{"floor":14,"key":"Regal Pillow"},{"floor":26,"key":"Matryoshka"}],"event_choices":[{"event_name":"Big Fish","player_choice":"Box","floor":5.0,"damage_taken":0.0},{"event_name":"N\u0027loth","player_choice":"Traded a Blue Candle","floor":20,"damage_taken":0},{"event_name":"Golden Shrine","player_choice":"Pray","floor":21,"damage_taken":0},{"event_name":"Match and Keep!","player_choice":"0 cards matched","floor":37,"damage_taken":0}],"boss_relics":[{"not_picked":["White Beast Statue","Lizard Tail"],"picked":"Orrery"},{"not_picked":["Velvet Choker","Eternal Feather"],"picked":"Philosopher\u0027s Stone"}],"items_purged_floors":[6],"is_endless":false,"potions_floor_spawned":[2,4,8,12,13,22,24,33,35],"killed_by":"2 Orb Walkers","ascension_level":0}