{"path_per_floor":["M","M","M","$","M","R","?","M","T","$","R","?","M","M","R","B",null,"M","?","M","$","?","R","M","?","T","$","M","M","$","M","R","B",null,"M","$","M","M","M","R","?","M","T","?","R","M","?","M","R"],"character_chosen":"THE_SILENT","items_purchased":["Adrenaline","Accuracy","Regen Potion","Bag of Preparation"],"gold_per_floor":[366,385,405,50,68,68,68,80,103,3,3,3,17,28,28,129,129,141,141,153,28,28,28,45,245,245,98,118,134,134,145,145,250,250,263,113,130,150,167,167,167,178,255,255,255,271,271,284,284],"floor_reached":50,"campfire_rested":4,"playtime":5816,"current_hp_per_floor":[35,35,35,35,38,38,38,38,38,38,38,38,38,38,38,38,70,70,61,40,40,40,40,34,34,34,34,25,16,16,16,38,28,75,54,54,54,34,22,44,44,12,12,12,49,47,37,30,67],"items_purged":["Strike_G","Strike_G","Bane","Corpse Explosion"],"gold":284,"play_id":"9b94011c-0540-4495-8a36-67707ef5e41c","is_prod":false,"is_daily":false,"is_ascension_mode":false,"campfire_upgraded":4,"path_taken":["M","M","M","$","M","R","?","M","T","$","R","?","M","M","R","BOSS","M","?","?","$","?","R","M","?","T","?","M","M","$","M","R","BOSS","M","$","?","M","M","R","?","M","T","?","R","M","?","M","R","BOSS"],"build_version":"2018-01-26-BETA1","purchased_purges":4,"victory":false,"master_deck":["Survivor+1","Neutralize","Backflip+1","Distraction","Adrenaline","Accuracy+1","Cloak And Dagger+1","Backflip+1","Footwork+1","Die Die Die","Blade Dance","Quick Slash","Underhanded Strike","Dagger Spray","Adrenaline","Infinite Blades","Blur+1","Caltrops+1","Bane+1","Terror","Crippling Poison+1","Madness","Madness","Noxious Fumes+1"],"max_hp_per_floor":[70,70,70,70,70,70,70,70,70,70,70,70,70,70,70,70,70,70,75,75,75,75,75,75,75,75,75,75,75,75,75,75,75,75,75,75,75,75,75,75,75,75,75,75,75,75,75,75,75],"relics":["Ring of the Snake","War Paint","Pandora\u0027s Box","Matryoshka","Bag of Preparation","Astrolabe","Regal Pillow","Mercury Hourglass"],"card_choices":[{"not_picked":["Heel Hook","Deadly Poison"],"picked":"Backflip"},{"not_picked":["Poisoned Stab","Quick Slash"],"picked":"Distraction"},{"not_picked":["Dagger Spray","Finisher"],"picked":"Cloak And Dagger"},{"not_picked":["Bane","Dodge and Roll"],"picked":"Backflip"},{"not_picked":["Cloak And Dagger","Glass Knife"],"picked":"Footwork"},{"not_picked":["Phantasmal Killer","Tactician"],"picked":"Die Die Die"},{"not_picked":["Heel Hook","Riddle With Holes"],"picked":"Infinite Blades"},{"not_picked":["Choke","Backflip"],"picked":"Blur"},{"not_picked":["Tactician","Night Terror"],"picked":"Venomology"},{"not_picked":["Endless Agony","Well Laid Plans"],"picked":"Terror"},{"not_picked":["Flying Knee","Reflex"],"picked":"Crippling Poison"},{"not_picked":["Cloak And Dagger","Outmaneuver"],"picked":"Noxious Fumes"}],"player_experience":101245,"potions_floor_usage":[5,16,16,18,28,31,38,39,39,42,46,50,50,50],"damage_taken":[{"damage":0,"enemies":"Small Slimes","floor":1,"turns":3},{"damage":0,"enemies":"2 Louse","floor":2,"turns":3},{"damage":0,"enemies":"Cultist","floor":3,"turns":5},{"damage":12,"enemies":"Large Slime","floor":5,"turns":11},{"damage":0,"enemies":"Red Slaver","floor":8,"turns":5},{"damage":0,"enemies":"Exordium Wildlife","floor":13,"turns":4},{"damage":0,"enemies":"3 Louse","floor":14,"turns":3},{"damage":0,"enemies":"The Guardian","floor":16,"turns":15},{"damage":0,"enemies":"Chosen","floor":18,"turns":3},{"damage":21,"enemies":"2 Thieves","floor":20,"turns":3},{"damage":6,"enemies":"Sentry and Sphere","floor":24,"turns":6},{"damage":24,"enemies":"Snake Plant","floor":28,"turns":6},{"damage":9,"enemies":"Chosen and Byrds","floor":29,"turns":4},{"damage":0,"enemies":"3 Cultists","floor":31,"turns":4},{"damage":10,"enemies":"Collector","floor":33,"turns":12},{"damage":21,"enemies":"3 Darklings","floor":35,"turns":6},{"damage":0,"enemies":"Orb Walker","floor":37,"turns":4},{"damage":20,"enemies":"Maw","floor":38,"turns":10},{"damage":12,"enemies":"4 Shapes","floor":39,"turns":9},{"damage":32,"enemies":"Spire Growth","floor":42,"turns":5},{"damage":2,"enemies":"3 Darklings","floor":46,"turns":4},{"damage":7,"enemies":"Maw","floor":48,"turns":8},{"damage":68,"enemies":"Time Eater","floor":50,"turns":10}],"event_choices":[{"event_name":"Liars Game","player_choice":"disagreed","floor":7,"damage_taken":0},{"event_name":"Dead Adventurer","player_choice":"Searched \u00270\u0027 times","floor":12,"damage_taken":0},{"event_name":"Forgotten Altar","player_choice":"Shed Blood","floor":19,"damage_taken":0},{"event_name":"Duplicator","player_choice":"One dupe","floor":22,"damage_taken":0},{"event_name":"Wheel of Change","player_choice":"Gold","floor":25,"damage_taken":0},{"event_name":"Mysterious Sphere","player_choice":"Ignore","floor":41,"damage_taken":0},{"event_name":"Winding Halls","player_choice":"Embrace Madness","floor":47,"damage_taken":0}],"boss_relics":[{"not_picked":["Philosopher\u0027s Stone","Cursed Key"],"picked":"Pandora\u0027s Box"},{"not_picked":["Snecko Eye","The Specimen"],"picked":"Astrolabe"}],"potions_floor_spawned":[1,5,8,13,14,24,29,37,39,46],"seed_played":"-1343197112272022058","killed_by":"Time Eater","ascension_level":0,"is_trial":false}