{"gold_per_floor":[115,115,131,150,21,21,54,54,80,80,80,95,95,109,109,213,213,225,25,25,39,49,49],"floor_reached":23,"playtime":498,"items_purged":["Strike_R"],"score":191,"play_id":"9ec714c3-5e06-44cf-b0b7-692709447514","local_time":"20190707161700","is_ascension_mode":false,"campfire_choices":[{"data":"Inflame","floor":8,"key":"SMITH"},{"data":"Sword Boomerang","floor":11,"key":"SMITH"},{"data":"Heavy Blade","floor":15,"key":"SMITH"}],"neow_cost":"NONE","seed_source_timestamp":58816010071100,"circlet_count":0,"master_deck":["Strike_R","Strike_R+1","Strike_R","Defend_R","Defend_R","Defend_R","Defend_R","Bash+1","Sword Boomerang+1","Inflame+1","Heavy Blade+1","Shrug It Off","Sword Boomerang","Reaper","Sword Boomerang","Whirlwind","Shrug It Off"],"relics":["Burning Blood","Potion Belt","Omamori","Orrery","Vajra","Regal Pillow"],"potions_floor_usage":[22],"damage_taken":[{"damage":6,"enemies":"Small Slimes","floor":1,"turns":3},{"damage":7,"enemies":"2 Louse","floor":3,"turns":3},{"damage":1,"enemies":"Cultist","floor":4,"turns":3},{"damage":6,"enemies":"Gremlin Nob","floor":7,"turns":3},{"damage":15,"enemies":"Looter","floor":12,"turns":3},{"damage":7,"enemies":"Blue Slaver","floor":14,"turns":4},{"damage":39,"enemies":"Hexaghost","floor":16,"turns":8},{"damage":11,"enemies":"Shell Parasite","floor":18,"turns":5},{"damage":25,"enemies":"Spheric Guardian","floor":21,"turns":4},{"damage":16,"enemies":"3 Cultists","floor":22,"turns":4},{"damage":67,"enemies":"Book of Stabbing","floor":23,"turns":4}],"seed_played":"5084441626263586329","potions_obtained":[{"floor":3,"key":"Swift Potion"},{"floor":12,"key":"FearPotion"},{"floor":14,"key":"PowerPotion"},{"floor":16,"key":"GamblersBrew"},{"floor":18,"key":"Poison Potion"}],"is_trial":false,"path_per_floor":["M","$","M","M","$","?","E","R","T","?","R","M","?","M","R","B",null,"M","$","?","M","M","E"],"character_chosen":"IRONCLAD","items_purchased":["Heavy Blade","Vajra","Shrug It Off"],"campfire_rested":0,"item_purchase_floors":[5,19,19],"current_hp_per_floor":[80,80,79,80,80,85,85,85,85,68,68,59,59,58,58,25,85,80,80,80,61,51,0],"gold":49,"neow_bonus":"REMOVE_CARD","is_prod":false,"is_daily":false,"chose_seed":false,"campfire_upgraded":3,"win_rate":0,"timestamp":1562505420,"path_taken":["M","$","M","M","$","?","E","R","T","?","R","M","?","M","R","BOSS","M","$","?","M","M","E"],"build_version":"2019-07-05","purchased_purges":1,"victory":false,"max_hp_per_floor":[80,80,80,80,80,85,85,85,85,85,85,85,85,85,85,85,85,85,85,85,85,85,85],"card_choices":[{"not_picked":["Pommel Strike","Burning Pact"],"picked":"Sword Boomerang","floor":1},{"not_picked":["Thunderclap","Headbutt","Rage"],"picked":"SKIP","floor":3},{"not_picked":["Heavy Blade","Second Wind"],"picked":"Inflame","floor":4},{"not_picked":["Reckless Charge","Perfected Strike","Hemokinesis"],"picked":"SKIP","floor":7},{"not_picked":["Corruption","Iron Wave"],"picked":"Shrug It Off","floor":12},{"not_picked":["Anger","Armaments"],"picked":"Sword Boomerang","floor":14},{"not_picked":["Feed","Dark Embrace"],"picked":"Reaper","floor":16},{"not_picked":["Uppercut","Evolve"],"picked":"Sword Boomerang","floor":17},{"not_picked":["Shrug It Off","Bloodletting"],"picked":"Whirlwind","floor":17},{"not_picked":["Headbutt","Thunderclap+1","Feel No Pain"],"picked":"SKIP","floor":18},{"not_picked":["Immolate","Hemokinesis","Cleave"],"picked":"SKIP","floor":21},{"not_picked":["Sword Boomerang","Dual Wield","Wild Strike"],"picked":"SKIP","floor":22}],"player_experience":675557,"relics_obtained":[{"floor":7,"key":"Potion Belt"},{"floor":9,"key":"Omamori"}],"event_choices":[{"damage_healed":0,"gold_gain":0,"player_choice":"Donut","damage_taken":0,"max_hp_gain":5,"max_hp_loss":0,"event_name":"Big Fish","floor":6,"gold_loss":0},{"damage_healed":0,"gold_gain":0,"player_choice":"Entered Light","damage_taken":17,"max_hp_gain":0,"max_hp_loss":0,"event_name":"Shining Light","floor":10,"gold_loss":0,"cards_upgraded":["Strike_R","Bash"]},{"damage_healed":0,"gold_gain":0,"player_choice":"Ignored","damage_taken":0,"max_hp_gain":0,"max_hp_loss":0,"event_name":"Liars Game","floor":13,"gold_loss":0},{"damage_healed":0,"gold_gain":0,"player_choice":"Gave Potion","damage_taken":0,"relics_obtained":["Regal Pillow"],"max_hp_gain":0,"max_hp_loss":0,"event_name":"WeMeetAgain","floor":20,"gold_loss":0}],"is_beta":false,"boss_relics":[{"not_picked":["Eternal Feather","Lizard Tail"],"picked":"Orrery"}],"items_purged_floors":[5],"is_endless":false,"potions_floor_spawned":[3,12,14,16,18],"killed_by":"Book of Stabbing","ascension_level":0}