{"gold_per_floor":[117,135,147,164,176,211,211,211,236,252,267,267,0,20,20,120,120,138,86,86,86,106,58,58,58,58,72,103,103,60,95,95,196,196,215,234,108,126,126,126,140,158,158,169,169,169,196,196,196,196],"floor_reached":51,"playtime":2482,"items_purged":["Normality"],"score":769,"play_id":"ee616ffc-1a05-4168-9720-45097f9961e7","local_time":"20181128094410","is_ascension_mode":false,"campfire_choices":[{"floor":7,"key":"REST"},{"data":"Spot Weakness","floor":12,"key":"SMITH"},{"data":"Defend_R","floor":15,"key":"SMITH"},{"floor":24,"key":"REST"},{"floor":29,"key":"RECALL"},{"floor":32,"key":"REST"},{"floor":40,"key":"REST"},{"floor":46,"key":"REST"},{"floor":49,"key":"REST"}],"neow_cost":"CURSE","seed_source_timestamp":129587322158750,"circlet_count":0,"master_deck":["Strike_R","Strike_R","Strike_R","Strike_R","Strike_R","Defend_R","Defend_R","Defend_R","Defend_R+1","Bash","Spot Weakness+1","Barricade+1","Tools of the Trade+1","Shrug It Off","Shame","Leap+1","Body Slam","Steam+1","Armaments","Infinite Blades+1","Mayhem+1","Metallicize+1","Body Slam+1","Conserve Battery+1","Iron Wave+1","Double Energy+1","Blind","The Bomb","Panache+1"],"relics":["Burning Blood","Pocketwatch","Frozen Egg 2","Happy Flower","PrismaticShard","Fusion Hammer","Anchor","The Courier","Orichalcum","Strawberry","Runic Cube","Lantern","Pear","Letter Opener"],"potions_floor_usage":[6,14,16,28,28,28,31,42,50,50,50],"damage_taken":[{"damage":10,"enemies":"2 Louse","floor":1,"turns":4},{"damage":14,"enemies":"Cultist","floor":2,"turns":3},{"damage":12,"enemies":"Jaw Worm","floor":3,"turns":3},{"damage":17,"enemies":"Red Slaver","floor":4,"turns":3},{"damage":17,"enemies":"Exordium Wildlife","floor":5,"turns":3},{"damage":31,"enemies":"3 Sentries","floor":6,"turns":6},{"damage":6,"enemies":"Blue Slaver","floor":10,"turns":4},{"damage":7,"enemies":"Looter","floor":11,"turns":4},{"damage":0,"enemies":"2 Fungi Beasts","floor":14,"turns":4},{"damage":38,"enemies":"Hexaghost","floor":16,"turns":11},{"damage":7,"enemies":"Chosen","floor":18,"turns":7},{"damage":0,"enemies":"3 Byrds","floor":22,"turns":6},{"damage":7,"enemies":"Snake Plant","floor":27,"turns":8},{"damage":2,"enemies":"Slavers","floor":28,"turns":6},{"damage":14,"enemies":"Gremlin Leader","floor":31,"turns":11},{"damage":32,"enemies":"Automaton","floor":33,"turns":17},{"damage":0,"enemies":"3 Shapes","floor":35,"turns":5},{"damage":7,"enemies":"3 Darklings","floor":36,"turns":7},{"damage":12,"enemies":"Maw","floor":38,"turns":8},{"damage":6,"enemies":"Transient","floor":41,"turns":5},{"damage":21,"enemies":"Jaw Worm Horde","floor":42,"turns":6},{"damage":14,"enemies":"Spire Growth","floor":44,"turns":5},{"damage":0,"enemies":"Nemesis","floor":47,"turns":5},{"damage":40,"enemies":"Time Eater","floor":50,"turns":11}],"seed_played":"7692157307168040396","potions_obtained":[{"floor":2,"key":"GamblersBrew"},{"floor":3,"key":"EssenceOfSteel"},{"floor":6,"key":"SpeedPotion"},{"floor":11,"key":"Fire Potion"},{"floor":16,"key":"Fire Potion"},{"floor":27,"key":"Explosive Potion"},{"floor":28,"key":"GamblersBrew"},{"floor":31,"key":"Fruit Juice"},{"floor":36,"key":"Explosive Potion"},{"floor":39,"key":"EssenceOfSteel"},{"floor":47,"key":"LiquidBronze"}],"is_trial":false,"path_per_floor":["M","M","M","M","M","E","R","?","T","M","M","R","$","M","R","B",null,"M","$","?","?","M","$","R","$","T","M","E","R","$","E","R","B",null,"M","M","$","M","?","R","M","M","T","M","$","R","E","?","R","B",null],"character_chosen":"IRONCLAD","items_purchased":["PrismaticShard","Shrug It Off","Body Slam","Armaments","Lantern"],"campfire_rested":6,"item_purchase_floors":[13,19,23,30,37],"current_hp_per_floor":[76,68,62,51,40,15,39,39,39,39,38,38,38,44,44,12,80,79,79,79,79,80,80,80,80,80,79,80,80,80,84,92,66,92,92,91,91,85,85,92,92,77,87,79,79,102,102,92,102,68],"gold":196,"neow_bonus":"ONE_RARE_RELIC","is_prod":false,"is_daily":false,"chose_seed":false,"campfire_upgraded":2,"win_rate":0,"timestamp":1543391050,"path_taken":["M","M","M","M","M","E","R","?","T","M","M","R","$","M","R","BOSS","M","$","?","?","M","$","R","?","T","?","E","R","$","E","R","BOSS","M","M","$","M","?","R","M","?","T","M","$","R","E","?","R","BOSS"],"build_version":"2018-11-15","purchased_purges":1,"victory":true,"max_hp_per_floor":[80,80,80,80,80,80,80,80,80,80,80,80,80,80,80,80,80,80,80,80,80,80,80,80,80,80,80,80,80,80,92,92,92,92,92,92,92,92,92,92,92,92,102,102,102,102,102,102,102,102],"card_choices":[{"not_picked":["Perfected Strike","Sentinel","Body Slam"],"picked":"SKIP","floor":1},{"not_picked":["Burning Pact","Dropkick"],"picked":"Spot Weakness","floor":2},{"not_picked":["Shrug It Off","Iron Wave","Anger"],"picked":"SKIP","floor":3},{"not_picked":["Warcry","True Grit","Clash"],"picked":"SKIP","floor":4},{"not_picked":["Warcry","True Grit","Clash"],"picked":"SKIP","floor":4},{"not_picked":["Anger","Heavy Blade","Flex"],"picked":"SKIP","floor":5},{"not_picked":["Combust","Rampage","Havoc"],"picked":"SKIP","floor":6},{"not_picked":["Thunderclap","Clothesline"],"picked":"Barricade+1","floor":10},{"not_picked":["Intimidate","Bloodletting","Perfected Strike"],"picked":"SKIP","floor":11},{"not_picked":["Slice","Prepared","Dark Shackles"],"picked":"SKIP","floor":14},{"not_picked":["Glass Knife","A Thousand Cuts+1"],"picked":"Tools of the Trade+1","floor":16},{"not_picked":["Flechettes","Gash","Recycle"],"picked":"SKIP","floor":18},{"not_picked":["Slice","True Grit"],"picked":"Leap+1","floor":22},{"not_picked":["Acrobatics+1","Sunder","Bane"],"picked":"SKIP","floor":27},{"not_picked":["Expertise","Anger+1"],"picked":"Steam+1","floor":28},{"not_picked":["Tactician","Consume"],"picked":"Infinite Blades+1","floor":31},{"not_picked":["Glass Knife","Mayhem+1"],"picked":"Mayhem+1","floor":33},{"not_picked":["Thunderclap","Combust+1"],"picked":"Metallicize+1","floor":35},{"not_picked":["Deep Breath+1","Endless Agony+1"],"picked":"Body Slam+1","floor":36},{"not_picked":["Redo","Hemokinesis","Dropkick+1"],"picked":"SKIP","floor":38},{"not_picked":["Blind","Heel Hook"],"picked":"Conserve Battery+1","floor":41},{"not_picked":["Whirlwind","Second Wind+1"],"picked":"Iron Wave+1","floor":42},{"not_picked":["Reflex+1","Ghostly Armor"],"picked":"Double Energy+1","floor":44},{"not_picked":["Bouncing Flask","Flex","PiercingWail"],"picked":"SKIP","floor":47},{"not_picked":["Trip","Chrysalis"],"picked":"Blind","floor":48},{"not_picked":["Discovery","Deep Breath"],"picked":"The Bomb","floor":48},{"not_picked":["Trip","Magnetism+1"],"picked":"Panache+1","floor":48}],"player_experience":503109,"relics_obtained":[{"floor":6,"key":"Frozen Egg 2"},{"floor":9,"key":"Happy Flower"},{"floor":26,"key":"The Courier"},{"floor":28,"key":"Orichalcum"},{"floor":31,"key":"Strawberry"},{"floor":43,"key":"Pear"},{"floor":47,"key":"Letter Opener"}],"event_choices":[{"damage_healed":0,"gold_gain":0,"cards_transformed":["Regret"],"player_choice":"Transformed","damage_taken":0,"max_hp_gain":0,"max_hp_loss":0,"event_name":"Transmorgrifier","floor":8,"gold_loss":0,"cards_obtained":["Normality"]},{"damage_healed":0,"gold_gain":0,"player_choice":"Ignored","damage_taken":0,"max_hp_gain":0,"max_hp_loss":0,"event_name":"Beggar","floor":20,"gold_loss":0},{"damage_healed":0,"gold_gain":0,"player_choice":"Stole Relic","damage_taken":0,"relics_obtained":["Anchor"],"max_hp_gain":0,"max_hp_loss":0,"event_name":"Addict","floor":21,"gold_loss":0,"cards_obtained":["Shame"]},{"damage_healed":0,"gold_gain":0,"player_choice":"Got Potions","damage_taken":0,"max_hp_gain":0,"max_hp_loss":0,"event_name":"Lab","floor":39,"gold_loss":0},{"damage_healed":0,"gold_gain":0,"player_choice":"Memory 3","damage_taken":10,"max_hp_gain":0,"max_hp_loss":0,"event_name":"SensoryStone","floor":48,"gold_loss":0}],"is_beta":false,"boss_relics":[{"not_picked":["Astrolabe","Runic Dome"],"picked":"Fusion Hammer"},{"not_picked":["Calling Bell","White Beast Statue"],"picked":"Runic Cube"}],"items_purged_floors":[13],"is_endless":false,"potions_floor_spawned":[2,3,6,11,16,27,28,31,36,47],"ascension_level":0}