{"gold_per_floor":[112,124,124,137,157,192,205,205,205,205,248,248,248,279,279,404,404,429,452,452,452,110,110,110,131,131,164,164,164,183,108,108,234,234,259,283,298,97,120,120,133,133,201,34,34,49,49,68,68,68],"floor_reached":51,"playtime":1739,"items_purged":["Thunderclap","Strike_R"],"score":712,"play_id":"f18cbb9d-a8eb-4ec4-a45e-847ddfce2b5f","local_time":"20180729153132","is_ascension_mode":false,"campfire_choices":[{"floor":10.0,"key":"REST"},{"data":"Armaments","floor":12.0,"key":"SMITH"},{"data":"Juggernaut","floor":15.0,"key":"SMITH"},{"data":"Body Slam","floor":23.0,"key":"SMITH"},{"data":"Metallicize","floor":28.0,"key":"SMITH"},{"data":"Battle Trance","floor":32.0,"key":"SMITH"},{"data":"Armaments","floor":45,"key":"SMITH"},{"data":"Panache","floor":47,"key":"SMITH"},{"data":"Juggernaut","floor":49,"key":"SMITH"}],"neow_cost":"NONE","seed_source_timestamp":8155580122766,"circlet_count":0,"master_deck":["Strike_R","Strike_R","Strike_R","Strike_R","Defend_R","Defend_R","Defend_R","Defend_R","Bash","Cleave","Iron Wave","Juggernaut+1","Armaments+1","Bandage Up","Iron Wave","Offering","Body Slam+1","Ghostly Armor","Metallicize+1","Battle Trance+1","Iron Wave","Bandage Up","Shrug It Off","Inflame+1","Armaments+1","Armaments+1","Panache+1","Body Slam+1","Battle Trance","Iron Wave","Juggernaut+1"],"special_seed":0,"relics":["Burning Blood","Ice Cream","Golden Idol","Charon\u0027s Ashes","Letter Opener","Du-Vu Doll","Mark of Pain","Gambling Chip","Prayer Wheel","Dodecahedron","Runic Pyramid","Ornamental Fan"],"potions_floor_usage":[50],"damage_taken":[{"damage":6.0,"enemies":"Jaw Worm","floor":1.0,"turns":3.0},{"damage":2.0,"enemies":"Small Slimes","floor":2.0,"turns":4.0},{"damage":10.0,"enemies":"Cultist","floor":4.0,"turns":4.0},{"damage":37.0,"enemies":"Exordium Thugs","floor":5.0,"turns":5.0},{"damage":29.0,"enemies":"Gremlin Nob","floor":6.0,"turns":5.0},{"damage":11.0,"enemies":"Blue Slaver","floor":7.0,"turns":4.0},{"damage":11.0,"enemies":"3 Sentries","floor":11.0,"turns":5.0},{"damage":23.0,"enemies":"Lagavulin","floor":14.0,"turns":7.0},{"damage":29.0,"enemies":"The Guardian","floor":16.0,"turns":12.0},{"damage":10.0,"enemies":"Chosen","floor":18.0,"turns":4.0},{"damage":24.0,"enemies":"Shell Parasite","floor":19.0,"turns":5.0},{"damage":7.0,"enemies":"Cultist and Chosen","floor":25.0,"turns":5.0},{"damage":19.0,"enemies":"Book of Stabbing","floor":27.0,"turns":5.0},{"damage":9.0,"enemies":"Snecko","floor":30.0,"turns":6.0},{"damage":46.0,"enemies":"Automaton","floor":33.0,"turns":10.0},{"damage":7.0,"enemies":"3 Darklings","floor":35.0,"turns":4.0},{"damage":0.0,"enemies":"Orb Walker","floor":36.0,"turns":3.0},{"damage":0.0,"enemies":"Spire Growth","floor":37.0,"turns":4.0},{"damage":11.0,"enemies":"Sphere and 2 Shapes","floor":39.0,"turns":4.0},{"damage":5,"enemies":"Transient","floor":41,"turns":5},{"damage":2,"enemies":"Flame Bruiser 2 Orb","floor":46,"turns":5},{"damage":5,"enemies":"Spire Growth","floor":48,"turns":5},{"damage":61,"enemies":"Time Eater","floor":50,"turns":11}],"seed_played":"-315725016938860675","potions_obtained":[{"floor":6.0,"key":"Regen Potion"},{"floor":14.0,"key":"SpeedPotion"},{"floor":16.0,"key":"SkillPotion"},{"floor":30.0,"key":"Swift Potion"},{"floor":35.0,"key":"SpeedPotion"}],"is_trial":false,"path_per_floor":["M","M","$","M","M","E","M","?","T","R","E","R","?","E","R","B",null,"M","M","$","?","$","R","?","M","T","E","R","?","M","$","R","B",null,"M","M","M","$","M","?","M","?","T","$","R","M","R","M","R","B"],"character_chosen":"IRONCLAD","items_purchased":["Metallicize","Gambling Chip","Panache","Battle Trance"],"campfire_rested":1,"item_purchase_floors":[22,22,38,44],"current_hp_per_floor":[80,80,80,76,45,22,17,17,17,39,34,34,34,36,36,17,74,70,56,56,56,56,56,56,59,59,50,50,50,47,47,47,15,74,74,74,74,74,74,74,74,74,74,74,74,74,74,74,74,31],"gold":68,"neow_bonus":"THREE_SMALL_POTIONS","is_prod":false,"is_daily":false,"chose_seed":false,"campfire_upgraded":8,"win_rate":0,"timestamp":1532867492,"path_taken":["M","M","$","M","M","E","M","?","T","R","E","R","?","E","R","BOSS","M","M","$","?","$","R","?","?","T","E","R","?","M","?","R","BOSS","M","M","M","$","M","?","M","?","T","$","R","M","R","M","R","BOSS"],"build_version":"2018-07-26","purchased_purges":2,"victory":true,"max_hp_per_floor":[80,80,80,80,80,80,80,74,74,74,74,74,74,74,74,74,74,74,74,74,74,74,74,74,74,74,74,74,74,74,74,74,74,74,74,74,74,74,74,74,74,74,74,74,74,74,74,74,74,74],"card_choices":[{"not_picked":["Headbutt","Seeing Red","Metallicize"],"picked":"SKIP","floor":1.0},{"not_picked":["Flame Barrier","Clash"],"picked":"Cleave","floor":2.0},{"not_picked":["Cleave","Body Slam"],"picked":"Iron Wave","floor":4.0},{"not_picked":["Cleave","Sword Boomerang"],"picked":"Juggernaut","floor":5.0},{"not_picked":["Twin Strike","Warcry","Flex"],"picked":"SKIP","floor":6.0},{"not_picked":["True Grit","Wild Strike"],"picked":"Armaments","floor":7.0},{"not_picked":["Clash","Sword Boomerang","Headbutt"],"picked":"SKIP","floor":11.0},{"not_picked":["Metallicize","Heavy Blade"],"picked":"Iron Wave","floor":14.0},{"not_picked":["Limit Break","Dark Embrace"],"picked":"Offering","floor":16.0},{"not_picked":["Headbutt","Havoc"],"picked":"Body Slam","floor":18.0},{"not_picked":["Rampage","Whirlwind"],"picked":"Ghostly Armor","floor":19.0},{"not_picked":["Cleave","True Grit","Rupture"],"picked":"SKIP","floor":25.0},{"not_picked":["Spot Weakness","Evolve"],"picked":"Iron Wave","floor":27.0},{"not_picked":["Dropkick","Body Slam+1"],"picked":"Shrug It Off","floor":30.0},{"not_picked":["Clash","Thunderclap","Disarm"],"picked":"SKIP","floor":30.0},{"not_picked":["Twin Strike","Headbutt+1"],"picked":"Inflame+1","floor":35.0},{"not_picked":["Disarm","Feel No Pain+1","Searing Blow"],"picked":"SKIP","floor":35.0},{"not_picked":["Infernal Blade","Wild Strike+1"],"picked":"Armaments","floor":36.0},{"not_picked":["Intimidate+1","Wild Strike"],"picked":"Armaments+1","floor":36.0},{"not_picked":["Pommel Strike","Havoc+1","Dual Wield"],"picked":"SKIP","floor":37.0},{"not_picked":["Warcry+1","Havoc","Impervious"],"picked":"SKIP","floor":37.0},{"not_picked":["Wild Strike","Headbutt+1"],"picked":"Body Slam+1","floor":39},{"not_picked":["Twin Strike+1","Heavy Blade","Second Wind+1"],"picked":"SKIP","floor":39},{"not_picked":["Power Through+1","Dual Wield","True Grit"],"picked":"SKIP","floor":41},{"not_picked":["Wild Strike","Dual Wield+1","Burning Pact+1"],"picked":"SKIP","floor":41},{"not_picked":["Flex+1","Rupture+1","True Grit+1"],"picked":"SKIP","floor":46},{"not_picked":["Bloodletting+1","Clothesline","Shrug It Off+1"],"picked":"SKIP","floor":46},{"not_picked":["Heavy Blade+1","Carnage+1"],"picked":"Iron Wave","floor":48},{"not_picked":["Hemokinesis","Sever Soul+1"],"picked":"Juggernaut","floor":48}],"player_experience":261556,"relics_obtained":[{"floor":6.0,"key":"Ice Cream"},{"floor":9.0,"key":"Charon\u0027s Ashes"},{"floor":11.0,"key":"Letter Opener"},{"floor":14.0,"key":"Du-Vu Doll"},{"floor":26.0,"key":"Prayer Wheel"},{"floor":27.0,"key":"Dodecahedron"},{"floor":43,"key":"Ornamental Fan"}],"event_choices":[{"event_name":"Golden Idol","player_choice":"Lose Max HP","floor":8.0,"damage_taken":0.0},{"event_name":"Match and Keep!","player_choice":"1 cards matched","floor":13.0,"damage_taken":0.0},{"event_name":"Cursed Tome","player_choice":"Ignored","floor":21.0,"damage_taken":0.0},{"event_name":"The Library","player_choice":"Read","floor":24.0,"damage_taken":0.0},{"event_name":"Match and Keep!","player_choice":"2 cards matched","floor":29.0,"damage_taken":0.0},{"event_name":"Tomb of Lord Red Mask","player_choice":"Ignored","floor":40,"damage_taken":0},{"event_name":"Match and Keep!","player_choice":"0 cards matched","floor":42,"damage_taken":0}],"is_beta":false,"boss_relics":[{"not_picked":["Philosopher\u0027s Stone","Calling Bell"],"picked":"Mark of Pain"},{"not_picked":["Orrery","Runic Dome"],"picked":"Runic Pyramid"}],"items_purged_floors":[31,44],"is_endless":false,"potions_floor_spawned":[2,6,14,16,19,30,35,36,41,48],"ascension_level":0}