{"gold_per_floor":[111,129,129,147,161,161,172,90,90,110,127,56,87,98,98,201,201,220,220,231,231,156,156,71,83,118,142,154,180,212,68,68,68],"floor_reached":33,"playtime":841,"items_purged":["Strike_R"],"score":251,"play_id":"c3a8fb57-c78c-4b8b-bdc4-57649bf10d98","local_time":"20190713224629","is_ascension_mode":false,"campfire_choices":[{"data":"Bash","floor":6.0,"key":"SMITH"},{"data":"Blind","floor":15.0,"key":"SMITH"},{"data":"Double Tap","floor":23.0,"key":"SMITH"},{"data":"Battle Trance","floor":28.0,"key":"SMITH"},{"data":"Defend_R","floor":32.0,"key":"SMITH"}],"neow_cost":"NONE","seed_source_timestamp":254665588439100,"circlet_count":0,"master_deck":["Strike_R","Strike_R","Defend_R","Defend_R","Defend_R","Defend_R+1","Bash+1","Dramatic Entrance+1","Thunderclap","Dropkick","Blind+1","Dropkick","Double Tap+1","Battle Trance+1","Thunderclap+1","Headbutt+1"],"special_seed":0,"relics":["Burning Blood","Darkstone Periapt","Meat on the Bone","Empty Cage","MawBank","Bag of Marbles","Oddly Smooth Stone"],"potions_floor_usage":[33],"damage_taken":[{"damage":6.0,"enemies":"Jaw Worm","floor":1.0,"turns":3.0},{"damage":6.0,"enemies":"Cultist","floor":2.0,"turns":3.0},{"damage":2.0,"enemies":"Small Slimes","floor":4.0,"turns":2.0},{"damage":0.0,"enemies":"Exordium Wildlife","floor":5.0,"turns":2.0},{"damage":3.0,"enemies":"3 Louse","floor":7.0,"turns":2.0},{"damage":0.0,"enemies":"Lots of Slimes","floor":10.0,"turns":1.0},{"damage":26.0,"enemies":"Large Slime","floor":11.0,"turns":7.0},{"damage":26.0,"enemies":"Lagavulin","floor":13.0,"turns":6.0},{"damage":5.0,"enemies":"3 Louse","floor":14.0,"turns":2.0},{"damage":48.0,"enemies":"The Guardian","floor":16.0,"turns":15.0},{"damage":25.0,"enemies":"2 Thieves","floor":18.0,"turns":4.0},{"damage":12.0,"enemies":"3 Byrds","floor":20.0,"turns":6.0},{"damage":5.0,"enemies":"Centurion and Healer","floor":27.0,"turns":4.0},{"damage":19.0,"enemies":"Snake Plant","floor":29.0,"turns":4.0},{"damage":5.0,"enemies":"Chosen and Byrds","floor":30.0,"turns":3.0},{"damage":60,"enemies":"Champ","floor":33,"turns":8}],"seed_played":"-1337041464462498498","potions_obtained":[{"floor":1.0,"key":"Block Potion"},{"floor":5.0,"key":"Swift Potion"},{"floor":7.0,"key":"Explosive Potion"},{"floor":18.0,"key":"BloodPotion"},{"floor":27.0,"key":"PowerPotion"}],"is_trial":false,"path_per_floor":["M","M","?","M","M","R","M","$","T","M","M","$","E","M","R","B",null,"M","$","M","?","$","R","?","?","T","M","R","M","M","$","R","B"],"character_chosen":"IRONCLAD","items_purchased":["Blind","Dropkick","Oddly Smooth Stone"],"campfire_rested":0,"item_purchase_floors":[8,12,31],"current_hp_per_floor":[80,80,80,80,80,80,80,80,80,80,60,60,40,53,53,23,80,61,61,55,55,55,55,55,47,47,48,48,55,56,56,56,0],"gold":68,"neow_bonus":"RANDOM_COLORLESS","is_prod":false,"is_daily":false,"chose_seed":false,"campfire_upgraded":5,"win_rate":0,"timestamp":1563047189,"path_taken":["M","M","?","?","M","R","M","$","T","M","M","$","E","M","R","BOSS","M","$","M","?","$","R","?","?","T","M","R","M","M","$","R","BOSS"],"build_version":"2019-07-05","purchased_purges":1,"victory":false,"max_hp_per_floor":[80,80,80,80,80,80,80,80,80,80,80,80,80,80,80,80,80,80,80,80,80,80,80,80,80,80,80,80,80,80,80,80,80],"card_choices":[{"not_picked":["Shrug It Off","Clothesline"],"picked":"Thunderclap","floor":1.0},{"not_picked":["Anger","Evolve","Havoc"],"picked":"SKIP","floor":2.0},{"not_picked":["Heavy Blade","Thunderclap","Clash"],"picked":"SKIP","floor":4.0},{"not_picked":["Searing Blow","Uppercut"],"picked":"Dropkick","floor":5.0},{"not_picked":["Flame Barrier","Shockwave","Carnage"],"picked":"SKIP","floor":7.0},{"not_picked":["Evolve","Perfected Strike","Pommel Strike"],"picked":"SKIP","floor":10.0},{"not_picked":["Ghostly Armor","Burning Pact","Evolve"],"picked":"SKIP","floor":11.0},{"not_picked":["Flame Barrier","Bloodletting","Uppercut"],"picked":"SKIP","floor":13.0},{"not_picked":["Metallicize","Shrug It Off","Clash"],"picked":"SKIP","floor":14.0},{"not_picked":["Dark Embrace","Immolate"],"picked":"Double Tap","floor":16.0},{"not_picked":["Flex","Clash","Feel No Pain"],"picked":"SKIP","floor":18.0},{"not_picked":["Bloodletting","Dual Wield","Heavy Blade"],"picked":"SKIP","floor":20.0},{"not_picked":["Hemokinesis","Perfected Strike"],"picked":"Thunderclap+1","floor":27.0},{"not_picked":["Thunderclap","Clash","Clothesline"],"picked":"SKIP","floor":29.0},{"not_picked":["Iron Wave","Clothesline"],"picked":"Headbutt+1","floor":30.0}],"player_experience":703864,"relics_obtained":[{"floor":9.0,"key":"Darkstone Periapt"},{"floor":13.0,"key":"Meat on the Bone"},{"floor":26.0,"key":"Bag of Marbles"}],"event_choices":[{"damage_healed":0.0,"max_hp_gain":0.0,"max_hp_loss":0.0,"gold_gain":0.0,"event_name":"Upgrade Shrine","player_choice":"Upgraded","floor":3.0,"gold_loss":0.0,"damage_taken":0.0,"cards_upgraded":["Dramatic Entrance"]},{"damage_healed":0.0,"max_hp_gain":0.0,"max_hp_loss":0.0,"gold_gain":0.0,"event_name":"The Library","player_choice":"Read","floor":21.0,"gold_loss":0.0,"damage_taken":0.0,"cards_obtained":["Battle Trance"]},{"damage_healed":0.0,"max_hp_gain":0.0,"max_hp_loss":0.0,"gold_gain":0.0,"event_name":"Addict","player_choice":"Obtained Relic","floor":24.0,"gold_loss":85.0,"damage_taken":0.0,"relics_obtained":["MawBank"]},{"damage_healed":0.0,"max_hp_gain":0.0,"max_hp_loss":0.0,"gold_gain":0.0,"event_name":"Knowing Skull","player_choice":"","floor":25.0,"potions_obtained":[],"gold_loss":0.0,"damage_taken":8.0,"cards_obtained":[]}],"is_beta":false,"boss_relics":[{"not_picked":["Lizard Tail","Tiny House"],"picked":"Empty Cage"}],"items_purged_floors":[22],"is_endless":false,"potions_floor_spawned":[1,5,7,11,18,27],"killed_by":"Champ","ascension_level":0}