{"path_per_floor":["M","?","M","M","$","R","?","R","T","R","M","R","M","?","R","B",null,"M","?","?","M","$","R","M","$","T","M","M","M","M","M","R"],"character_chosen":"IRONCLAD","items_purchased":["Inflame"],"gold_per_floor":[113,113,128,143,63,63,63,63,63,63,83,83,102,102,102,202,202,215,215,215,225,150,150,160,60,60,79,99,116,131,147,147],"floor_reached":33,"campfire_rested":2,"playtime":4323,"current_hp_per_floor":[80,80,75,68,68,68,43,43,43,43,43,43,40,40,64,39,80,54,54,54,52,52,52,40,40,40,25,12,20,19,27,51],"items_purged":["Strike_R","Strike_R"],"gold":147,"play_id":"38770518-1e47-4fdc-9d9c-a9edeaa49ae1","is_prod":false,"is_daily":false,"campfire_rituals":0,"campfire_upgraded":5,"is_hardmode":false,"path_taken":["M","?","M","M","$","R","?","R","T","R","?","R","M","?","R","BOSS","M","?","?","M","$","R","M","$","T","M","?","M","M","M","R","BOSS"],"build_version":"2018-01-18-PROD4","purchased_purges":2,"victory":false,"master_deck":["Strike_R","Strike_R","Strike_R","Defend_R","Defend_R","Defend_R","Defend_R","Bash","Heavy Blade","Berserk","Inflame","Headbutt","Shrug It Off","Warcry","Juggernaut","Clumsy","Armaments","Inflame","Heavy Blade","Whirlwind","Iron Wave","Uppercut","Berserk","Armaments"],"max_hp_per_floor":[80,80,80,80,80,80,80,80,80,80,80,80,80,80,80,80,80,80,80,80,80,80,80,80,80,80,80,80,80,80,80,80],"relics":["Burning Blood","Blood Vial","Omamori","Ice Cream","Calling Bell","Toolbox","Happy Flower","War Paint","Thread and Needle"],"campfire_meditates":0,"card_choices":[{"not_picked":["Anger","True Grit"],"picked":"Heavy Blade"},{"not_picked":["Sever Soul","Pommel Strike"],"picked":"Berserk"},{"not_picked":["Heavy Blade","Clash"],"picked":"Headbutt"},{"not_picked":["Intimidate","Pommel Strike"],"picked":"Shrug It Off"},{"not_picked":["Brutality","Dark Embrace"],"picked":"Juggernaut"},{"not_picked":["Pommel Strike","Second Wind"],"picked":"Armaments"},{"not_picked":["Armaments","Bloodletting"],"picked":"Whirlwind"},{"not_picked":["Inflame","Twin Strike"],"picked":"Iron Wave"},{"not_picked":["Dual Wield","Clash"],"picked":"Uppercut"},{"not_picked":["Cleave","Flex"],"picked":"Berserk"},{"not_picked":["Warcry","Perfected Strike"],"picked":"Armaments"}],"player_experience":75970,"potions_floor_usage":[11,16,21,24,30,33,33],"damage_taken":[{"damage":5,"enemies":"2 Louse","floor":1,"turns":3},{"damage":11,"enemies":"Blue Slaver","floor":3,"turns":5},{"damage":15,"enemies":"Small Slimes","floor":4,"turns":4},{"damage":8,"enemies":"Gremlin Gang","floor":11,"turns":5},{"damage":11,"enemies":"Red Slaver","floor":13,"turns":4},{"damage":33,"enemies":"The Guardian","floor":16,"turns":9},{"damage":32,"enemies":"3 Byrds","floor":18,"turns":8},{"damage":10,"enemies":"Spheric Guardian","floor":21,"turns":4},{"damage":20,"enemies":"Snecko","floor":24,"turns":4},{"damage":23,"enemies":"Sentry and Sphere","floor":27,"turns":6},{"damage":21,"enemies":"3 Cultists","floor":28,"turns":6},{"damage":0,"enemies":"Snake Plant","floor":29,"turns":4},{"damage":9,"enemies":"Slaver and Parasite","floor":30,"turns":4},{"damage":0,"enemies":"Centurion and Healer","floor":31,"turns":6},{"damage":57,"enemies":"Automaton","floor":33,"turns":8}],"event_choices":[{"event_name":"The Lab","player_choice":"Got Potions","floor":2,"damage_taken":0},{"event_name":"Scrap Ooze","player_choice":"success","floor":7,"damage_taken":25},{"event_name":"Match and Keep!","player_choice":"1 cards matched","floor":14,"damage_taken":0},{"event_name":"The Library","player_choice":"Read","floor":19,"damage_taken":0},{"event_name":"Duplicator","player_choice":"One dupe","floor":20,"damage_taken":0}],"boss_relics":[{"not_picked":["Runic Cube","Runic Pyramid"],"picked":"Calling Bell"}],"potions_floor_spawned":[3,4,13,18,21,28],"seed_played":"-6241848732749555525","killed_by":"Automaton","is_trial":false}