{"path_per_floor":["M","M","$","M","M","R","M","R","T","M","R","M","?","M","R","B",null,"M","$","M","M","M","R","M","M","T","?","M","?","R","$","R","B",null,"M","M","M"],"character_chosen":"DEFECT","items_purchased":["Toxic Egg 2","Finesse"],"gold_per_floor":[116,133,133,144,159,159,175,175,175,193,193,208,208,226,226,331,331,345,3,13,30,48,48,66,78,78,78,98,98,98,98,98,196,196,215,226,242,242],"floor_reached":38,"campfire_rested":1,"playtime":2969,"current_hp_per_floor":[73,72,72,71,56,56,48,48,48,42,42,47,47,47,47,47,75,72,72,71,71,32,32,39,25,25,25,29,29,51,51,51,43,75,48,47,45,0],"items_purged":[],"gold":242,"score":376,"play_id":"5cd03a93-fe23-4f7c-bb73-1fe7e97f4013","local_time":"20180505230733","is_prod":false,"is_daily":false,"chose_seed":false,"is_ascension_mode":false,"campfire_upgraded":6,"timestamp":1525550853,"path_taken":["M","M","$","M","M","R","M","R","T","M","R","M","?","M","R","BOSS","M","$","M","M","M","R","M","M","T","?","M","?","R","$","R","BOSS","M","M","M","M"],"build_version":"2018-05-03","seed_source_timestamp":3800918236113,"purchased_purges":0,"victory":false,"master_deck":["Defend_B","Defend_B","Defend_B","Defend_B","Zap+1","Dualcast+1","Tempest+1","Double Energy","Leap","Loop+1","Darkness+1","Conserve Battery+1","Multi-Cast+1","Nova+1","Capacitor+1","Finesse+1","Tempest+1","Force Field+1","Defragment+1","Capacitor+1","Multi-Cast+1","Redo+1","Axe Kick","Leap+1"],"max_hp_per_floor":[75,75,75,75,75,75,75,75,75,75,75,75,75,75,75,75,75,75,75,75,75,75,75,75,75,75,75,75,75,75,75,75,75,75,75,75,75,75],"relics":["Cracked Core","Prayer Wheel","Meat on the Bone","Astrolabe","Toxic Egg 2","Shuriken","Velvet Choker"],"card_choices":[{"not_picked":["Auto Shields","Turbo"],"picked":"Tempest","floor":2.0},{"not_picked":["Rebound","Turbo"],"picked":"Double Energy","floor":4.0},{"not_picked":["Conserve Battery","Sweeping Beam"],"picked":"Leap","floor":7.0},{"not_picked":["Skim","Go for the Eyes"],"picked":"Loop","floor":10.0},{"not_picked":["Sweeping Beam","Axe Kick"],"picked":"Capacitor","floor":18.0},{"not_picked":["Skim","Beam Cell"],"picked":"Tempest","floor":20.0},{"not_picked":["Cold Snap","Aggregate"],"picked":"Force Field","floor":22.0},{"not_picked":["Reinforced Body","Glacier"],"picked":"Defragment","floor":24.0},{"not_picked":["Sweeping Beam","Stack"],"picked":"Capacitor","floor":25.0},{"not_picked":["Turbo","Coolheaded"],"picked":"Multi-Cast","floor":28.0},{"not_picked":["Hyperbeam","Fission"],"picked":"Redo","floor":33.0},{"not_picked":["Cold Snap","Sweeping Beam"],"picked":"Axe Kick","floor":35.0},{"not_picked":["Darkness","Rip and Tear"],"picked":"Leap","floor":36.0}],"player_experience":127388,"potions_floor_usage":[38],"damage_taken":[{"damage":2.0,"enemies":"2 Louse","floor":1.0,"turns":3.0},{"damage":1.0,"enemies":"Cultist","floor":2.0,"turns":3.0},{"damage":1.0,"enemies":"Jaw Worm","floor":4.0,"turns":3.0},{"damage":15.0,"enemies":"Looter","floor":5.0,"turns":3.0},{"damage":8.0,"enemies":"2 Fungi Beasts","floor":7.0,"turns":3.0},{"damage":6.0,"enemies":"Exordium Wildlife","floor":10.0,"turns":5.0},{"damage":7.0,"enemies":"Blue Slaver","floor":12.0,"turns":3.0},{"damage":0.0,"enemies":"Large Slime","floor":14.0,"turns":5.0},{"damage":12.0,"enemies":"Hexaghost","floor":16.0,"turns":9.0},{"damage":3.0,"enemies":"Spheric Guardian","floor":18.0,"turns":4.0},{"damage":1.0,"enemies":"Chosen","floor":20.0,"turns":7.0},{"damage":0.0,"enemies":"Snake Plant","floor":21.0,"turns":2.0},{"damage":51.0,"enemies":"3 Cultists","floor":22.0,"turns":6.0},{"damage":5.0,"enemies":"Snecko","floor":24.0,"turns":4.0},{"damage":26.0,"enemies":"Slaver and Parasite","floor":25.0,"turns":7.0},{"damage":8.0,"enemies":"Chosen and Byrds","floor":28.0,"turns":5.0},{"damage":20.0,"enemies":"Automaton","floor":33.0,"turns":8.0},{"damage":27.0,"enemies":"3 Darklings","floor":35.0,"turns":5.0},{"damage":13.0,"enemies":"Flame Bruiser 1 Orb","floor":36.0,"turns":5.0},{"damage":14.0,"enemies":"4 Shapes","floor":37.0,"turns":5.0},{"damage":67,"enemies":"Flame Bruiser 2 Orb","floor":38,"turns":6}],"event_choices":[{"event_name":"Transmorgrifier","player_choice":"Transform","floor":13.0,"damage_taken":0.0},{"event_name":"Vampires","player_choice":"Ignored","floor":27.0,"damage_taken":0.0},{"event_name":"Beggar","player_choice":"Ignored","floor":29.0,"damage_taken":0.0}],"boss_relics":[],"potions_floor_spawned":[1,10,14,16,24,25,36],"seed_played":"-3317610839608770145","killed_by":"Flame Bruiser 2 Orb","ascension_level":0,"is_trial":false}