{"gold_per_floor":[111,111,111,126,4,335,352,365,365,315,315,315,315,326,326,425,475,489,489,340,355,283,283,312,331,331,331,350,350,350,260,260,357,357,377,377,44,63,76,76,76,91,91,91,108,120,120,120,120,120],"floor_reached":51,"playtime":2995,"items_purged":["Strike_G"],"score":1009,"play_id":"d2d3ce9c-5bb1-4974-8e69-e623831d611d","local_time":"20190123131517","is_ascension_mode":true,"campfire_choices":[{"floor":11,"key":"REST"},{"data":"Footwork","floor":13,"key":"SMITH"},{"data":"Crippling Poison","floor":15,"key":"SMITH"},{"data":"Adrenaline","floor":23,"key":"SMITH"},{"floor":27,"key":"REST"},{"floor":30,"key":"REST"},{"data":"After Image","floor":32,"key":"SMITH"},{"data":"Distraction","floor":40,"key":"SMITH"},{"data":"Neutralize","floor":44,"key":"SMITH"},{"data":"Caltrops","floor":47,"key":"SMITH"},{"floor":49,"key":"REST"}],"neow_cost":"TEN_PERCENT_HP_LOSS","seed_source_timestamp":43653237284880,"circlet_count":0,"master_deck":["AscendersBane","Defend_G","Defend_G+1","Defend_G","Strike_G+1","Strike_G+1","Survivor","Neutralize+1","Dash+1","Cloak And Dagger","Footwork+1","Deadly Poison","Crippling Poison+1","Slice","Distraction+1","Caltrops+1","Adrenaline+1","Dagger Spray","Backstab","After Image+1","Discovery+1","Leg Sweep+1","Dodge and Roll+1","Deep Breath+1","Deadly Poison+1"],"relics":["Ring of the Snake","Old Coin","Dead Branch","Tiny House","CultistMask","Pear","Toxic Egg 2","Sozu","TwistedFunnel","Mummified Hand"],"potions_floor_usage":[14,18,24,25,33,33,50],"damage_taken":[{"damage":0,"enemies":"Jaw Worm","floor":1,"turns":5},{"damage":0,"enemies":"Cultist","floor":4,"turns":4},{"damage":12,"enemies":"Lagavulin","floor":6,"turns":9},{"damage":0,"enemies":"2 Louse","floor":7,"turns":3},{"damage":4,"enemies":"Looter","floor":8,"turns":4},{"damage":0,"enemies":"Red Slaver","floor":14,"turns":4},{"damage":38,"enemies":"Slime Boss","floor":16,"turns":13},{"damage":8,"enemies":"Shell Parasite","floor":18,"turns":6},{"damage":0,"enemies":"3 Byrds","floor":21,"turns":4},{"damage":13,"enemies":"Slavers","floor":24,"turns":5},{"damage":12,"enemies":"Snake Plant","floor":25,"turns":4},{"damage":0,"enemies":"3 Cultists","floor":28,"turns":4},{"damage":28,"enemies":"Colosseum Slavers","floor":29,"turns":5},{"damage":54,"enemies":"Automaton","floor":33,"turns":14},{"damage":0,"enemies":"Orb Walker","floor":35,"turns":3},{"damage":0,"enemies":"3 Shapes","floor":38,"turns":3},{"damage":10,"enemies":"3 Darklings","floor":39,"turns":4},{"damage":0,"enemies":"4 Shapes","floor":42,"turns":3},{"damage":0,"enemies":"Spire Growth","floor":45,"turns":7},{"damage":0,"enemies":"Jaw Worm Horde","floor":46,"turns":3},{"damage":70,"enemies":"Time Eater","floor":50,"turns":14}],"seed_played":"-7354801640033446243","potions_obtained":[{"floor":4,"key":"SteroidPotion"},{"floor":8,"key":"Swift Potion"},{"floor":16,"key":"Poison Potion"},{"floor":17,"key":"Fruit Juice"},{"floor":25,"key":"SpeedPotion"},{"floor":28,"key":"GhostInAJar"},{"floor":33,"key":"AttackPotion"}],"is_trial":false,"path_per_floor":["?","?","M","?","?","?","M","?","?","?","?"],"character_chosen":"THE_SILENT","items_purchased":["Footwork","Deadly Poison","GhostInAJar","Backstab","Discovery+1","TwistedFunnel","Dodge and Roll+1","Deep Breath+1"],"campfire_rested":4,"item_purchase_floors":[5,5,20,22,31,37,37,37],"current_hp_per_floor":[63,50,50,50,50,38,38,34,34,34,52,52,52,52,52,14,56,53,53,53,53,53,53,50,38,38,62,62,34,58,58,58,4,63,63,63,63,63,53,53,53,53,53,53,53,53,53,53,77,7],"gold":120,"neow_bonus":"REMOVE_TWO","is_prod":false,"is_daily":false,"chose_seed":false,"campfire_upgraded":7,"win_rate":0,"timestamp":1548245717,"path_taken":["M","?","?","M","$","E","?","M","T","?","R","?","R","M","R","BOSS","M","?","$","?","$","R","E","M","T","R","M","?","R","$","R","BOSS","M","?","$","M","M","R","?","M","T","R","M","M","R","?","R","BOSS"],"build_version":"2019-01-22","purchased_purges":1,"victory":true,"max_hp_per_floor":[63,63,63,63,63,63,63,63,63,63,63,63,63,63,63,63,68,73,73,73,73,73,73,83,83,83,83,83,83,83,83,83,83,83,83,83,83,83,83,83,83,83,83,83,83,83,83,83,83,83],"card_choices":[{"not_picked":["Dagger Spray","Outmaneuver"],"picked":"Dash","floor":1},{"not_picked":["Sucker Punch","Slice"],"picked":"Cloak And Dagger","floor":4},{"not_picked":["Skewer","Reflex"],"picked":"Crippling Poison","floor":6},{"not_picked":["Bouncing Flask","Quick Slash"],"picked":"Slice","floor":7},{"not_picked":["Flechettes","Slice","Skewer"],"picked":"SKIP","floor":8},{"not_picked":["Flechettes","Flying Knee"],"picked":"Caltrops","floor":14},{"not_picked":["Doppelganger","Glass Knife"],"picked":"Adrenaline","floor":16},{"not_picked":["Concentrate","Prepared"],"picked":"Dagger Spray","floor":17},{"not_picked":["Crippling Poison","Blade Dance","Dagger Spray"],"picked":"SKIP","floor":18},{"not_picked":["Blade Dance","Flechettes"],"picked":"All Out Attack","floor":21},{"not_picked":["Outmaneuver","Deflect","Flying Knee"],"picked":"SKIP","floor":24},{"not_picked":["Dodge and Roll","Prepared","Outmaneuver"],"picked":"SKIP","floor":25},{"not_picked":["Dodge and Roll+1","Underhanded Strike+1"],"picked":"After Image","floor":28},{"not_picked":["Dagger Spray","Masterful Stab+1"],"picked":"Leg Sweep+1","floor":35},{"not_picked":["Leg Sweep+1","Dagger Throw","Deflect+1"],"picked":"SKIP","floor":38},{"not_picked":["Deflect+1","Infinite Blades+1","Flying Knee"],"picked":"SKIP","floor":39},{"not_picked":["Skewer","Cloak And Dagger+1","Flying Knee+1"],"picked":"SKIP","floor":42},{"not_picked":["Prepared+1","Corpse Explosion+1"],"picked":"Deadly Poison+1","floor":45},{"not_picked":["Dodge and Roll+1","Deadly Poison+1","Caltrops"],"picked":"SKIP","floor":46}],"player_experience":726958,"relics_obtained":[{"floor":6,"key":"Old Coin"},{"floor":9,"key":"Dead Branch"},{"floor":24,"key":"Pear"},{"floor":26,"key":"Toxic Egg 2"},{"floor":43,"key":"Mummified Hand"}],"event_choices":[{"damage_healed":0,"gold_gain":0,"player_choice":"Entered Light","damage_taken":13,"max_hp_gain":0,"max_hp_loss":0,"event_name":"Shining Light","floor":2,"gold_loss":0,"cards_upgraded":["Strike_G","Strike_G"]},{"damage_healed":0,"gold_gain":0,"player_choice":"Forge","damage_taken":0,"max_hp_gain":0,"max_hp_loss":0,"event_name":"Accursed Blacksmith","floor":3,"gold_loss":0,"cards_upgraded":["Dash"]},{"cards_removed":["Strike_G"],"damage_healed":0,"gold_gain":0,"player_choice":"Card Removal","damage_taken":0,"max_hp_gain":0,"max_hp_loss":0,"event_name":"The Cleric","floor":10,"gold_loss":50},{"damage_healed":0,"gold_gain":0,"cards_transformed":["Defend_G"],"player_choice":"Transformed","damage_taken":0,"max_hp_gain":0,"max_hp_loss":0,"event_name":"Transmorgrifier","floor":12,"gold_loss":0,"cards_obtained":["Distraction"]},{"damage_healed":0,"gold_gain":0,"player_choice":"Trade","damage_taken":0,"relics_obtained":["CultistMask"],"max_hp_gain":0,"max_hp_loss":0,"event_name":"FaceTrader","floor":19,"gold_loss":0},{"damage_healed":0,"gold_gain":0,"player_choice":"Fight","damage_taken":0,"max_hp_gain":0,"max_hp_loss":0,"event_name":"Colosseum","floor":29,"gold_loss":0},{"damage_healed":0,"gold_gain":0,"player_choice":"Fled From Nobs","damage_taken":0,"max_hp_gain":0,"max_hp_loss":0,"event_name":"Colosseum","floor":29,"gold_loss":0},{"damage_healed":0,"gold_gain":0,"player_choice":"Ignored","damage_taken":0,"max_hp_gain":0,"max_hp_loss":0,"event_name":"Tomb of Lord Red Mask","floor":36,"gold_loss":0},{"cards_removed":["All Out Attack"],"damage_healed":0,"gold_gain":0,"player_choice":"Removed Attack","damage_taken":0,"max_hp_gain":0,"max_hp_loss":0,"event_name":"Falling","floor":41,"gold_loss":0},{"damage_healed":0,"gold_gain":0,"player_choice":"Memory 1","damage_taken":0,"max_hp_gain":0,"max_hp_loss":0,"event_name":"SensoryStone","floor":48,"gold_loss":0}],"is_beta":true,"boss_relics":[{"not_picked":["Empty Cage","Black Star"],"picked":"Tiny House"},{"not_picked":["Fusion Hammer","Calling Bell"],"picked":"Sozu"}],"items_purged_floors":[20],"is_endless":false,"potions_floor_spawned":[4,8,16,25,28,33,39,45],"ascension_level":12}