{"gold_per_floor":[119,138,148,158,177,206,206,238,238,256,2,26,49,73,85,97],"floor_reached":16,"playtime":512,"items_purged":[],"score":148,"play_id":"49c0ddf5-a699-4473-b296-97fe131465a6","local_time":"20181012015518","is_ascension_mode":true,"campfire_choices":[{"floor":7,"key":"REST"},{"floor":15,"key":"REST"}],"neow_cost":"","seed_source_timestamp":136302534110700,"circlet_count":0,"master_deck":["Strike_R","Strike_R","Strike_R","Strike_R","Strike_R","Defend_R","Defend_R","Defend_R","Defend_R","Bash","Sword Boomerang","Whirlwind","Twin Strike","Armaments","Sword Boomerang","Shrug It Off","Shrug It Off"],"relics":["Burning Blood","Vajra","Art of War","Mummified Hand","MawBank"],"potions_floor_usage":[5,6,6,14,16],"damage_taken":[{"damage":13,"enemies":"Jaw Worm","floor":1,"turns":4},{"damage":1,"enemies":"2 Louse","floor":2,"turns":2},{"damage":1,"enemies":"Cultist","floor":3,"turns":4},{"damage":17,"enemies":"Large Slime","floor":4,"turns":6},{"damage":17,"enemies":"Looter","floor":5,"turns":3},{"damage":28,"enemies":"Gremlin Nob","floor":6,"turns":5},{"damage":35,"enemies":"3 Sentries","floor":8,"turns":5},{"damage":14,"enemies":"Red Slaver","floor":10,"turns":4},{"damage":14,"enemies":"Lots of Slimes","floor":12,"turns":3},{"damage":1,"enemies":"Looter","floor":13,"turns":3},{"damage":15,"enemies":"Exordium Thugs","floor":14,"turns":3},{"damage":43,"enemies":"The Guardian","floor":16,"turns":11}],"seed_played":"6152374666037162676","potions_obtained":[{"floor":1,"key":"Weak Potion"},{"floor":4,"key":"Explosive Potion"},{"floor":5,"key":"SpeedPotion"},{"floor":8,"key":"FearPotion"},{"floor":12,"key":"GamblersBrew"}],"is_trial":false,"path_per_floor":["M","M","M","M","M","E","R","E","T","M","$","M","M","M","R"],"character_chosen":"IRONCLAD","items_purchased":["Armaments","Sword Boomerang","MawBank"],"campfire_rested":2,"item_purchase_floors":[11,11,11],"current_hp_per_floor":[73,78,80,69,58,36,60,31,31,23,23,15,20,11,35,0],"gold":97,"neow_bonus":"","is_prod":false,"is_daily":false,"chose_seed":false,"campfire_upgraded":0,"win_rate":0,"timestamp":1539298518,"path_taken":["M","M","M","M","M","E","R","E","T","M","$","M","M","M","R","BOSS"],"build_version":"2018-10-04v2","purchased_purges":0,"victory":false,"max_hp_per_floor":[80,80,80,80,80,80,80,80,80,80,80,80,80,80,80,80],"card_choices":[{"not_picked":["Bloodletting","Thunderclap"],"picked":"Sword Boomerang","floor":1},{"not_picked":["Feel No Pain","Evolve","Iron Wave"],"picked":"SKIP","floor":2},{"not_picked":["Bloodletting","Havoc","Rupture"],"picked":"SKIP","floor":3},{"not_picked":["Anger","Disarm"],"picked":"Whirlwind","floor":4},{"not_picked":["Combust","Evolve","Exhume"],"picked":"SKIP","floor":5},{"not_picked":["Flex","Rupture","Cleave"],"picked":"SKIP","floor":6},{"not_picked":["Carnage","Thunderclap","Wild Strike"],"picked":"SKIP","floor":8},{"not_picked":["Flex","Immolate"],"picked":"Twin Strike","floor":10},{"not_picked":["Perfected Strike","Anger"],"picked":"Shrug It Off","floor":12},{"not_picked":["Headbutt","Clash","Iron Wave"],"picked":"SKIP","floor":13},{"not_picked":["Evolve","Power Through"],"picked":"Shrug It Off","floor":14}],"player_experience":394295,"relics_obtained":[{"floor":6,"key":"Vajra"},{"floor":8,"key":"Art of War"},{"floor":9,"key":"Mummified Hand"}],"event_choices":[],"is_beta":false,"boss_relics":[],"items_purged_floors":[],"is_endless":false,"potions_floor_spawned":[1,4,5,8,12],"killed_by":"The Guardian","ascension_level":5}