{"gold_per_floor":[118,118,118,43,58,86,86,99,178,197,224,243,272,289,289,392,392,411,411,423,70,80,113,113,125,125,125,125,142,168,188,188,289,289,309,409,409,121,196,196,230,230,311,331,24,35,46,63,63,63],"floor_reached":50,"playtime":8112,"items_purged":["Regret"],"score":749,"play_id":"3ba653fc-7f02-4d64-970e-252d324fc983","local_time":"20190727155138","is_ascension_mode":true,"campfire_choices":[{"data":"Perfected Strike","floor":7.0,"key":"SMITH"},{"data":"Corruption","floor":15.0,"key":"SMITH"},{"data":"Armaments","floor":24.0,"key":"SMITH"},{"data":"Shockwave","floor":27.0,"key":"SMITH"},{"data":"Bash","floor":32.0,"key":"PURGE"},{"data":"Perfected Strike","floor":40.0,"key":"SMITH"},{"data":"Defend_R","floor":42.0,"key":"PURGE"},{"data":"Parasite","floor":49,"key":"PURGE"}],"neow_cost":"NONE","seed_source_timestamp":8568181182769,"circlet_count":0,"master_deck":["Strike_R","Strike_R","Strike_R","Strike_R","Strike_R","Defend_R","Defend_R","Clash","Corruption+1","Perfected Strike+1","Armaments+1","Shrug It Off","Spot Weakness","Sentinel","Perfected Strike+1","Impervious","Shockwave+1","Ghostly","Ghostly","Ghostly","Ghostly","Ghostly","Swift Strike+1","Clash+1","Impervious","Rampage+1","Cleave+1","Clash+1","Exhume","Pommel Strike+1","Shrug It Off","Armaments+1"],"special_seed":0,"relics":["Black Blood","NeowsBlessing","Dream Catcher","Bag of Marbles","Bottled Tornado","Darkstone Periapt","Shuriken","White Beast Statue","Molten Egg 2","Blood Vial","Paper Frog","Letter Opener","Peace Pipe","Calipers","Mango","Boot","Pantograph","Dodecahedron"],"potions_floor_usage":[50,50,50],"damage_taken":[{"damage":0.0,"enemies":"Jaw Worm","floor":1.0,"turns":1.0},{"damage":0.0,"enemies":"Small Slimes","floor":5.0,"turns":1.0},{"damage":0.0,"enemies":"Lagavulin","floor":6.0,"turns":1.0},{"damage":0.0,"enemies":"Cultist","floor":8.0,"turns":2.0},{"damage":19.0,"enemies":"Large Slime","floor":10.0,"turns":4.0},{"damage":16.0,"enemies":"Gremlin Nob","floor":11.0,"turns":3.0},{"damage":13.0,"enemies":"Exordium Thugs","floor":12.0,"turns":7.0},{"damage":10.0,"enemies":"Lagavulin","floor":13.0,"turns":4.0},{"damage":0.0,"enemies":"Blue Slaver","floor":14.0,"turns":3.0},{"damage":43.0,"enemies":"Hexaghost","floor":16.0,"turns":8.0},{"damage":6.0,"enemies":"3 Byrds","floor":18.0,"turns":4.0},{"damage":0.0,"enemies":"2 Thieves","floor":20.0,"turns":4.0},{"damage":0.0,"enemies":"Snake Plant","floor":22.0,"turns":6.0},{"damage":24.0,"enemies":"Slavers","floor":23.0,"turns":6.0},{"damage":0.0,"enemies":"3 Cultists","floor":25.0,"turns":5.0},{"damage":2.0,"enemies":"Snecko","floor":29.0,"turns":5.0},{"damage":1.0,"enemies":"Gremlin Leader","floor":30.0,"turns":6.0},{"damage":4.0,"enemies":"Cultist and Chosen","floor":31.0,"turns":5.0},{"damage":35.0,"enemies":"Automaton","floor":33.0,"turns":10.0},{"damage":7.0,"enemies":"3 Shapes","floor":35.0,"turns":3.0},{"damage":1.0,"enemies":"Mind Bloom Boss Battle","floor":36.0,"turns":7.0},{"damage":3.0,"enemies":"Nemesis","floor":41.0,"turns":5.0},{"damage":6,"enemies":"3 Darklings","floor":44,"turns":4},{"damage":3,"enemies":"Sphere and 2 Shapes","floor":46,"turns":4},{"damage":5,"enemies":"Writhing Mass","floor":47,"turns":6},{"damage":0,"enemies":"3 Darklings","floor":48,"turns":4},{"damage":73,"enemies":"Awakened One","floor":50,"turns":10}],"seed_played":"-1904239571926267942","potions_obtained":[{"floor":5.0,"key":"LiquidBronze"},{"floor":6.0,"key":"SpeedPotion"},{"floor":10.0,"key":"Fire Potion"},{"floor":16.0,"key":"PowerPotion"},{"floor":18.0,"key":"FearPotion"},{"floor":20.0,"key":"GamblersBrew"},{"floor":22.0,"key":"BloodPotion"},{"floor":23.0,"key":"Poison Potion"},{"floor":25.0,"key":"Swift Potion"},{"floor":29.0,"key":"LiquidBronze"},{"floor":30.0,"key":"FearPotion"},{"floor":31.0,"key":"Strength Potion"},{"floor":33.0,"key":"SteroidPotion"},{"floor":35.0,"key":"Fire Potion"},{"floor":41.0,"key":"Explosive Potion"},{"floor":47,"key":"PowerPotion"}],"is_trial":false,"path_per_floor":["M","?","?","$","M","E","R","M","T","M","E","M","E","M","R","B",null,"M","?","M","$","M","E","R","M","T","R","T","M","E","M","R","B",null,"M","?","?","$","?","R","E","R","T","M","$","M","M","M","R","B"],"character_chosen":"IRONCLAD","items_purchased":["Molten Egg 2","Swift Strike+1","Mango","Dodecahedron","Shrug It Off"],"campfire_rested":0,"item_purchase_floors":[21,21,38,45,45],"current_hp_per_floor":[80,80,80,80,80,80,80,80,80,67,57,50,46,52,52,15,64,64,40,40,40,40,32,32,40,40,40,40,40,40,40,40,11,33,38,40,40,54,49,49,54,54,54,54,54,54,60,60,57,0],"gold":63,"neow_bonus":"THREE_ENEMY_KILL","is_prod":false,"is_daily":false,"chose_seed":false,"campfire_upgraded":5,"win_rate":0,"timestamp":1564260698,"path_taken":["M","?","?","$","M","E","R","M","T","M","E","?","E","M","R","BOSS","M","?","M","$","M","E","R","M","T","R","?","M","E","M","R","BOSS","M","?","?","$","?","R","E","R","T","M","$","M","M","M","R","BOSS"],"build_version":"2019-07-17","purchased_purges":1,"victory":false,"max_hp_per_floor":[80,80,80,80,80,80,80,80,80,80,80,80,80,80,80,80,80,80,40,40,40,40,40,40,40,40,40,40,40,40,40,40,40,40,40,40,40,54,54,54,54,54,54,54,54,54,60,60,57,57],"card_choices":[{"not_picked":["Flex","Pommel Strike"],"picked":"Clash","floor":1.0},{"not_picked":["Sword Boomerang","True Grit"],"picked":"Corruption","floor":5.0},{"not_picked":["Reckless Charge","Cleave"],"picked":"Perfected Strike","floor":6.0},{"not_picked":["Anger","True Grit","Thunderclap"],"picked":"SKIP","floor":8.0},{"not_picked":["Rupture","Demon Form"],"picked":"Armaments","floor":10.0},{"not_picked":["Heavy Blade","Cleave"],"picked":"Shrug It Off","floor":11.0},{"not_picked":["Sword Boomerang","Searing Blow"],"picked":"Spot Weakness","floor":12.0},{"not_picked":["Spot Weakness","Headbutt"],"picked":"Sentinel","floor":13.0},{"not_picked":["Anger","Heavy Blade"],"picked":"Perfected Strike","floor":14.0},{"not_picked":["Fiend Fire","Limit Break"],"picked":"Impervious","floor":16.0},{"not_picked":["Sword Boomerang","Disarm+1"],"picked":"Shockwave","floor":18.0},{"not_picked":["Anger","Fire Breathing","Thunderclap"],"picked":"SKIP","floor":20.0},{"not_picked":["True Grit+1","Flex"],"picked":"Clash+1","floor":22.0},{"not_picked":["Seeing Red","Fiend Fire+1"],"picked":"Impervious","floor":23.0},{"not_picked":["Power Through+1","Thunderclap+1","Combust+1"],"picked":"SKIP","floor":25.0},{"not_picked":["Twin Strike+1","Infernal Blade"],"picked":"Rampage+1","floor":29.0},{"not_picked":["Armaments","Twin Strike+1"],"picked":"Cleave+1","floor":30.0},{"not_picked":["Uppercut+1","Reckless Charge+1"],"picked":"Clash+1","floor":31.0},{"not_picked":["Barricade","Immolate+1"],"picked":"Exhume","floor":33.0},{"not_picked":["Inflame","Fire Breathing+1","Dropkick+1"],"picked":"SKIP","floor":35.0},{"not_picked":["Spot Weakness","Hemokinesis+1","Seeing Red"],"picked":"SKIP","floor":41.0},{"not_picked":["Dropkick+1","Pummel+1"],"picked":"Pommel Strike+1","floor":44},{"not_picked":["Havoc","Whirlwind+1","Thunderclap+1"],"picked":"SKIP","floor":46},{"not_picked":["Pummel+1","Uppercut+1","Thunderclap+1"],"picked":"SKIP","floor":47},{"not_picked":["Anger+1","Havoc"],"picked":"Armaments+1","floor":48}],"player_experience":707394,"relics_obtained":[{"floor":6.0,"key":"Bag of Marbles"},{"floor":9.0,"key":"Bottled Tornado"},{"floor":11.0,"key":"Darkstone Periapt"},{"floor":13.0,"key":"Shuriken"},{"floor":23.0,"key":"Blood Vial"},{"floor":26.0,"key":"Paper Frog"},{"floor":28.0,"key":"Letter Opener"},{"floor":30.0,"key":"Peace Pipe"},{"floor":36.0,"key":"Calipers"},{"floor":41.0,"key":"Boot"},{"floor":43.0,"key":"Pantograph"}],"event_choices":[{"damage_healed":0.0,"max_hp_gain":0.0,"max_hp_loss":0.0,"gold_gain":0.0,"event_name":"Big Fish","player_choice":"Box","floor":2.0,"gold_loss":0.0,"damage_taken":0.0,"relics_obtained":["Dream Catcher"],"cards_obtained":["Regret"]},{"damage_healed":0.0,"max_hp_gain":0.0,"max_hp_loss":0.0,"gold_gain":0.0,"event_name":"Wheel of Change","player_choice":"Full Heal","floor":3.0,"gold_loss":0.0,"damage_taken":0.0},{"damage_healed":0.0,"max_hp_gain":0.0,"max_hp_loss":40.0,"gold_gain":0.0,"event_name":"Ghosts","player_choice":"Became a Ghost","floor":19.0,"gold_loss":0.0,"damage_taken":0.0,"cards_obtained":["Ghostly","Ghostly","Ghostly","Ghostly","Ghostly"]},{"damage_healed":0.0,"max_hp_gain":0.0,"max_hp_loss":0.0,"gold_gain":0.0,"event_name":"MindBloom","player_choice":"Fight","floor":36.0,"gold_loss":0.0,"damage_taken":0.0},{"cards_removed":["Defend_R"],"damage_healed":0.0,"max_hp_gain":0.0,"max_hp_loss":0.0,"gold_gain":0.0,"event_name":"Falling","player_choice":"Removed Skill","floor":37.0,"gold_loss":0.0,"damage_taken":0.0},{"damage_healed":0.0,"max_hp_gain":0.0,"max_hp_loss":0.0,"gold_gain":75.0,"event_name":"FaceTrader","player_choice":"Touch","floor":39.0,"gold_loss":0.0,"damage_taken":5.0}],"is_beta":false,"boss_relics":[{"not_picked":["Runic Pyramid","Empty Cage"],"picked":"White Beast Statue"},{"not_picked":["Orrery","Pandora\u0027s Box"],"picked":"Black Blood"}],"items_purged_floors":[4],"is_endless":false,"potions_floor_spawned":[5,6,10,16,18,20,22,23,25,29,30,31,33,35,36,41,44,46,47,48],"killed_by":"Awakened One","ascension_level":5}