{"gold_per_floor":[367,384,384,35,110,124,124,124,200,71,84,84,98,116,116,212,212,226,226,13,13,13,25,25,44,44,44,61,96,96,21,21,123,123,138,238,256,266,266],"floor_reached":39,"playtime":1282,"items_purged":["Injury"],"score":391,"play_id":"aa423feb-583b-4229-bc2b-7c8f1019e2e7","local_time":"20181215043617","is_ascension_mode":false,"campfire_choices":[{"data":"Armaments","floor":7.0,"key":"SMITH"},{"data":"Evolve","floor":15.0,"key":"SMITH"},{"data":"Inflame","floor":24.0,"key":"SMITH"},{"data":"Spot Weakness","floor":30.0,"key":"SMITH"},{"floor":32.0,"key":"REST"}],"neow_cost":"PERCENT_DAMAGE","seed_source_timestamp":100677584932124,"circlet_count":0,"master_deck":["Strike_R","Strike_R","Strike_R","Strike_R","Strike_R","Defend_R","Defend_R","Defend_R","Defend_R","Bash","Inflame+1","Armaments+1","Spot Weakness+1","Shrug It Off","Evolve+1","Inflame","Sword Boomerang+1","Twin Strike+1","Sword Boomerang+1","Demon Form"],"special_seed":0,"relics":["Burning Blood","Ornamental Fan","Thread and Needle","Molten Egg 2","Cursed Key","Pen Nib","MutagenicStrength","Dream Catcher","Darkstone Periapt","Mark of Pain","Champion Belt"],"potions_floor_usage":[],"damage_taken":[{"damage":1.0,"enemies":"2 Louse","floor":1.0,"turns":2.0},{"damage":0.0,"enemies":"Small Slimes","floor":2.0,"turns":3.0},{"damage":0.0,"enemies":"Jaw Worm","floor":6.0,"turns":3.0},{"damage":5.0,"enemies":"Looter","floor":11.0,"turns":4.0},{"damage":5.0,"enemies":"Exordium Wildlife","floor":13.0,"turns":5.0},{"damage":3.0,"enemies":"Red Slaver","floor":14.0,"turns":6.0},{"damage":59.0,"enemies":"Hexaghost","floor":16.0,"turns":11.0},{"damage":0.0,"enemies":"Shell Parasite","floor":18.0,"turns":5.0},{"damage":1.0,"enemies":"Chosen","floor":23.0,"turns":4.0},{"damage":0.0,"enemies":"3 Cultists","floor":25.0,"turns":4.0},{"damage":21.0,"enemies":"Snake Plant","floor":28.0,"turns":3.0},{"damage":27.0,"enemies":"Slavers","floor":29.0,"turns":5.0},{"damage":59.0,"enemies":"Champ","floor":33.0,"turns":8.0},{"damage":18.0,"enemies":"3 Darklings","floor":35.0,"turns":6.0},{"damage":29.0,"enemies":"Mind Bloom Boss Battle","floor":36.0,"turns":5.0},{"damage":3,"enemies":"Orb Walker","floor":37,"turns":3},{"damage":19,"enemies":"Writhing Mass","floor":38,"turns":5}],"seed_played":"-5986051304402939447","potions_obtained":[{"floor":2.0,"key":"Fire Potion"},{"floor":13.0,"key":"PowerPotion"},{"floor":18.0,"key":"SkillPotion"},{"floor":25.0,"key":"Poison Potion"},{"floor":33.0,"key":"AttackPotion"},{"floor":35.0,"key":"FearPotion"},{"floor":37,"key":"SkillPotion"}],"is_trial":false,"path_per_floor":["M","M","?","$","?","M","R","?","T","$","M","?","M","M","R","B",null,"M","?","$","?","?","M","R","M","T","$","M","E","R","$","R","B",null,"M","?","M","M","M"],"character_chosen":"IRONCLAD","items_purchased":["Ornamental Fan","Inflame","Armaments","Shrug It Off","Evolve","Pen Nib","Inflame"],"campfire_rested":1,"item_purchase_floors":[4,4,4,10,10,20,20],"current_hp_per_floor":[61,67,67,67,56,62,62,59,59,59,60,80,80,80,80,27,80,80,80,80,80,80,80,80,80,80,80,65,44,44,44,68,15,80,68,45,48,35,0],"gold":266,"neow_bonus":"TWO_FIFTY_GOLD","is_prod":false,"is_daily":false,"chose_seed":false,"campfire_upgraded":4,"win_rate":0,"timestamp":1544841377,"path_taken":["M","M","?","$","?","M","R","?","T","$","M","?","M","M","R","BOSS","M","?","$","?","?","M","R","M","T","$","?","E","R","$","R","BOSS","M","?","M","M","M"],"build_version":"2018-12-13","purchased_purges":1,"victory":false,"max_hp_per_floor":[80,80,80,80,80,80,80,80,80,80,80,80,80,80,80,80,80,80,80,80,80,80,80,80,80,80,80,80,80,80,80,80,80,80,80,80,80,80,80],"card_choices":[{"not_picked":["Anger","Disarm","Fire Breathing"],"picked":"SKIP","floor":1.0},{"not_picked":["Dropkick","Clash","Anger"],"picked":"SKIP","floor":2.0},{"not_picked":["True Grit","Armaments"],"picked":"Spot Weakness","floor":6.0},{"not_picked":["Seeing Red","Rage","Burning Pact"],"picked":"SKIP","floor":11.0},{"not_picked":["Metallicize","Cleave+1","True Grit"],"picked":"SKIP","floor":13.0},{"not_picked":["Uppercut+1","Havoc","True Grit"],"picked":"SKIP","floor":14.0},{"not_picked":["Headbutt+1","Power Through+1","Corruption"],"picked":"SKIP","floor":18.0},{"not_picked":["Body Slam+1","Pommel Strike+1","Havoc+1"],"picked":"SKIP","floor":23.0},{"not_picked":["Power Through+1","Carnage+1"],"picked":"Twin Strike+1","floor":25.0},{"not_picked":["Inflame","Clash+1","True Grit"],"picked":"SKIP","floor":28.0},{"not_picked":["Dropkick+1","Shrug It Off","Exhume"],"picked":"SKIP","floor":29.0},{"not_picked":["Perfected Strike+1","Infernal Blade"],"picked":"Sword Boomerang+1","floor":32.0},{"not_picked":["Double Tap","Reaper+1"],"picked":"Demon Form","floor":33.0},{"not_picked":["Headbutt+1","True Grit","Clash+1"],"picked":"SKIP","floor":35.0},{"not_picked":["Cleave+1","Headbutt+1","Iron Wave+1"],"picked":"SKIP","floor":37},{"not_picked":["Flex","True Grit+1","Thunderclap+1"],"picked":"SKIP","floor":38}],"player_experience":512765,"relics_obtained":[{"floor":9.0,"key":"Molten Egg 2"},{"floor":26.0,"key":"Dream Catcher"},{"floor":29.0,"key":"Darkstone Periapt"},{"floor":36.0,"key":"Champion Belt"}],"event_choices":[{"damage_healed":0.0,"max_hp_gain":0.0,"max_hp_loss":0.0,"gold_gain":0.0,"event_name":"Golden Wing","player_choice":"Ignored","floor":3.0,"gold_loss":0.0,"damage_taken":0.0},{"damage_healed":0.0,"max_hp_gain":0.0,"max_hp_loss":0.0,"gold_gain":75.0,"event_name":"World of Goop","player_choice":"Gather Gold","floor":5.0,"gold_loss":0.0,"damage_taken":11.0},{"damage_healed":0.0,"max_hp_gain":0.0,"max_hp_loss":0.0,"gold_gain":0.0,"event_name":"Scrap Ooze","player_choice":"Success","floor":8.0,"gold_loss":0.0,"damage_taken":3.0,"relics_obtained":["Thread and Needle"]},{"damage_healed":26.0,"max_hp_gain":0.0,"max_hp_loss":0.0,"gold_gain":0.0,"event_name":"Big Fish","player_choice":"Banana","floor":12.0,"gold_loss":0.0,"damage_taken":0.0},{"damage_healed":0.0,"max_hp_gain":0.0,"max_hp_loss":0.0,"gold_gain":0.0,"event_name":"Cursed Tome","player_choice":"Ignored","floor":19.0,"gold_loss":0.0,"damage_taken":0.0},{"damage_healed":0.0,"max_hp_gain":0.0,"max_hp_loss":0.0,"gold_gain":0.0,"event_name":"Drug Dealer","player_choice":"Inject Mutagens","floor":21.0,"gold_loss":0.0,"damage_taken":0.0,"relics_obtained":["MutagenicStrength"]},{"damage_healed":0.0,"max_hp_gain":0.0,"max_hp_loss":0.0,"gold_gain":0.0,"event_name":"The Library","player_choice":"Read","floor":22.0,"gold_loss":0.0,"damage_taken":0.0,"cards_obtained":["Sword Boomerang"]},{"damage_healed":0.0,"max_hp_gain":0.0,"max_hp_loss":0.0,"gold_gain":0.0,"event_name":"MindBloom","player_choice":"Fight","floor":36.0,"gold_loss":0.0,"damage_taken":0.0}],"is_beta":false,"boss_relics":[{"not_picked":["Tiny House","Runic Dome"],"picked":"Cursed Key"},{"not_picked":["Snecko Eye","Orrery"],"picked":"Mark of Pain"}],"items_purged_floors":[31],"is_endless":false,"potions_floor_spawned":[2,13,18,25,33,35,37],"killed_by":"4 Shapes","ascension_level":0}