{"gold_per_floor":[214,14,25,25,25,25,36,36,36,0,31,31,48,78,78,173,173,185,185,11,11,21,49,49,65,65,100,118,68,68,86,86,185,185,195,213,94,109,125,125,150,49,49,49,63,79,0,19,19,19],"floor_reached":51,"playtime":2389,"items_purged":["Strike_G","Strike_G","Defend_G","Defend_G"],"score":852,"play_id":"fc88b5c3-3ccb-49b7-b9a2-207992db8149","local_time":"20190707183715","is_ascension_mode":false,"campfire_choices":[{"data":"Dodge and Roll","floor":6.0,"key":"SMITH"},{"data":"Caltrops","floor":8.0,"key":"SMITH"},{"data":"After Image","floor":15.0,"key":"SMITH"},{"data":"Footwork","floor":24.0,"key":"SMITH"},{"data":"Caltrops","floor":30.0,"key":"SMITH"},{"data":"Bullet Time","floor":32.0,"key":"SMITH"},{"data":"Well Laid Plans","floor":40.0,"key":"SMITH"},{"data":"A Thousand Cuts","floor":44.0,"key":"SMITH"},{"data":"Noxious Fumes","floor":49,"key":"SMITH"}],"neow_cost":"NONE","seed_source_timestamp":65216953913500,"circlet_count":0,"master_deck":["Defend_G","Defend_G","Defend_G","Survivor","Neutralize+1","Blur","Bouncing Flask+1","Dodge and Roll+1","Deflect","Caltrops+1","Leg Sweep","Caltrops+1","After Image+1","Bullet Time+1","Crippling Poison","Deadly Poison","Footwork+1","Backflip","Deflect","After Image","Well Laid Plans+1","Deadly Poison","Caltrops+1","A Thousand Cuts+1","Backflip","Clumsy","Dodge and Roll","Deadly Poison","Noxious Fumes+1"],"special_seed":0,"relics":["Ring of the Snake","Nunchaku","FossilizedHelix","Peace Pipe","Blood Vial","Empty Cage","Smiling Mask","Gremlin Horn","Letter Opener","Cursed Key","Whetstone","Shuriken"],"potions_floor_usage":[45,50],"damage_taken":[{"damage":0.0,"enemies":"2 Louse","floor":1.0,"turns":3.0},{"damage":5.0,"enemies":"Small Slimes","floor":3.0,"turns":4.0},{"damage":0.0,"enemies":"Jaw Worm","floor":7.0,"turns":4.0},{"damage":4.0,"enemies":"3 Sentries","floor":11.0,"turns":11.0},{"damage":0.0,"enemies":"Lots of Slimes","floor":13.0,"turns":4.0},{"damage":0.0,"enemies":"Lagavulin","floor":14.0,"turns":8.0},{"damage":0.0,"enemies":"The Guardian","floor":16.0,"turns":10.0},{"damage":0.0,"enemies":"3 Byrds","floor":18.0,"turns":3.0},{"damage":0.0,"enemies":"Chosen","floor":22.0,"turns":6.0},{"damage":37.0,"enemies":"Slavers","floor":23.0,"turns":6.0},{"damage":0.0,"enemies":"Shelled Parasite and Fungi","floor":25.0,"turns":5.0},{"damage":0.0,"enemies":"Book of Stabbing","floor":27.0,"turns":6.0},{"damage":0.0,"enemies":"Snecko","floor":28.0,"turns":7.0},{"damage":0.0,"enemies":"3 Cultists","floor":31.0,"turns":5.0},{"damage":15.0,"enemies":"Automaton","floor":33.0,"turns":13.0},{"damage":0.0,"enemies":"3 Darklings","floor":35.0,"turns":5.0},{"damage":0.0,"enemies":"Orb Walker","floor":36.0,"turns":5.0},{"damage":10.0,"enemies":"Sphere and 2 Shapes","floor":38.0,"turns":6.0},{"damage":0.0,"enemies":"3 Darklings","floor":39.0,"turns":4.0},{"damage":0.0,"enemies":"Giant Head","floor":41.0,"turns":10.0},{"damage":5,"enemies":"Jaw Worm Horde","floor":45,"turns":4},{"damage":5,"enemies":"4 Shapes","floor":46,"turns":6},{"damage":0,"enemies":"Maw","floor":48,"turns":8},{"damage":21,"enemies":"Awakened One","floor":50,"turns":14}],"seed_played":"-148280767322008729","potions_obtained":[{"floor":7.0,"key":"Fire Potion"},{"floor":13.0,"key":"PowerPotion"},{"floor":18.0,"key":"Explosive Potion"},{"floor":23.0,"key":"Energy Potion"},{"floor":25.0,"key":"SkillPotion"},{"floor":39.0,"key":"Fire Potion"},{"floor":46,"key":"GhostInAJar"}],"is_trial":false,"path_per_floor":["M","$","M","$","?","R","M","R","T","$","E","?","M","E","R","B",null,"M","?","$","?","M","E","R","M","T","E","M","$","R","M","R","B",null,"M","M","$","M","M","R","E","$","T","R","M","M","$","M","R","B",null],"character_chosen":"THE_SILENT","items_purchased":["Bouncing Flask","Dodge and Roll","Leg Sweep","Crippling Poison","Well Laid Plans","Deadly Poison","Backflip","Noxious Fumes"],"campfire_rested":0,"item_purchase_floors":[2,2,10,20,37,37,42,47],"current_hp_per_floor":[70,70,65,65,65,65,65,65,65,65,61,61,61,61,61,63,70,70,70,70,70,70,33,33,35,35,37,39,39,39,41,41,28,70,70,70,70,60,62,62,64,64,64,64,61,58,58,60,60,41],"gold":19,"neow_bonus":"HUNDRED_GOLD","is_prod":false,"is_daily":false,"chose_seed":false,"campfire_upgraded":9,"win_rate":0,"timestamp":1562513835,"path_taken":["M","$","M","$","?","R","M","R","T","$","E","?","M","E","R","BOSS","M","?","$","?","M","E","R","M","T","E","M","$","R","M","R","BOSS","M","M","$","M","M","R","E","?","T","R","?","M","$","M","R","BOSS"],"build_version":"2019-07-05","purchased_purges":4,"victory":true,"max_hp_per_floor":[70,70,70,70,70,70,70,70,70,70,70,70,70,70,70,70,70,70,70,70,70,70,70,70,70,70,70,70,70,70,70,70,70,70,70,70,70,70,70,70,70,70,70,70,70,70,70,70,70,70],"card_choices":[{"not_picked":["Dagger Throw","Underhanded Strike"],"picked":"Blur","floor":1.0},{"not_picked":["Backstab","Dodge and Roll"],"picked":"Deflect","floor":3.0},{"not_picked":["Dagger Throw","Prepared"],"picked":"Caltrops","floor":7.0},{"not_picked":["Prepared","Backflip"],"picked":"Caltrops","floor":11.0},{"not_picked":["Tactician","Flying Knee"],"picked":"After Image","floor":13.0},{"not_picked":["Outmaneuver","Slice","Dagger Spray"],"picked":"SKIP","floor":14.0},{"not_picked":["Night Terror","After Image"],"picked":"Bullet Time","floor":16.0},{"not_picked":["Underhanded Strike+1","Setup","Dagger Spray+1"],"picked":"SKIP","floor":18.0},{"not_picked":["Finisher","Concentrate+1"],"picked":"Deadly Poison","floor":22.0},{"not_picked":["Heel Hook","Slice"],"picked":"Footwork","floor":23.0},{"not_picked":["Acrobatics","Blade Dance"],"picked":"Backflip","floor":25.0},{"not_picked":["Outmaneuver","Dodge and Roll+1"],"picked":"Deflect","floor":27.0},{"not_picked":["Skewer+1","Deadly Poison","Prepared"],"picked":"SKIP","floor":28.0},{"not_picked":["Poisoned Stab","Slice","Setup"],"picked":"SKIP","floor":31.0},{"not_picked":["Malaise","Bullet Time"],"picked":"After Image","floor":33.0},{"not_picked":["Distraction","Heel Hook","Acrobatics+1"],"picked":"SKIP","floor":35.0},{"not_picked":["Prepared+1","Setup+1","Reflex+1"],"picked":"SKIP","floor":36.0},{"not_picked":["Sucker Punch","Acrobatics+1","Poisoned Stab+1"],"picked":"SKIP","floor":38.0},{"not_picked":["Bane+1","Quick Slash"],"picked":"Caltrops+1","floor":39.0},{"not_picked":["Doppelganger","Finisher"],"picked":"A Thousand Cuts","floor":41.0},{"not_picked":["PiercingWail","Underhanded Strike"],"picked":"Dodge and Roll","floor":45},{"not_picked":["Predator+1","Dagger Throw"],"picked":"Deadly Poison","floor":46},{"not_picked":["Calculated Gamble","Outmaneuver","Poisoned Stab+1"],"picked":"SKIP","floor":48}],"player_experience":681603,"relics_obtained":[{"floor":9.0,"key":"Nunchaku"},{"floor":11.0,"key":"FossilizedHelix"},{"floor":14.0,"key":"Blood Vial"},{"floor":23.0,"key":"Smiling Mask"},{"floor":26.0,"key":"Gremlin Horn"},{"floor":27.0,"key":"Letter Opener"},{"floor":41.0,"key":"Whetstone"},{"floor":43.0,"key":"Shuriken"}],"event_choices":[{"damage_healed":0.0,"max_hp_gain":0.0,"max_hp_loss":0.0,"gold_gain":0.0,"event_name":"Living Wall","player_choice":"Grow","floor":5.0,"gold_loss":0.0,"damage_taken":0.0,"cards_upgraded":["Bouncing Flask"]},{"damage_healed":0.0,"max_hp_gain":0.0,"max_hp_loss":0.0,"gold_gain":0.0,"event_name":"Dead Adventurer","player_choice":"Searched \u00272\u0027 times","floor":12.0,"gold_loss":0.0,"damage_taken":0.0,"relics_obtained":["Peace Pipe"]},{"damage_healed":0.0,"max_hp_gain":0.0,"max_hp_loss":0.0,"gold_gain":0.0,"event_name":"Vampires","player_choice":"Ignored","floor":19.0,"gold_loss":0.0,"damage_taken":0.0},{"cards_removed":["Strike_G"],"damage_healed":0.0,"max_hp_gain":0.0,"max_hp_loss":0.0,"gold_gain":0.0,"event_name":"Purifier","player_choice":"Purged","floor":21.0,"gold_loss":0.0,"damage_taken":0.0}],"is_beta":false,"boss_relics":[{"not_picked":["Calling Bell","Philosopher\u0027s Stone"],"picked":"Empty Cage"},{"not_picked":["Astrolabe","Black Star"],"picked":"Cursed Key"}],"items_purged_floors":[2,20,29,42],"is_endless":false,"potions_floor_spawned":[7,13,18,23,25,39,46],"ascension_level":0}