{"gold_per_floor":[110,124,124,136,61,61,61,61,88,98,118,128,128,28,28,124,124,139,64,74,74,86,86,103,103,103,122,140,140,140,0,0,96,96,113,127,127,139,14,14,34,34,58,158,158,173,191,203,203,203],"floor_reached":51,"playtime":1239,"items_purged":["Strike_R","Strike_R","Strike_R"],"score":718,"play_id":"7c26154d-60ac-4315-9c44-0d6ba8133050","local_time":"20190727022218","is_ascension_mode":false,"campfire_choices":[{"data":"Feed","floor":6.0,"key":"SMITH"},{"data":"Immolate","floor":8.0,"key":"SMITH"},{"data":"Disarm","floor":13.0,"key":"SMITH"},{"data":"Inflame","floor":15.0,"key":"SMITH"},{"data":"Bash","floor":23.0,"key":"SMITH"},{"data":"Disarm","floor":25.0,"key":"SMITH"},{"data":"Disarm","floor":30.0,"key":"SMITH"},{"data":"Limit Break","floor":32.0,"key":"SMITH"},{"data":"Demon Form","floor":40.0,"key":"SMITH"},{"data":"Flex","floor":42.0,"key":"SMITH"},{"data":"Defend_R","floor":45.0,"key":"SMITH"},{"data":"Offering","floor":49.0,"key":"SMITH"}],"neow_cost":"NONE","seed_source_timestamp":5600414118868,"circlet_count":0,"master_deck":["Strike_R","Strike_R","Defend_R+1","Defend_R","Defend_R","Bash+1","Disarm+1","Feed+1","Immolate+1","Inflame+1","Disarm+1","Flex+1","Offering+1","Shrug It Off+1","Havoc+1","Carnage+1","Disarm+1","Limit Break+1","Demon Form+1","Heavy Blade+1","True Grit+1","Flex+1"],"special_seed":0,"relics":["Burning Blood","NeowsBlessing","Centennial Puzzle","Velvet Choker","Bag of Marbles","Philosopher\u0027s Stone","Pen Nib","Ice Cream"],"potions_floor_usage":[50,50,50],"damage_taken":[{"damage":0.0,"enemies":"Cultist","floor":1.0,"turns":1.0},{"damage":0.0,"enemies":"Jaw Worm","floor":2.0,"turns":1.0},{"damage":2.0,"enemies":"2 Louse","floor":4.0,"turns":2.0},{"damage":5.0,"enemies":"Blue Slaver","floor":10.0,"turns":3.0},{"damage":5.0,"enemies":"3 Louse","floor":11.0,"turns":2.0},{"damage":0.0,"enemies":"2 Fungi Beasts","floor":12.0,"turns":3.0},{"damage":79.0,"enemies":"Slime Boss","floor":16.0,"turns":12.0},{"damage":10.0,"enemies":"Shell Parasite","floor":18.0,"turns":5.0},{"damage":11.0,"enemies":"Spheric Guardian","floor":20.0,"turns":3.0},{"damage":6.0,"enemies":"Snake Plant","floor":22.0,"turns":3.0},{"damage":16.0,"enemies":"Chosen and Byrds","floor":24.0,"turns":3.0},{"damage":27.0,"enemies":"Sentry and Sphere","floor":27.0,"turns":4.0},{"damage":9.0,"enemies":"Centurion and Healer","floor":28.0,"turns":2.0},{"damage":74.0,"enemies":"Automaton","floor":33.0,"turns":10.0},{"damage":8.0,"enemies":"3 Darklings","floor":35.0,"turns":2.0},{"damage":6.0,"enemies":"3 Shapes","floor":36.0,"turns":1.0},{"damage":19.0,"enemies":"Writhing Mass","floor":38.0,"turns":6.0},{"damage":12.0,"enemies":"Maw","floor":41.0,"turns":5.0},{"damage":6.0,"enemies":"Mind Bloom Boss Battle","floor":44.0,"turns":6.0},{"damage":13.0,"enemies":"Sphere and 2 Shapes","floor":46.0,"turns":3.0},{"damage":14.0,"enemies":"Writhing Mass","floor":47.0,"turns":5.0},{"damage":3.0,"enemies":"4 Shapes","floor":48.0,"turns":1.0},{"damage":123,"enemies":"Donu and Deca","floor":50,"turns":10}],"seed_played":"6367747303568593830","potions_obtained":[{"floor":1.0,"key":"Ancient Potion"},{"floor":2.0,"key":"FearPotion"},{"floor":20.0,"key":"Explosive Potion"},{"floor":24.0,"key":"Strength Potion"},{"floor":44.0,"key":"Energy Potion"},{"floor":46.0,"key":"BloodPotion"},{"floor":48.0,"key":"Poison Potion"}],"is_trial":false,"path_per_floor":["M","M","?","M","$","R","$","R","T","M","M","M","R","$","R","B",null,"M","?","M","?","M","R","M","R","T","M","M","?","R","$","R","B",null,"M","M","?","M","$","R","M","R","T","?","R","M","M","M","R","B",null],"character_chosen":"IRONCLAD","items_purchased":["Limit Break"],"campfire_rested":0,"item_purchase_floors":[31],"current_hp_per_floor":[80,80,80,83,83,83,83,83,83,87,91,95,95,95,95,26,99,99,99,98,98,102,102,96,96,96,79,80,80,80,80,80,12,123,125,128,128,119,119,119,117,117,117,121,121,118,142,145,145,32],"gold":203,"neow_bonus":"THREE_ENEMY_KILL","is_prod":false,"is_daily":false,"chose_seed":false,"campfire_upgraded":12,"win_rate":0,"timestamp":1564215738,"path_taken":["M","?","?","M","$","R","$","R","T","M","M","M","R","?","R","BOSS","M","?","M","?","M","R","M","R","T","M","M","?","R","$","R","BOSS","M","M","?","M","$","R","?","R","T","?","R","M","M","M","R","BOSS"],"build_version":"2019-07-17","purchased_purges":3,"victory":true,"max_hp_per_floor":[80,80,80,83,83,83,83,83,83,87,91,95,95,95,95,99,99,103,103,107,107,111,111,115,115,115,119,123,123,123,123,123,123,123,127,130,130,134,134,134,138,138,138,142,142,146,150,150,150,154],"card_choices":[{"not_picked":["Combust","Warcry","Perfected Strike"],"picked":"SKIP","floor":1.0},{"not_picked":["Sword Boomerang","Cleave"],"picked":"Disarm","floor":2.0},{"not_picked":["Clash","Rupture"],"picked":"Immolate","floor":4.0},{"not_picked":["Sentinel","Havoc"],"picked":"Inflame","floor":10.0},{"not_picked":["True Grit","Dual Wield"],"picked":"Disarm","floor":11.0},{"not_picked":["Armaments","Thunderclap"],"picked":"Flex","floor":12.0},{"not_picked":["Exhume","Barricade"],"picked":"Offering","floor":16.0},{"not_picked":["Searing Blow","Clash"],"picked":"Shrug It Off+1","floor":18.0},{"not_picked":["Wild Strike+1","Power Through+1"],"picked":"Havoc+1","floor":20.0},{"not_picked":["Twin Strike","Shockwave","Wild Strike+1"],"picked":"SKIP","floor":22.0},{"not_picked":["Intimidate","Thunderclap"],"picked":"Carnage+1","floor":24.0},{"not_picked":["Power Through","Metallicize","Body Slam"],"picked":"SKIP","floor":27.0},{"not_picked":["Hemokinesis","Flame Barrier"],"picked":"Disarm","floor":28.0},{"not_picked":["Offering","Barricade"],"picked":"Feed","floor":33.0},{"not_picked":["Anger","Corruption+1","Havoc"],"picked":"SKIP","floor":35.0},{"not_picked":["Warcry+1","Shrug It Off","Body Slam"],"picked":"SKIP","floor":36.0},{"not_picked":["Heavy Blade+1","Anger+1"],"picked":"Demon Form","floor":38.0},{"not_picked":["Wild Strike","Twin Strike","Clothesline"],"picked":"SKIP","floor":41.0},{"not_picked":["Inflame+1","Evolve+1"],"picked":"Heavy Blade+1","floor":44.0},{"not_picked":["Thunderclap+1","Hemokinesis+1"],"picked":"True Grit+1","floor":46.0},{"not_picked":["Wild Strike+1","Intimidate+1"],"picked":"Flex+1","floor":47.0},{"not_picked":["Ghostly Armor+1","Body Slam","Sentinel"],"picked":"SKIP","floor":48.0}],"player_experience":1564323,"relics_obtained":[{"floor":9.0,"key":"Centennial Puzzle"},{"floor":26.0,"key":"Bag of Marbles"},{"floor":43.0,"key":"Pen Nib"},{"floor":44.0,"key":"Ice Cream"}],"event_choices":[{"damage_healed":0.0,"max_hp_gain":0.0,"max_hp_loss":0.0,"gold_gain":0.0,"cards_transformed":["Strike_R"],"event_name":"Transmorgrifier","player_choice":"Transformed","floor":3.0,"gold_loss":0.0,"damage_taken":0.0,"cards_obtained":["Feed"]},{"cards_removed":["Defend_R"],"damage_healed":0.0,"max_hp_gain":0.0,"max_hp_loss":0.0,"gold_gain":0.0,"event_name":"Beggar","player_choice":"Gave Gold","floor":19.0,"gold_loss":75.0,"damage_taken":0.0},{"damage_healed":0.0,"max_hp_gain":0.0,"max_hp_loss":0.0,"gold_gain":0.0,"event_name":"Vampires","player_choice":"Ignored","floor":29.0,"gold_loss":0.0,"damage_taken":0.0},{"cards_removed":["Feed"],"damage_healed":0.0,"max_hp_gain":0.0,"max_hp_loss":0.0,"gold_gain":0.0,"event_name":"NoteForYourself","player_choice":"Took Card","floor":37.0,"gold_loss":0.0,"damage_taken":0.0,"cards_obtained":["Strike_R"]},{"damage_healed":0.0,"max_hp_gain":0.0,"max_hp_loss":0.0,"gold_gain":0.0,"event_name":"MindBloom","player_choice":"Fight","floor":44.0,"gold_loss":0.0,"damage_taken":0.0}],"is_beta":false,"boss_relics":[{"not_picked":["Astrolabe","Ectoplasm"],"picked":"Velvet Choker"},{"not_picked":["Mark of Pain","Empty Cage"],"picked":"Philosopher\u0027s Stone"}],"items_purged_floors":[5,14,39],"is_endless":false,"potions_floor_spawned":[1,2,20,24,28,44,46,48],"ascension_level":0}