{"gold_per_floor":[118,135,108,122,135,166,178,194,218,230,257,334,10,27,27,129,129,144,157,134,150,150,150,150,4,4,4,24,35,35,52,52,52],"floor_reached":33,"playtime":1028,"items_purged":["Decay"],"score":263,"play_id":"6fb8d60b-0efb-4d7d-ad36-f85efbcaf9b5","local_time":"20180624171308","is_ascension_mode":false,"campfire_choices":[{"floor":15.0,"key":"REST"},{"floor":23,"key":"DIG"},{"floor":27,"key":"DIG"},{"floor":32,"key":"DIG"}],"neow_cost":"","seed_source_timestamp":85429507811406,"circlet_count":0,"master_deck":["Strike_B","Strike_B","Strike_B","Strike_B","Defend_B","Defend_B","Defend_B","Defend_B","Zap","Dualcast","Sweeping Beam","Streamline","Steam","Buffer","Conserve Battery","Streamline","Beam Cell","Auto Shields","FTL","Streamline","Seek","Go for the Eyes+1","Self Repair+1","Beam Cell","Sweeping Beam","FTL","Doubt","Cold Snap","BootSequence+1"],"special_seed":0,"relics":["Sozu","Ginger","DataDisk","Sundial","Shovel","Cursed Key","Anchor","Darkstone Periapt","Omamori","Toolbox"],"potions_floor_usage":[],"damage_taken":[{"damage":3.0,"enemies":"Small Slimes","floor":1.0,"turns":3.0},{"damage":2.0,"enemies":"2 Louse","floor":2.0,"turns":3.0},{"damage":0.0,"enemies":"Cultist","floor":4.0,"turns":3.0},{"damage":5.0,"enemies":"Looter","floor":5.0,"turns":3.0},{"damage":17.0,"enemies":"3 Sentries","floor":6.0,"turns":5.0},{"damage":10.0,"enemies":"Large Slime","floor":7.0,"turns":4.0},{"damage":7.0,"enemies":"Exordium Thugs","floor":8.0,"turns":5.0},{"damage":0.0,"enemies":"2 Fungi Beasts","floor":10.0,"turns":3.0},{"damage":26.0,"enemies":"Gremlin Nob","floor":11.0,"turns":5.0},{"damage":0.0,"enemies":"Looter","floor":14.0,"turns":3.0},{"damage":4.0,"enemies":"Slime Boss","floor":16.0,"turns":10.0},{"damage":16,"enemies":"2 Thieves","floor":18,"turns":5},{"damage":6,"enemies":"3 Byrds","floor":19,"turns":5},{"damage":0,"enemies":"Cultist and Chosen","floor":21,"turns":6},{"damage":11,"enemies":"Centurion and Healer","floor":28,"turns":6},{"damage":12,"enemies":"Snecko","floor":29,"turns":6},{"damage":29,"enemies":"Sentry and Sphere","floor":31,"turns":7},{"damage":61,"enemies":"Champ","floor":33,"turns":10}],"seed_played":"1350522267721064764","potions_obtained":[],"is_trial":false,"path_per_floor":["M","M","$","M","M","E","M","M","T","M","E","?","$","M","R","B",null,"M","M","$","M","?","R","?","$","T","R","M","M","$","M","R"],"character_chosen":"DEFECT","items_purchased":["Streamline","FTL","Shovel","Beam Cell","FTL"],"campfire_rested":1,"item_purchase_floors":[],"current_hp_per_floor":[72,70,70,70,65,48,38,31,31,31,5,5,5,5,27,23,75,59,53,53,63,63,63,63,63,63,63,62,60,60,41,41,0],"gold":52,"neow_bonus":"","is_prod":false,"is_daily":false,"chose_seed":false,"campfire_upgraded":0,"win_rate":0,"timestamp":1529849588,"path_taken":["M","M","$","M","M","E","M","M","T","M","E","?","$","M","R","BOSS","M","M","$","M","?","R","?","$","T","R","M","M","$","?","R","BOSS"],"build_version":"2018-06-21v2","purchased_purges":1,"victory":false,"max_hp_per_floor":[75,75,75,75,75,75,75,75,75,75,75,75,75,75,75,75,75,75,75,75,75,75,75,75,75,75,75,75,75,75,75,75,75],"card_choices":[{"not_picked":["Doom and Gloom","Redo","Defragment"],"picked":"SKIP","floor":1.0},{"not_picked":["Ball Lightning","Barrage"],"picked":"Sweeping Beam","floor":2.0},{"not_picked":["Force Field","Redo"],"picked":"Steam","floor":4.0},{"not_picked":["Genetic Algorithm","Multi-Cast","Tempest"],"picked":"SKIP","floor":5.0},{"not_picked":["Compile Driver","Coolheaded"],"picked":"Buffer","floor":6.0},{"not_picked":["Skim","Recycle"],"picked":"Conserve Battery","floor":7.0},{"not_picked":["Rebound","Aggregate"],"picked":"Streamline","floor":8.0},{"not_picked":["Capacitor","Genetic Algorithm"],"picked":"Beam Cell","floor":10.0},{"not_picked":["Cold Snap","Lockon"],"picked":"Auto Shields","floor":11.0},{"not_picked":["Ball Lightning","Hologram"],"picked":"Streamline","floor":14.0},{"not_picked":["Fission","Thunder Strike"],"picked":"Seek","floor":16.0},{"not_picked":["Hologram+1","Storm"],"picked":"Go for the Eyes+1","floor":18},{"not_picked":["Sweeping Beam","Fusion"],"picked":"Self Repair+1","floor":19},{"not_picked":["Turbo","Defragment"],"picked":"Sweeping Beam","floor":21},{"not_picked":["Barrage","Turbo"],"picked":"Cold Snap","floor":28},{"not_picked":["Tempest","Ball Lightning","Sweeping Beam"],"picked":"SKIP","floor":29},{"not_picked":["Sunder","Multi-Cast"],"picked":"BootSequence+1","floor":31}],"player_experience":161370,"relics_obtained":[{"floor":6.0,"key":"Ginger"},{"floor":9.0,"key":"DataDisk"},{"floor":11.0,"key":"Sundial"},{"floor":23,"key":"Anchor"},{"floor":26,"key":"Darkstone Periapt"},{"floor":27,"key":"Omamori"},{"floor":32,"key":"Toolbox"}],"event_choices":[{"event_name":"Golden Wing","player_choice":"Gained Gold","floor":12.0,"damage_taken":0.0},{"event_name":"Forgotten Altar","player_choice":"Smashed Altar","floor":22,"damage_taken":0},{"event_name":"Drug Dealer","player_choice":"Ignored","floor":24,"damage_taken":0}],"boss_relics":[{"not_picked":["Empty Cage","Runic Pyramid"],"picked":"Cursed Key"}],"items_purged_floors":[25],"is_endless":false,"potions_floor_spawned":[1,5,7,10,14,16,18,21],"killed_by":"Champ","ascension_level":0}