{"gold_per_floor":[359,370,545,545,555,555,248,261,285,285,285,43,56,66,66,166,166,166,166,15,15,15,15,15,15,15,15,15,15,15,15,15,15,15,15,15,15,15,15,15,15,15,15,15,15,15,15,15,15,15],"floor_reached":51,"playtime":9193,"items_purged":["Doubt"],"score":759,"play_id":"29cd3df2-c2c9-4a50-9186-df41a5deb781","local_time":"20190725195357","is_ascension_mode":false,"campfire_choices":[{"data":"Cleave","floor":6,"key":"SMITH"},{"data":"Carnage","floor":10,"key":"SMITH"},{"floor":15,"key":"REST"},{"floor":32,"key":"REST"},{"floor":40,"key":"REST"},{"data":"Corruption","floor":44,"key":"SMITH"},{"data":"Feed","floor":49,"key":"SMITH"}],"neow_cost":"PERCENT_DAMAGE","seed_source_timestamp":1048125372344133,"circlet_count":0,"master_deck":["Strike_R+1","Strike_R+1","Strike_R+1","Strike_R+1","Defend_R+1","Defend_R+1","Defend_R+1","Defend_R+1","Bash","Clothesline","Warcry","Cleave+1","Carnage+1","Shrug It Off","Spot Weakness+1","Shrug It Off+1","Feed+1","Ghostly Armor+1","Shrug It Off+1","Power Through+1","Burning Pact+1","Battle Trance+1","Offering+1","Warcry+1","Ghostly Armor+1","Double Tap+1","Fire Breathing+1","True Grit+1","Parasite","Power Through+1","Intimidate+1","Iron Wave+1","Corruption+1","Battle Trance+1","Parasite","Infernal Blade+1"],"relics":["Burning Blood","TheAbacus","Centennial Puzzle","Ornamental Fan","Toxic Egg 2","Ectoplasm","Orichalcum","Strawberry","War Paint","Charon\u0027s Ashes","Thread and Needle","Sozu","Sundial","Regal Pillow","Self Forming Clay"],"potions_floor_usage":[27,31,33,33],"damage_taken":[{"damage":20,"enemies":"Jaw Worm","floor":1,"turns":4},{"damage":5,"enemies":"2 Louse","floor":2,"turns":3},{"damage":0,"enemies":"Cultist","floor":5,"turns":3},{"damage":0,"enemies":"Large Slime","floor":8,"turns":5},{"damage":2,"enemies":"Looter","floor":13,"turns":3},{"damage":13,"enemies":"Exordium Thugs","floor":14,"turns":5},{"damage":45,"enemies":"Hexaghost","floor":16,"turns":11},{"damage":5,"enemies":"3 Byrds","floor":18,"turns":5},{"damage":0,"enemies":"Chosen","floor":21,"turns":4},{"damage":0,"enemies":"Centurion and Healer","floor":23,"turns":6},{"damage":24,"enemies":"Gremlin Leader","floor":24,"turns":7},{"damage":2,"enemies":"Snecko","floor":25,"turns":3},{"damage":44,"enemies":"Slavers","floor":27,"turns":8},{"damage":11,"enemies":"Sentry and Sphere","floor":28,"turns":5},{"damage":6,"enemies":"Book of Stabbing","floor":31,"turns":6},{"damage":14,"enemies":"Automaton","floor":33,"turns":11},{"damage":6,"enemies":"3 Darklings","floor":35,"turns":4},{"damage":6,"enemies":"3 Shapes","floor":36,"turns":1},{"damage":22,"enemies":"Writhing Mass","floor":37,"turns":8},{"damage":20,"enemies":"Maw","floor":38,"turns":9},{"damage":2,"enemies":"Nemesis","floor":41,"turns":9},{"damage":1,"enemies":"Jaw Worm Horde","floor":42,"turns":4},{"damage":6,"enemies":"Reptomancer","floor":45,"turns":6},{"damage":13,"enemies":"Writhing Mass","floor":46,"turns":10},{"damage":63,"enemies":"Donu and Deca","floor":50,"turns":11}],"seed_played":"-4581614676419720025","potions_obtained":[{"floor":2,"key":"Poison Potion"},{"floor":8,"key":"SkillPotion"},{"floor":13,"key":"Weak Potion"},{"floor":23,"key":"Regen Potion"},{"floor":31,"key":"Weak Potion"}],"is_trial":false,"path_per_floor":["M","M","?","?","M","R","$","M","T","R","T","$","M","M","R","B",null,"M","?","$","M","$","M","E","M","T","E","M","?","$","E","R","B",null,"M","M","M","M","?","R","E","M","T","R","E","M","$","$","R","B",null],"character_chosen":"IRONCLAD","items_purchased":["Carnage","TheAbacus","Toxic Egg 2","Orichalcum"],"campfire_rested":3,"item_purchase_floors":[7,7,12,20],"current_hp_per_floor":[42,43,43,27,33,33,33,39,39,39,39,39,43,36,60,21,80,83,83,83,83,83,83,72,76,76,52,47,47,47,47,74,66,90,90,90,74,60,60,87,90,90,90,90,90,83,83,83,83,26],"gold":15,"neow_bonus":"TWO_FIFTY_GOLD","is_prod":false,"is_daily":false,"chose_seed":false,"campfire_upgraded":4,"win_rate":0.0,"timestamp":1564102437,"path_taken":["M","M","?","?","M","R","?","M","T","R","?","$","?","M","R","BOSS","M","?","$","M","?","M","E","M","T","E","M","?","$","E","R","BOSS","M","M","M","M","?","R","E","M","T","R","E","M","?","$","R","BOSS"],"build_version":"2019-07-17","purchased_purges":1,"victory":true,"max_hp_per_floor":[80,80,80,80,80,80,80,80,80,80,80,80,80,80,80,80,80,83,83,83,83,83,83,90,90,90,90,90,90,90,90,90,90,90,90,90,90,90,90,90,90,90,90,90,90,90,90,90,90,90],"card_choices":[{"not_picked":["Pommel Strike","Cleave"],"picked":"Clothesline","floor":1},{"not_picked":["Clothesline","Perfected Strike"],"picked":"Warcry","floor":2},{"not_picked":["Heavy Blade","Thunderclap"],"picked":"Cleave","floor":5},{"not_picked":["Brutality","Thunderclap"],"picked":"Shrug It Off","floor":8},{"not_picked":["Body Slam","Perfected Strike"],"picked":"Spot Weakness+1","floor":13},{"not_picked":["Headbutt","Barricade"],"picked":"Shrug It Off+1","floor":14},{"not_picked":["Berserk","Bludgeon"],"picked":"Feed","floor":16},{"not_picked":["Searing Blow","Metallicize"],"picked":"Ghostly Armor+1","floor":18},{"not_picked":["Pommel Strike","Bloodletting+1"],"picked":"Shrug It Off+1","floor":21},{"not_picked":["Heavy Blade","Whirlwind+1"],"picked":"Power Through+1","floor":23},{"not_picked":["Sword Boomerang","Warcry+1"],"picked":"Burning Pact+1","floor":24},{"not_picked":["Ghostly Armor+1","Clash"],"picked":"Battle Trance+1","floor":25},{"not_picked":["Sword Boomerang","Twin Strike"],"picked":"Offering+1","floor":27},{"not_picked":["Anger","Clash"],"picked":"Warcry+1","floor":28},{"not_picked":["Metallicize","Rage+1"],"picked":"Ghostly Armor+1","floor":31},{"not_picked":["Juggernaut","Limit Break+1"],"picked":"Double Tap+1","floor":33},{"not_picked":["True Grit+1","Shrug It Off+1"],"picked":"Fire Breathing+1","floor":35},{"not_picked":["Twin Strike","Sword Boomerang"],"picked":"True Grit+1","floor":36},{"not_picked":["Twin Strike","Warcry+1"],"picked":"Power Through+1","floor":37},{"not_picked":["Feed","Cleave"],"picked":"Intimidate+1","floor":38},{"not_picked":["Rage+1","Hemokinesis+1"],"picked":"Iron Wave+1","floor":41},{"not_picked":["Headbutt+1","True Grit+1"],"picked":"Corruption","floor":42},{"not_picked":["Body Slam+1","Whirlwind"],"picked":"Battle Trance+1","floor":45},{"not_picked":["Hemokinesis+1","Heavy Blade+1"],"picked":"Infernal Blade+1","floor":46}],"player_experience":7356,"relics_obtained":[{"floor":9,"key":"Centennial Puzzle"},{"floor":11,"key":"Ornamental Fan"},{"floor":24,"key":"Strawberry"},{"floor":26,"key":"War Paint"},{"floor":27,"key":"Charon\u0027s Ashes"},{"floor":31,"key":"Thread and Needle"},{"floor":41,"key":"Sundial"},{"floor":43,"key":"Regal Pillow"},{"floor":45,"key":"Self Forming Clay"}],"event_choices":[{"damage_healed":0,"gold_gain":175,"player_choice":"AGREE","damage_taken":0,"max_hp_gain":0,"max_hp_loss":0,"event_name":"Liars Game","floor":3,"gold_loss":0,"cards_obtained":["Doubt"]},{"damage_healed":0,"gold_gain":0,"player_choice":"Entered Light","damage_taken":16,"max_hp_gain":0,"max_hp_loss":0,"event_name":"Shining Light","floor":4,"gold_loss":0,"cards_upgraded":["Strike_R","Defend_R"]},{"damage_healed":0,"gold_gain":0,"cards_transformed":["Strike_R"],"player_choice":"Transformed","damage_taken":0,"max_hp_gain":0,"max_hp_loss":0,"event_name":"Transmorgrifier","floor":19,"gold_loss":0,"cards_obtained":["Spot Weakness"]},{"damage_healed":0,"gold_gain":0,"player_choice":"Simplicity","damage_taken":0,"max_hp_gain":0,"max_hp_loss":0,"event_name":"Back to Basics","floor":29,"gold_loss":0,"cards_upgraded":["Strike_R","Strike_R","Strike_R","Defend_R"]},{"cards_removed":["Spot Weakness"],"damage_healed":0,"gold_gain":0,"player_choice":"Removed Skill","damage_taken":0,"max_hp_gain":0,"max_hp_loss":0,"event_name":"Falling","floor":39,"gold_loss":0}],"is_beta":false,"boss_relics":[{"not_picked":["Busted Crown","Orrery"],"picked":"Ectoplasm"},{"not_picked":["Cursed Key","Calling Bell"],"picked":"Sozu"}],"items_purged_floors":[7],"is_endless":false,"potions_floor_spawned":[2,8,13,18,23,31,37,42,45],"ascension_level":0}