{"gold_per_floor":[119,134,84,84,104,104,129,129,129,129,129,144,20,36,36,162,162,175,199,31,45,65,65,80,99,145,166,12,12,31,31,31,150,150,173,15,39,39,52,86,86,7,30,46,46,46,46,65,65,65],"floor_reached":50,"playtime":2145,"items_purged":[],"score":468,"play_id":"cd69d648-d0b0-4818-a617-d0af7d59bdf6","local_time":"20181117131309","is_ascension_mode":false,"campfire_choices":[{"data":"Coolheaded","floor":6,"key":"SMITH"},{"data":"Go for the Eyes","floor":8,"key":"SMITH"},{"data":"Zap","floor":10,"key":"SMITH"},{"data":"Hologram","floor":15,"key":"SMITH"},{"data":"Self Repair","floor":23,"key":"SMITH"},{"data":"Coolheaded","floor":29,"key":"SMITH"},{"data":"Capacitor","floor":32,"key":"SMITH"},{"data":"Echo Form","floor":41,"key":"SMITH"},{"data":"Panache","floor":47,"key":"SMITH"},{"floor":49,"key":"REST"}],"neow_cost":"NONE","seed_source_timestamp":143882183784466,"circlet_count":0,"master_deck":["Strike_B","Strike_B","Strike_B","Defend_B","Defend_B","Defend_B","Defend_B","Zap+1","Dualcast","Coolheaded+1","Gash","Go for the Eyes+1","Steam","Conserve Battery","Self Repair+1","Hologram+1","Rebound","Fusion+1","Coolheaded+1","Panache+1","Capacitor+1","Reinforced Body","Steam","Iron Wave","Machine Learning+1","Echo Form+1","Undo","FTL","Ball Lightning+1"],"relics":["Cracked Core","NeowsBlessing","Golden Idol","Mercury Hourglass","Sozu","Juzu Bracelet","Oddly Smooth Stone","Busted Crown","Ice Cream","PreservedInsect","Question Card"],"potions_floor_usage":[12,16,19,24],"damage_taken":[{"damage":0,"enemies":"Small Slimes","floor":1,"turns":1},{"damage":0,"enemies":"2 Louse","floor":2,"turns":1},{"damage":0,"enemies":"Cultist","floor":5,"turns":1},{"damage":7,"enemies":"2 Fungi Beasts","floor":7,"turns":4},{"damage":3,"enemies":"Gremlin Gang","floor":12,"turns":3},{"damage":1,"enemies":"Red Slaver","floor":14,"turns":3},{"damage":21,"enemies":"The Guardian","floor":16,"turns":11},{"damage":0,"enemies":"Chosen","floor":18,"turns":4},{"damage":10,"enemies":"Spheric Guardian","floor":19,"turns":4},{"damage":6,"enemies":"Centurion and Healer","floor":21,"turns":6},{"damage":33,"enemies":"Cultist and Chosen","floor":22,"turns":7},{"damage":2,"enemies":"3 Cultists","floor":24,"turns":3},{"damage":14,"enemies":"Snake Plant","floor":25,"turns":5},{"damage":12,"enemies":"Sentry and Sphere","floor":27,"turns":5},{"damage":19,"enemies":"Cultist and Chosen","floor":30,"turns":8},{"damage":28,"enemies":"Champ","floor":33,"turns":20},{"damage":15,"enemies":"3 Shapes","floor":35,"turns":4},{"damage":15,"enemies":"Orb Walker","floor":37,"turns":5},{"damage":15,"enemies":"Spire Growth","floor":39,"turns":6},{"damage":30,"enemies":"Giant Head","floor":40,"turns":13},{"damage":0,"enemies":"Transient","floor":44,"turns":5},{"damage":14,"enemies":"3 Darklings","floor":48,"turns":3},{"damage":64,"enemies":"Time Eater","floor":50,"turns":11}],"seed_played":"3526004837252343512","potions_obtained":[{"floor":2,"key":"GamblersBrew"},{"floor":5,"key":"Fire Potion"},{"floor":11,"key":"PowerPotion"},{"floor":11,"key":"Block Potion"},{"floor":12,"key":"PowerPotion"}],"is_trial":false,"path_per_floor":["M","M","$","?","M","R","M","R","T","R","?","M","$","M","R","B",null,"M","M","$","M","M","R","M","M","T","M","$","R","M","?","R","B",null,"M","$","M","?","M","E","R","$","T","M","T","$","R","M","R","B"],"character_chosen":"DEFECT","items_purchased":["Gash","Self Repair","Hologram","Panache","Oddly Smooth Stone","Echo Form","FTL"],"campfire_rested":1,"item_purchase_floors":[3,13,13,20,28,36,42],"current_hp_per_floor":[75,75,75,57,57,57,50,50,50,50,50,47,47,53,53,39,75,75,72,72,73,47,47,55,51,51,49,49,49,40,40,40,22,75,70,70,65,65,60,40,40,40,40,50,50,50,50,36,58,0],"gold":65,"neow_bonus":"THREE_ENEMY_KILL","is_prod":false,"is_daily":false,"chose_seed":false,"campfire_upgraded":9,"win_rate":0,"timestamp":1542453189,"path_taken":["M","M","$","?","M","R","M","R","T","R","?","?","$","M","R","BOSS","M","M","$","M","M","R","M","M","T","M","$","R","M","?","R","BOSS","M","$","M","?","M","E","R","$","T","M","?","$","R","M","R","BOSS"],"build_version":"2018-11-15","purchased_purges":0,"victory":false,"max_hp_per_floor":[75,75,75,75,75,75,75,75,75,75,75,75,75,75,75,75,75,75,75,75,75,75,75,75,75,75,75,75,75,75,75,75,75,75,75,75,75,75,75,75,75,75,75,75,75,75,75,75,75,75],"card_choices":[{"not_picked":["Barrage","Glacier"],"picked":"Coolheaded","floor":1},{"not_picked":["Redo","Chaos","Barrage"],"picked":"SKIP","floor":2},{"not_picked":["Sweeping Beam","Beam Cell"],"picked":"Go for the Eyes","floor":5},{"not_picked":["Consume","Amplify"],"picked":"Steam","floor":7},{"not_picked":["Blizzard","Leap"],"picked":"Conserve Battery","floor":12},{"not_picked":["Streamline","White Noise"],"picked":"Rebound","floor":14},{"not_picked":["Stack","Melter"],"picked":"Fusion+1","floor":18},{"not_picked":["Fusion","Beam Cell"],"picked":"Coolheaded","floor":19},{"not_picked":["Leap","Barrage","BootSequence"],"picked":"SKIP","floor":21},{"not_picked":["Compile Driver","Stack"],"picked":"Capacitor","floor":22},{"not_picked":["Redo","Lockon+1","Reinforced Body"],"picked":"SKIP","floor":24},{"not_picked":["Redo","Lockon+1"],"picked":"Reinforced Body","floor":24},{"not_picked":["Compile Driver","Beam Cell","Tempest+1"],"picked":"SKIP","floor":25},{"not_picked":["Go for the Eyes","Hologram"],"picked":"Steam","floor":27},{"not_picked":["Compile Driver","Cold Snap","Rebound"],"picked":"SKIP","floor":30},{"not_picked":["Multi-Cast","Reboot"],"picked":"Machine Learning","floor":33},{"not_picked":["Steam Power"],"picked":"SKIP","floor":35},{"not_picked":["Heatsinks"],"picked":"SKIP","floor":37},{"not_picked":["Stack"],"picked":"SKIP","floor":39},{"not_picked":[],"picked":"Undo","floor":40},{"not_picked":["Lockon+1"],"picked":"SKIP","floor":44},{"not_picked":["Cold Snap+1"],"picked":"Ball Lightning+1","floor":48}],"player_experience":467526,"relics_obtained":[{"floor":9,"key":"Mercury Hourglass"},{"floor":26,"key":"Juzu Bracelet"},{"floor":40,"key":"Ice Cream"},{"floor":43,"key":"PreservedInsect"},{"floor":45,"key":"Question Card"}],"event_choices":[{"damage_healed":0,"gold_gain":0,"player_choice":"Take Damage","damage_taken":18,"relics_obtained":["Golden Idol"],"max_hp_gain":0,"max_hp_loss":0,"event_name":"Golden Idol","floor":4,"gold_loss":0},{"damage_healed":0,"gold_gain":0,"player_choice":"Got Potions","damage_taken":0,"max_hp_gain":0,"max_hp_loss":0,"event_name":"Lab","floor":11,"gold_loss":0},{"cards_removed":["Strike_B"],"damage_healed":0,"gold_gain":0,"player_choice":"Took Card","damage_taken":0,"max_hp_gain":0,"max_hp_loss":0,"event_name":"NoteForYourself","floor":31,"gold_loss":0,"cards_obtained":["Iron Wave"]},{"damage_healed":0,"gold_gain":0,"player_choice":"Upgraded","damage_taken":0,"max_hp_gain":0,"max_hp_loss":0,"event_name":"Upgrade Shrine","floor":38,"gold_loss":0,"cards_upgraded":["Machine Learning"]}],"is_beta":false,"boss_relics":[{"not_picked":["Coffee Dripper","Empty Cage"],"picked":"Sozu"},{"not_picked":["Lizard Tail","Eternal Feather"],"picked":"Busted Crown"}],"items_purged_floors":[],"is_endless":false,"potions_floor_spawned":[2,5,12,22,24,27,30,39,40],"killed_by":"Time Eater","ascension_level":0}