{"gold_per_floor":[118,118,96,112,129,142,142,156,208,116,144,144,244,264,264,359,359,372,383,336,355,365,365,365,365,365,365,384,483,497,237,237,332,332,346,357,56,156,166,201,49,59,59,59,70,25,25,44,44,44],"floor_reached":51,"playtime":1427,"items_purged":[],"score":706,"play_id":"65098040-0ee2-4d74-bf8d-2fdc3e4736a9","local_time":"20190126023441","is_ascension_mode":false,"campfire_choices":[{"data":"Spot Weakness","floor":7.0,"key":"SMITH"},{"data":"Blind","floor":12.0,"key":"SMITH"},{"data":"Sword Boomerang","floor":15,"key":"SMITH"},{"data":"Armaments","floor":23,"key":"SMITH"},{"data":"Double Tap","floor":27,"key":"SMITH"},{"data":"Sword Boomerang","floor":32,"key":"SMITH"},{"data":"Limit Break","floor":47,"key":"SMITH"},{"data":"Offering","floor":49,"key":"SMITH"}],"neow_cost":"PERCENT_DAMAGE","seed_source_timestamp":535870162750293,"circlet_count":0,"master_deck":["Strike_R+1","Strike_R+1","Strike_R+1","Strike_R+1","Strike_R+1","Defend_R+1","Defend_R+1","Defend_R+1","Defend_R+1","Bash","Sword Boomerang+1","Shrug It Off","Shrug It Off","Spot Weakness+1","Sword Boomerang+1","Blind+1","Reaper","Offering+1","Sword Boomerang+1","Armaments+1","Cleave","Double Tap+1","Whirlwind","Battle Trance+1","Inflame+1","Limit Break+1","Reaper","Flash of Steel"],"special_seed":0,"relics":["Black Blood","Prayer Wheel","Boot","Gremlin Horn","Coffee Dripper","Shuriken","Pen Nib","Singing Bowl","Membership Card","Blood Vial","Peace Pipe","Red Skull","Vajra","Charon\u0027s Ashes"],"potions_floor_usage":[16,16,40,40,45,50,50,50],"damage_taken":[{"damage":8.0,"enemies":"Jaw Worm","floor":1.0,"turns":4.0},{"damage":6.0,"enemies":"2 Louse","floor":4.0,"turns":4.0},{"damage":6.0,"enemies":"Cultist","floor":5.0,"turns":3.0},{"damage":2.0,"enemies":"Large Slime","floor":6.0,"turns":6.0},{"damage":9.0,"enemies":"Exordium Wildlife","floor":8.0,"turns":4.0},{"damage":18.0,"enemies":"Lagavulin","floor":11.0,"turns":5.0},{"damage":0,"enemies":"3 Louse","floor":14,"turns":3},{"damage":24,"enemies":"Slime Boss","floor":16,"turns":7},{"damage":20,"enemies":"Shell Parasite","floor":18,"turns":4},{"damage":26,"enemies":"2 Thieves","floor":19,"turns":3},{"damage":7,"enemies":"3 Cultists","floor":21,"turns":5},{"damage":0,"enemies":"Chosen and Byrds","floor":22,"turns":4},{"damage":14,"enemies":"Centurion and Healer","floor":28,"turns":7},{"damage":6,"enemies":"3 Cultists","floor":30,"turns":2},{"damage":49,"enemies":"Automaton","floor":33,"turns":8},{"damage":0,"enemies":"Orb Walker","floor":35,"turns":2},{"damage":40,"enemies":"3 Darklings","floor":36,"turns":4},{"damage":22,"enemies":"Mind Bloom Boss Battle","floor":38,"turns":6},{"damage":24,"enemies":"4 Shapes","floor":39,"turns":3},{"damage":65,"enemies":"Nemesis","floor":40,"turns":5},{"damage":0,"enemies":"Spire Growth","floor":42,"turns":4},{"damage":0,"enemies":"3 Darklings","floor":45,"turns":2},{"damage":4,"enemies":"Sphere and 2 Shapes","floor":48,"turns":4},{"damage":86,"enemies":"Awakened One","floor":50,"turns":6}],"seed_played":"-5115974392845054491","potions_obtained":[{"floor":1.0,"key":"Block Potion"},{"floor":6.0,"key":"Regen Potion"},{"floor":11.0,"key":"Swift Potion"},{"floor":28,"key":"Poison Potion"},{"floor":33,"key":"SteroidPotion"},{"floor":40,"key":"Regen Potion"},{"floor":42,"key":"EssenceOfSteel"},{"floor":45,"key":"Dexterity Potion"}],"is_trial":false,"path_per_floor":["M","?","$","M","M","M","R","M","T","$","E","R","?","M","R","B",null,"M","M","$","M","M","R","?","T","T","R","M","?","M","$","R","B",null,"M","M","$","?","M","E","$","M","T","?","M","$","R","M","R","B",null],"character_chosen":"IRONCLAD","items_purchased":["Shrug It Off","Blind","Armaments","Singing Bowl","Membership Card","Blood Vial","Whirlwind","Vajra","Limit Break","Flash of Steel"],"campfire_rested":0,"item_purchase_floors":[3,10,20,31,37,37,37,41,41,46],"current_hp_per_floor":[54,54,54,54,54,58,58,55,55,55,43,43,43,64,64,46,80,74,65,65,64,80,80,80,80,80,80,77,77,80,80,80,50,82,86,75,75,65,55,18,18,32,32,34,91,91,91,103,103,62],"gold":44,"neow_bonus":"ONE_RARE_RELIC","is_prod":false,"is_daily":false,"chose_seed":false,"campfire_upgraded":8,"win_rate":0,"timestamp":1548462881,"path_taken":["M","?","$","M","M","M","R","M","T","$","E","R","?","M","R","BOSS","M","?","$","M","M","R","?","?","T","R","M","?","M","$","R","BOSS","M","M","$","?","M","E","$","M","T","?","M","$","R","M","R","BOSS"],"build_version":"2019-01-23","purchased_purges":0,"victory":true,"max_hp_per_floor":[80,80,80,80,80,80,80,80,80,80,80,80,80,80,80,80,80,80,80,80,80,80,80,80,80,80,80,80,80,80,80,80,82,82,86,90,90,90,92,94,94,96,96,98,102,102,102,106,106,106],"card_choices":[{"not_picked":["Clash","Cleave"],"picked":"Sword Boomerang","floor":1.0},{"not_picked":["Heavy Blade","Wild Strike","Headbutt"],"picked":"SKIP","floor":1.0},{"not_picked":["Feel No Pain","Warcry","Perfected Strike"],"picked":"SKIP","floor":4.0},{"not_picked":["Iron Wave","Hemokinesis","Intimidate"],"picked":"SKIP","floor":4.0},{"not_picked":["Shockwave","Thunderclap"],"picked":"Shrug It Off","floor":5.0},{"not_picked":["Twin Strike","Pommel Strike","Thunderclap"],"picked":"SKIP","floor":5.0},{"not_picked":["Evolve","Offering"],"picked":"Spot Weakness","floor":6.0},{"not_picked":["Entrench","Shockwave"],"picked":"Sword Boomerang","floor":6.0},{"not_picked":["Rage","Pommel Strike","Iron Wave"],"picked":"SKIP","floor":8.0},{"not_picked":["Pommel Strike","Bloodletting","Anger"],"picked":"SKIP","floor":8.0},{"not_picked":["Searing Blow","Clash"],"picked":"Reaper","floor":11.0},{"not_picked":["Iron Wave","Shrug It Off","Wild Strike"],"picked":"SKIP","floor":14},{"not_picked":["Twin Strike","Havoc","Thunderclap"],"picked":"SKIP","floor":14},{"not_picked":["Juggernaut","Impervious"],"picked":"Offering","floor":16},{"not_picked":["Flex","Pummel","Clothesline"],"picked":"SKIP","floor":18},{"not_picked":["Perfected Strike","Body Slam+1","Wild Strike"],"picked":"SKIP","floor":18},{"not_picked":["Iron Wave","Feed"],"picked":"Sword Boomerang+1","floor":19},{"not_picked":["Searing Blow","Wild Strike","Twin Strike+1"],"picked":"SKIP","floor":19},{"not_picked":["Warcry","Pommel Strike+1"],"picked":"Cleave","floor":21},{"not_picked":["Flex","Shrug It Off","Flame Barrier"],"picked":"SKIP","floor":21},{"not_picked":["Disarm+1","Thunderclap"],"picked":"Double Tap","floor":22},{"not_picked":["Evolve","Wild Strike","Warcry"],"picked":"SKIP","floor":22},{"not_picked":["Heavy Blade","Metallicize+1","Perfected Strike"],"picked":"SKIP","floor":28},{"not_picked":["Shrug It Off","Cleave","Headbutt"],"picked":"SKIP","floor":28},{"not_picked":["Iron Wave","Disarm","Twin Strike+1"],"picked":"SKIP","floor":30},{"not_picked":["Second Wind+1","Anger","Havoc"],"picked":"SKIP","floor":30},{"not_picked":["Dark Embrace","Berserk","Brutality"],"picked":"Singing Bowl","floor":33},{"not_picked":["Sword Boomerang+1","Anger+1","Shrug It Off+1"],"picked":"Singing Bowl","floor":35},{"not_picked":["Shrug It Off","Armaments","Sever Soul+1"],"picked":"Singing Bowl","floor":35},{"not_picked":["Perfected Strike+1","Sever Soul+1","Wild Strike"],"picked":"Singing Bowl","floor":36},{"not_picked":["Heavy Blade","Second Wind+1","Evolve"],"picked":"Singing Bowl","floor":36},{"not_picked":["Flex","Armaments+1"],"picked":"Battle Trance+1","floor":38},{"not_picked":["Bloodletting+1","Fire Breathing"],"picked":"Inflame+1","floor":39},{"not_picked":["Twin Strike+1","Rupture","Wild Strike"],"picked":"Singing Bowl","floor":39},{"not_picked":["Thunderclap+1","Entrench+1","Twin Strike"],"picked":"Singing Bowl","floor":40},{"not_picked":["Intimidate","Fire Breathing+1"],"picked":"Reaper","floor":42},{"not_picked":["Thunderclap","Ghostly Armor","Twin Strike+1"],"picked":"Singing Bowl","floor":42},{"not_picked":["Thinking Ahead","Swift Strike","Violence"],"picked":"Singing Bowl","floor":44},{"not_picked":["Headbutt+1","Flex+1","Disarm"],"picked":"Singing Bowl","floor":45},{"not_picked":["Heavy Blade","Iron Wave+1","Shrug It Off"],"picked":"Singing Bowl","floor":45},{"not_picked":["Sword Boomerang","Havoc+1","Anger+1"],"picked":"Singing Bowl","floor":48},{"not_picked":["Corruption","Clash","Feel No Pain"],"picked":"Singing Bowl","floor":48}],"player_experience":567895,"relics_obtained":[{"floor":9.0,"key":"Boot"},{"floor":11.0,"key":"Gremlin Horn"},{"floor":25,"key":"Shuriken"},{"floor":26,"key":"Pen Nib"},{"floor":38,"key":"Peace Pipe"},{"floor":40,"key":"Red Skull"},{"floor":43,"key":"Charon\u0027s Ashes"}],"event_choices":[{"damage_healed":0.0,"max_hp_gain":0.0,"max_hp_loss":0.0,"gold_gain":0.0,"event_name":"Golden Wing","player_choice":"Ignored","floor":2.0,"gold_loss":0.0,"damage_taken":0.0},{"damage_healed":0.0,"max_hp_gain":0.0,"max_hp_loss":0.0,"gold_gain":100.0,"event_name":"Golden Shrine","player_choice":"Pray","floor":13.0,"gold_loss":0.0,"damage_taken":0.0},{"damage_healed":0,"gold_gain":0,"player_choice":"Simplicity","damage_taken":0,"max_hp_gain":0,"max_hp_loss":0,"event_name":"Back to Basics","floor":24,"gold_loss":0,"cards_upgraded":["Strike_R","Strike_R","Strike_R","Strike_R","Strike_R","Defend_R","Defend_R","Defend_R","Defend_R"]},{"damage_healed":0,"gold_gain":99,"player_choice":"Stole From Cult","damage_taken":0,"max_hp_gain":0,"max_hp_loss":0,"event_name":"Nest","floor":29,"gold_loss":0},{"damage_healed":0,"gold_gain":0,"player_choice":"Fight","damage_taken":0,"max_hp_gain":0,"max_hp_loss":0,"event_name":"MindBloom","floor":38,"gold_loss":0},{"damage_healed":0,"gold_gain":0,"player_choice":"Memory 1","damage_taken":0,"max_hp_gain":0,"max_hp_loss":0,"event_name":"SensoryStone","floor":44,"gold_loss":0}],"is_beta":false,"boss_relics":[{"not_picked":["Tiny House","White Beast Statue"],"picked":"Coffee Dripper"},{"not_picked":["Orrery","Busted Crown"],"picked":"Black Blood"}],"items_purged_floors":[],"is_endless":false,"potions_floor_spawned":[1,6,11,14,28,33,40,42,45],"ascension_level":0}