{"gold_per_floor":[110,185,198,198,29,29,61,73,147,147,177,192,208,218,218,313,313,331,76,92,106,121,148,148,176,203,221,3,3,3,23,23,121,121,138,138,158,8,25,53,53,67,67,67,67,78,78,89,89,89],"floor_reached":51,"playtime":1459,"items_purged":["Normality","Strike_R","Strike_R","Strike_R+1"],"score":761,"play_id":"13aad154-78cb-4240-8c12-b108ec87466a","local_time":"20190713181152","is_ascension_mode":false,"campfire_choices":[{"data":"Blind","floor":6,"key":"SMITH"},{"data":"Armaments","floor":10,"key":"SMITH"},{"data":"Body Slam","floor":15,"key":"SMITH"},{"data":"Juggernaut","floor":24,"key":"SMITH"},{"data":"Body Slam","floor":29,"key":"SMITH"},{"data":"Finesse","floor":32,"key":"SMITH"},{"data":"Juggernaut","floor":47,"key":"SMITH"},{"data":"Battle Trance","floor":49,"key":"SMITH"}],"neow_cost":"CURSE","seed_source_timestamp":237627137004300,"circlet_count":0,"master_deck":["Defend_R+1","Defend_R+1","Defend_R+1","Defend_R+1","Bash","Demon Form+1","Body Slam+1","Blind+1","Body Slam+1","Armaments+1","Battle Trance+1","Juggernaut+1","Body Slam+1","Finesse+1","Juggernaut+1"],"relics":["Burning Blood","Dream Catcher","Letter Opener","Strawberry","Busted Crown","Centennial Puzzle","Bird Faced Urn","Red Mask","Ancient Tea Set","Runic Pyramid","Bronze Scales","Sundial"],"potions_floor_usage":[11,16,23,25,40],"damage_taken":[{"damage":3,"enemies":"Small Slimes","floor":1,"turns":3},{"damage":6,"enemies":"Jaw Worm","floor":3,"turns":3},{"damage":34,"enemies":"Gremlin Nob","floor":7,"turns":5},{"damage":1,"enemies":"Cultist","floor":8,"turns":4},{"damage":22,"enemies":"3 Sentries","floor":11,"turns":9},{"damage":13,"enemies":"Large Slime","floor":12,"turns":8},{"damage":4,"enemies":"Blue Slaver","floor":13,"turns":5},{"damage":0,"enemies":"Exordium Wildlife","floor":14,"turns":4},{"damage":0,"enemies":"Slime Boss","floor":16,"turns":7},{"damage":11,"enemies":"Spheric Guardian","floor":18,"turns":4},{"damage":3,"enemies":"Shell Parasite","floor":20,"turns":4},{"damage":6,"enemies":"Snecko","floor":21,"turns":5},{"damage":10,"enemies":"Shelled Parasite and Fungi","floor":22,"turns":5},{"damage":26,"enemies":"Slavers","floor":23,"turns":5},{"damage":6,"enemies":"Masked Bandits","floor":25,"turns":3},{"damage":10,"enemies":"Snake Plant","floor":27,"turns":4},{"damage":0,"enemies":"3 Cultists","floor":31,"turns":4},{"damage":15,"enemies":"Collector","floor":33,"turns":5},{"damage":11,"enemies":"Orb Walker","floor":35,"turns":2},{"damage":10,"enemies":"3 Darklings","floor":37,"turns":3},{"damage":17,"enemies":"4 Shapes","floor":39,"turns":2},{"damage":22,"enemies":"Reptomancer","floor":40,"turns":5},{"damage":12,"enemies":"Maw","floor":42,"turns":5},{"damage":0,"enemies":"3 Darklings","floor":46,"turns":3},{"damage":8,"enemies":"Jaw Worm Horde","floor":48,"turns":3},{"damage":16,"enemies":"Awakened One","floor":50,"turns":7}],"seed_played":"-6451837027089531348","potions_obtained":[{"floor":3,"key":"SneckoOil"},{"floor":11,"key":"GamblersBrew"},{"floor":13,"key":"Poison Potion"},{"floor":14,"key":"Dexterity Potion"},{"floor":21,"key":"SteroidPotion"},{"floor":25,"key":"Energy Potion"},{"floor":27,"key":"BloodPotion"},{"floor":40,"key":"SpeedPotion"}],"is_trial":false,"path_per_floor":["M","?","M","?","$","R","E","M","T","R","E","M","M","M","R","B",null,"M","$","M","M","M","E","R","?","T","M","$","R","?","M","R","B",null,"M","?","M","$","M","E","?","M","T","$","?","M","R","M","R","B",null],"character_chosen":"IRONCLAD","items_purchased":["Blind","Centennial Puzzle","Finesse"],"campfire_rested":0,"item_purchase_floors":[5,19,28],"current_hp_per_floor":[80,69,69,53,53,53,25,30,30,30,21,14,16,22,22,28,87,82,82,85,85,81,61,61,61,61,61,61,61,61,71,71,66,87,82,82,82,82,75,63,63,61,61,61,61,71,71,73,73,69],"gold":89,"neow_bonus":"THREE_RARE_CARDS","is_prod":false,"is_daily":false,"chose_seed":false,"campfire_upgraded":8,"win_rate":0,"timestamp":1563030712,"path_taken":["M","?","M","?","$","R","E","M","T","R","E","M","M","M","R","BOSS","M","$","M","M","M","E","R","?","T","M","$","R","?","M","R","BOSS","M","?","M","$","M","E","?","M","T","$","?","M","R","M","R","BOSS"],"build_version":"2019-07-05","purchased_purges":4,"victory":true,"max_hp_per_floor":[80,80,80,80,80,80,80,80,80,80,87,87,87,87,87,87,87,87,87,87,87,87,87,87,87,87,87,87,87,87,87,87,87,87,87,87,87,87,87,87,87,87,87,87,87,87,87,87,87,87],"card_choices":[{"not_picked":["Double Tap","Brutality"],"picked":"Demon Form","floor":0},{"not_picked":["Rage","Flex","Second Wind"],"picked":"SKIP","floor":1},{"not_picked":["Reckless Charge","Heavy Blade"],"picked":"Body Slam","floor":3},{"not_picked":["Thunderclap","Clash"],"picked":"Body Slam","floor":7},{"not_picked":["Body Slam","Fiend Fire"],"picked":"Armaments","floor":8},{"not_picked":["Flex","Reckless Charge","Heavy Blade"],"picked":"SKIP","floor":11},{"not_picked":["Infernal Blade","Whirlwind","Clash"],"picked":"SKIP","floor":12},{"not_picked":["Cleave","Second Wind"],"picked":"Battle Trance","floor":13},{"not_picked":["Headbutt","Searing Blow","Intimidate"],"picked":"SKIP","floor":14},{"not_picked":["Bludgeon","Offering"],"picked":"Juggernaut","floor":16},{"not_picked":["Sword Boomerang+1"],"picked":"SKIP","floor":18},{"not_picked":["Flex"],"picked":"SKIP","floor":20},{"not_picked":["Pummel"],"picked":"SKIP","floor":21},{"not_picked":["Perfected Strike"],"picked":"SKIP","floor":22},{"not_picked":["Clash"],"picked":"SKIP","floor":23},{"not_picked":[],"picked":"Body Slam","floor":27},{"not_picked":["Infernal Blade"],"picked":"SKIP","floor":31},{"not_picked":[],"picked":"Juggernaut","floor":33},{"not_picked":["Perfected Strike+1"],"picked":"SKIP","floor":35},{"not_picked":["Searing Blow+1"],"picked":"SKIP","floor":37},{"not_picked":["Pommel Strike"],"picked":"SKIP","floor":39},{"not_picked":["Iron Wave+1"],"picked":"SKIP","floor":40},{"not_picked":["Blood for Blood+1"],"picked":"SKIP","floor":42},{"not_picked":["Twin Strike+1"],"picked":"SKIP","floor":46},{"not_picked":["Rupture"],"picked":"SKIP","floor":48}],"player_experience":697778,"relics_obtained":[{"floor":7,"key":"Dream Catcher"},{"floor":9,"key":"Letter Opener"},{"floor":11,"key":"Strawberry"},{"floor":23,"key":"Bird Faced Urn"},{"floor":25,"key":"Red Mask"},{"floor":26,"key":"Ancient Tea Set"},{"floor":40,"key":"Bronze Scales"},{"floor":43,"key":"Sundial"}],"event_choices":[{"damage_healed":0,"gold_gain":75,"player_choice":"Gather Gold","damage_taken":11,"max_hp_gain":0,"max_hp_loss":0,"event_name":"World of Goop","floor":2,"gold_loss":0},{"damage_healed":0,"gold_gain":0,"player_choice":"Entered Light","damage_taken":16,"max_hp_gain":0,"max_hp_loss":0,"event_name":"Shining Light","floor":4,"gold_loss":0,"cards_upgraded":["Body Slam","Demon Form"]},{"damage_healed":0,"gold_gain":0,"player_choice":"Fought Bandits","damage_taken":0,"max_hp_gain":0,"max_hp_loss":0,"event_name":"Masked Bandits","floor":25,"gold_loss":0},{"damage_healed":0,"gold_gain":0,"player_choice":"Simplicity","damage_taken":0,"max_hp_gain":0,"max_hp_loss":0,"event_name":"Back to Basics","floor":30,"gold_loss":0,"cards_upgraded":["Strike_R","Strike_R","Strike_R","Defend_R","Defend_R","Defend_R","Defend_R"]},{"damage_healed":0,"gold_gain":0,"player_choice":"Memory 1","damage_taken":0,"max_hp_gain":0,"max_hp_loss":0,"event_name":"SensoryStone","floor":36,"gold_loss":0},{"cards_removed":["Strike_R"],"damage_healed":0,"gold_gain":0,"player_choice":"Removed Attack","damage_taken":0,"max_hp_gain":0,"max_hp_loss":0,"event_name":"Falling","floor":41,"gold_loss":0},{"cards_removed":["Strike_R"],"damage_healed":0,"gold_gain":0,"player_choice":"Offered Basic","damage_taken":0,"max_hp_gain":0,"max_hp_loss":0,"event_name":"Bonfire Elementals","floor":45,"gold_loss":0}],"is_beta":false,"boss_relics":[{"not_picked":["Sozu","Cursed Key"],"picked":"Busted Crown"},{"not_picked":["White Beast Statue","Pandora\u0027s Box"],"picked":"Runic Pyramid"}],"items_purged_floors":[5,19,28,38],"is_endless":false,"potions_floor_spawned":[3,11,13,14,21,25,27,33,35,40,46],"ascension_level":0}