{"gold_per_floor":[119,46,46,64,76,101,111,43,43,43,43,43,63,79,79,178,178,190,190,218,218,218,253,253,263,263,274,306,159,159,175,175,277,277,292,292,307,3,3,3,21,21,21,37,57,73,73,108,108,108,108,108,8,33,33],"floor_reached":56,"playtime":1396,"items_purged":["Writhe","Clumsy"],"score":1217,"play_id":"2b58df54-4378-403c-adf6-c4fdbc6cc4a4","local_time":"20190729185105","is_ascension_mode":false,"campfire_choices":[{"data":"Whirlwind","floor":10.0,"key":"SMITH"},{"data":"Inflame","floor":15.0,"key":"SMITH"},{"data":"Inflame","floor":24.0,"key":"SMITH"},{"data":"Uppercut","floor":30.0,"key":"SMITH"},{"data":"Battle Trance","floor":32.0,"key":"SMITH"},{"floor":40.0,"key":"RECALL"},{"data":"Bash","floor":42.0,"key":"SMITH"},{"data":"Shrug It Off","floor":47.0,"key":"SMITH"},{"data":"Evolve","floor":49.0,"key":"SMITH"},{"data":"Shrug It Off","floor":52.0,"key":"SMITH"}],"neow_cost":"NONE","seed_source_timestamp":36129239289100,"circlet_count":0,"master_deck":["Strike_R+1","Strike_R+1","Strike_R+1","Defend_R+1","Defend_R+1","Defend_R+1","Defend_R+1","Bash+1","Shrug It Off+1","Whirlwind+1","Battle Trance+1","Inflame+1","Inflame+1","Shrug It Off+1","Pommel Strike+1","Uppercut+1","Demon Form+1","Disarm+1","Sword Boomerang+1","Evolve+1","Impervious"],"special_seed":0,"relics":["Burning Blood","Mummified Hand","Self Forming Clay","Cursed Key","Red Mask","MutagenicStrength","Centennial Puzzle","Letter Opener","Lizard Tail","Torii","Ginger","StoneCalendar","Whetstone"],"potions_floor_usage":[55,55,55],"damage_taken":[{"damage":6.0,"enemies":"Jaw Worm","floor":1.0,"turns":5.0},{"damage":2.0,"enemies":"Small Slimes","floor":4.0,"turns":3.0},{"damage":0.0,"enemies":"2 Louse","floor":5.0,"turns":1.0},{"damage":43.0,"enemies":"Gremlin Nob","floor":6.0,"turns":6.0},{"damage":7.0,"enemies":"Looter","floor":7.0,"turns":4.0},{"damage":13.0,"enemies":"3 Louse","floor":13.0,"turns":2.0},{"damage":1.0,"enemies":"Exordium Wildlife","floor":14.0,"turns":2.0},{"damage":15.0,"enemies":"The Guardian","floor":16.0,"turns":13.0},{"damage":5.0,"enemies":"Spheric Guardian","floor":18.0,"turns":4.0},{"damage":0.0,"enemies":"Masked Bandits","floor":20.0,"turns":1.0},{"damage":19.0,"enemies":"Gremlin Leader","floor":23.0,"turns":6.0},{"damage":6.0,"enemies":"2 Thieves","floor":25.0,"turns":2.0},{"damage":9.0,"enemies":"Centurion and Healer","floor":27.0,"turns":5.0},{"damage":11.0,"enemies":"Slavers","floor":28.0,"turns":3.0},{"damage":3.0,"enemies":"Shelled Parasite and Fungi","floor":31.0,"turns":4.0},{"damage":10.0,"enemies":"Collector","floor":33.0,"turns":6.0},{"damage":0.0,"enemies":"Orb Walker","floor":35.0,"turns":2.0},{"damage":9.0,"enemies":"3 Darklings","floor":37.0,"turns":3.0},{"damage":10.0,"enemies":"Maw","floor":41.0,"turns":6.0},{"damage":1.0,"enemies":"Spire Growth","floor":44.0,"turns":4.0},{"damage":24.0,"enemies":"4 Shapes","floor":45.0,"turns":3.0},{"damage":0.0,"enemies":"Jaw Worm Horde","floor":46.0,"turns":2.0},{"damage":0.0,"enemies":"Giant Head","floor":48.0,"turns":6.0},{"damage":58.0,"enemies":"Awakened One","floor":50.0,"turns":11.0},{"damage":36.0,"enemies":"Shield and Spear","floor":54.0,"turns":6.0},{"damage":32,"enemies":"The Heart","floor":55,"turns":7}],"seed_played":"205731489771595913","potions_obtained":[{"floor":6.0,"key":"Regen Potion"},{"floor":13.0,"key":"Energy Potion"},{"floor":14.0,"key":"Explosive Potion"},{"floor":23.0,"key":"BloodPotion"},{"floor":48.0,"key":"Strength Potion"}],"is_trial":false,"path_per_floor":["M","$","?","M","M","E","M","$","T","R","?","?","M","M","R","B",null,"M","$","?","?","?","E","R","M","T","M","E","$","R","M","R","B",null,"M","?","M","$","?","R","M","R","T","M","M","M","R","E","R","B",null,"R","$","E","B",null],"character_chosen":"IRONCLAD","items_purchased":["Whirlwind","Battle Trance","Uppercut","Torii"],"campfire_rested":0,"item_purchase_floors":[2,8,29,38],"current_hp_per_floor":[88,88,81,85,88,51,50,50,50,50,50,55,48,53,53,44,93,93,93,93,93,93,80,80,80,80,77,72,72,72,75,75,71,93,93,93,90,90,90,90,86,86,86,91,73,79,79,85,85,33,93,93,93,63,60],"gold":33,"neow_bonus":"TEN_PERCENT_HP_BONUS","is_prod":false,"is_daily":false,"chose_seed":false,"campfire_upgraded":9,"win_rate":0,"timestamp":1564415465,"path_taken":["M","$","?","M","M","E","M","$","T","R","?","?","M","M","R","BOSS","M","$","?","?","?","E","R","?","T","M","E","$","R","?","R","BOSS","M","?","M","$","?","R","M","R","T","M","?","M","R","E","R","BOSS","R","$","E","BOSS"],"build_version":"2019-07-17","purchased_purges":2,"victory":true,"max_hp_per_floor":[88,88,88,88,88,88,88,88,88,88,88,93,93,93,93,93,93,93,93,93,93,93,93,93,93,93,93,93,93,93,93,93,93,93,93,93,93,93,93,93,93,93,93,93,93,93,93,93,93,93,93,93,93,93,93],"card_choices":[{"not_picked":["Rampage","Twin Strike"],"picked":"Shrug It Off","floor":1.0},{"not_picked":["Anger","Headbutt"],"picked":"Whirlwind","floor":4.0},{"not_picked":["Body Slam","Blood for Blood","Clash"],"picked":"SKIP","floor":5.0},{"not_picked":["Sword Boomerang","Clothesline","Anger"],"picked":"SKIP","floor":6.0},{"not_picked":["Havoc","Corruption","Sever Soul"],"picked":"SKIP","floor":7.0},{"not_picked":["Headbutt","Clothesline"],"picked":"Inflame","floor":13.0},{"not_picked":["Evolve","Flex"],"picked":"Inflame","floor":14.0},{"not_picked":["Cleave","True Grit","Havoc"],"picked":"SKIP","floor":18.0},{"not_picked":["Evolve","Whirlwind"],"picked":"Shrug It Off","floor":20.0},{"not_picked":["Iron Wave","Sever Soul","Searing Blow+1"],"picked":"SKIP","floor":23.0},{"not_picked":["Whirlwind+1","Ghostly Armor"],"picked":"Pommel Strike+1","floor":25.0},{"not_picked":["Wild Strike","Body Slam","Perfected Strike+1"],"picked":"SKIP","floor":27.0},{"not_picked":["Flame Barrier","Cleave","Disarm"],"picked":"SKIP","floor":28.0},{"not_picked":["Iron Wave","Headbutt","Dark Embrace"],"picked":"SKIP","floor":31.0},{"not_picked":["Double Tap","Impervious"],"picked":"Demon Form","floor":33.0},{"not_picked":["Reckless Charge","Headbutt","Dropkick+1"],"picked":"SKIP","floor":35.0},{"not_picked":["Warcry","Clash+1","Sentinel+1"],"picked":"SKIP","floor":37.0},{"not_picked":["Cleave","Clash","Clothesline+1"],"picked":"SKIP","floor":41.0},{"not_picked":["Iron Wave","Battle Trance+1"],"picked":"Disarm+1","floor":44.0},{"not_picked":["Warcry+1","Havoc+1"],"picked":"Sword Boomerang+1","floor":45.0},{"not_picked":["Pummel+1","True Grit","Shrug It Off"],"picked":"SKIP","floor":46.0},{"not_picked":["Pummel+1","Corruption"],"picked":"Evolve","floor":48.0},{"not_picked":["Disarm","Anger+1"],"picked":"Impervious","floor":54.0}],"player_experience":797546,"relics_obtained":[{"floor":6.0,"key":"Mummified Hand"},{"floor":9.0,"key":"Self Forming Clay"},{"floor":20.0,"key":"Red Mask"},{"floor":23.0,"key":"Centennial Puzzle"},{"floor":28.0,"key":"Letter Opener"},{"floor":43.0,"key":"Ginger"},{"floor":48.0,"key":"StoneCalendar"},{"floor":54.0,"key":"Whetstone"}],"event_choices":[{"cards_removed":["Strike_R"],"damage_healed":0.0,"max_hp_gain":0.0,"max_hp_loss":0.0,"gold_gain":0.0,"event_name":"Golden Wing","player_choice":"Card Removal","floor":3.0,"gold_loss":0.0,"damage_taken":7.0},{"cards_removed":["Whirlwind"],"damage_healed":0.0,"max_hp_gain":0.0,"max_hp_loss":0.0,"gold_gain":0.0,"event_name":"Living Wall","player_choice":"Forget","floor":11.0,"gold_loss":0.0,"damage_taken":0.0},{"damage_healed":0.0,"max_hp_gain":5.0,"max_hp_loss":0.0,"gold_gain":0.0,"event_name":"Big Fish","player_choice":"Donut","floor":12.0,"gold_loss":0.0,"damage_taken":0.0},{"damage_healed":0.0,"max_hp_gain":0.0,"max_hp_loss":0.0,"gold_gain":0.0,"event_name":"Masked Bandits","player_choice":"Fought Bandits","floor":20.0,"gold_loss":0.0,"damage_taken":0.0},{"damage_healed":0.0,"max_hp_gain":0.0,"max_hp_loss":0.0,"gold_gain":0.0,"event_name":"Drug Dealer","player_choice":"Inject Mutagens","floor":21.0,"gold_loss":0.0,"damage_taken":0.0,"relics_obtained":["MutagenicStrength"]},{"damage_healed":0.0,"max_hp_gain":0.0,"max_hp_loss":0.0,"gold_gain":0.0,"event_name":"Back to Basics","player_choice":"Simplicity","floor":22.0,"gold_loss":0.0,"damage_taken":0.0,"cards_upgraded":["Strike_R","Strike_R","Strike_R","Strike_R","Defend_R","Defend_R","Defend_R","Defend_R"]},{"cards_removed":["Strike_R"],"damage_healed":0.0,"max_hp_gain":0.0,"max_hp_loss":0.0,"gold_gain":0.0,"event_name":"Falling","player_choice":"Removed Attack","floor":36.0,"gold_loss":0.0,"damage_taken":0.0},{"damage_healed":0.0,"max_hp_gain":0.0,"max_hp_loss":0.0,"gold_gain":0.0,"event_name":"Accursed Blacksmith","player_choice":"Forge","floor":39.0,"gold_loss":0.0,"damage_taken":0.0,"cards_upgraded":["Demon Form"]}],"is_beta":false,"boss_relics":[{"not_picked":["Snecko Eye","Runic Cube"],"picked":"Cursed Key"},{"not_picked":["Runic Pyramid","Empty Cage"],"picked":"Lizard Tail"}],"items_purged_floors":[29,53],"is_endless":false,"potions_floor_spawned":[6,13,14,18,23,27,31,37,44,48,54],"ascension_level":0}