{"gold_per_floor":[116,126,146,159,171,206,206,221,221,221,221,239,239,91,91,191,191,203,29,29,46,58,91,110,127,127,73,73,73,85,119,119,217,217,227,240,254,273,96,96,108,108,134,145,73,102,102,136,136,136],"floor_reached":51,"playtime":3275,"items_purged":["Strike_R"],"score":753,"play_id":"d7b53d66-a4c6-41de-a210-f6fa32092d62","local_time":"20190729173230","is_ascension_mode":false,"campfire_choices":[{"data":"Body Slam","floor":7.0,"key":"SMITH"},{"data":"Heavy Blade","floor":10.0,"key":"SMITH"},{"floor":15.0,"key":"REST"},{"floor":28.0,"key":"REST"},{"data":"Intimidate","floor":32.0,"key":"SMITH"},{"data":"Bite","floor":40.0,"key":"SMITH"},{"data":"Iron Wave","floor":42.0,"key":"SMITH"},{"floor":49.0,"key":"REST"}],"neow_cost":"NONE","seed_source_timestamp":27335322562633,"circlet_count":0,"master_deck":["Defend_R","Defend_R","Defend_R","Bash+1","Body Slam+1","Spot Weakness+1","Twin Strike","Thunderclap","Intimidate+1","Iron Wave+1","Heavy Blade+1","Carnage+1","Chrysalis","Necronomicurse","True Grit","Flame Barrier","Shrug It Off","Bite+1","Bite","Bite","Bite","Bite","Iron Wave+1","Cleave+1","Warcry+1","Mayhem+1","Sword Boomerang+1"],"special_seed":0,"relics":["Busted Crown","Shuriken","Matryoshka","Torii","Empty Cage","Necronomicon","Juzu Bracelet","Happy Flower","Frozen Egg 2","Incense Burner","Black Star","Blood Vial","Bag of Marbles","Boot","Bronze Scales","Molten Egg 2","Oddly Smooth Stone"],"potions_floor_usage":[50,50],"damage_taken":[{"damage":0.0,"enemies":"Small Slimes","floor":1.0,"turns":3.0},{"damage":0.0,"enemies":"2 Louse","floor":2.0,"turns":3.0},{"damage":6.0,"enemies":"Jaw Worm","floor":3.0,"turns":3.0},{"damage":8.0,"enemies":"Exordium Wildlife","floor":4.0,"turns":3.0},{"damage":0.0,"enemies":"Large Slime","floor":5.0,"turns":4.0},{"damage":28.0,"enemies":"Lagavulin","floor":6.0,"turns":6.0},{"damage":2.0,"enemies":"2 Fungi Beasts","floor":8.0,"turns":6.0},{"damage":1.0,"enemies":"Exordium Wildlife","floor":12.0,"turns":3.0},{"damage":3.0,"enemies":"The Guardian","floor":16.0,"turns":6.0},{"damage":9.0,"enemies":"Shell Parasite","floor":18.0,"turns":3.0},{"damage":2.0,"enemies":"3 Byrds","floor":21.0,"turns":5.0},{"damage":8.0,"enemies":"3 Cultists","floor":22.0,"turns":4.0},{"damage":14.0,"enemies":"Book of Stabbing","floor":23.0,"turns":4.0},{"damage":15.0,"enemies":"Snecko","floor":24.0,"turns":3.0},{"damage":1.0,"enemies":"Sentry and Sphere","floor":25.0,"turns":4.0},{"damage":1.0,"enemies":"Centurion and Healer","floor":30.0,"turns":11.0},{"damage":15.0,"enemies":"Gremlin Leader","floor":31.0,"turns":6.0},{"damage":1.0,"enemies":"Automaton","floor":33.0,"turns":6.0},{"damage":9.0,"enemies":"3 Darklings","floor":35.0,"turns":4.0},{"damage":1.0,"enemies":"Orb Walker","floor":36.0,"turns":3.0},{"damage":0.0,"enemies":"Sphere and 2 Shapes","floor":37.0,"turns":3.0},{"damage":1.0,"enemies":"Jaw Worm Horde","floor":38.0,"turns":5.0},{"damage":8.0,"enemies":"Spire Growth","floor":41.0,"turns":4.0},{"damage":25.0,"enemies":"Maw","floor":44.0,"turns":7.0},{"damage":22.0,"enemies":"Giant Head","floor":46.0,"turns":5.0},{"damage":36.0,"enemies":"Reptomancer","floor":48.0,"turns":6.0},{"damage":46,"enemies":"Time Eater","floor":50,"turns":10}],"seed_played":"302389667132126668","potions_obtained":[{"floor":2.0,"key":"Fire Potion"},{"floor":5.0,"key":"SpeedPotion"},{"floor":6.0,"key":"Regen Potion"},{"floor":21.0,"key":"FearPotion"},{"floor":22.0,"key":"Fire Potion"},{"floor":30.0,"key":"PowerPotion"},{"floor":33.0,"key":"Ancient Potion"},{"floor":36.0,"key":"PowerPotion"},{"floor":38.0,"key":"Block Potion"},{"floor":46.0,"key":"Swift Potion"}],"is_trial":false,"path_per_floor":["M","M","M","M","M","E","R","M","T","R","?","M","?","$","R","B",null,"M","$","?","M","M","E","M","M","T","$","R","?","M","E","R","B",null,"M","M","M","M","$","R","M","R","T","M","$","E","?","E","R","B",null],"character_chosen":"IRONCLAD","items_purchased":["Regen Potion","Chrysalis","Shrug It Off","Mayhem+1","BloodPotion"],"campfire_rested":3,"item_purchase_floors":[14,19,27,39,45],"current_hp_per_floor":[80,80,74,66,66,38,38,51,51,51,35,34,22,22,46,58,80,71,71,55,53,45,31,16,15,15,15,39,39,56,49,49,56,56,51,54,56,56,56,56,52,52,52,37,37,40,40,21,37,9],"gold":136,"neow_bonus":"BOSS_RELIC","is_prod":false,"is_daily":false,"chose_seed":false,"campfire_upgraded":5,"win_rate":0,"timestamp":1564414350,"path_taken":["M","M","M","M","M","E","R","M","T","R","?","M","?","$","R","BOSS","M","$","?","M","M","E","M","M","T","$","R","?","M","E","R","BOSS","M","M","M","M","$","R","M","R","T","M","$","E","?","E","R","BOSS"],"build_version":"2019-07-17","purchased_purges":1,"victory":true,"max_hp_per_floor":[80,80,80,80,80,80,80,80,80,80,80,80,80,80,80,80,80,80,80,80,80,80,80,80,80,80,80,80,56,56,56,56,56,56,56,56,56,56,56,56,56,56,56,56,56,56,56,56,56,56],"card_choices":[{"not_picked":[],"picked":"Body Slam","floor":1.0},{"not_picked":[],"picked":"Spot Weakness","floor":2.0},{"not_picked":[],"picked":"Twin Strike","floor":3.0},{"not_picked":[],"picked":"Thunderclap","floor":4.0},{"not_picked":[],"picked":"Intimidate","floor":5.0},{"not_picked":[],"picked":"Iron Wave","floor":6.0},{"not_picked":[],"picked":"Heavy Blade","floor":8.0},{"not_picked":["Evolve"],"picked":"SKIP","floor":12.0},{"not_picked":[],"picked":"Carnage+1","floor":18.0},{"not_picked":["Entrench"],"picked":"SKIP","floor":21.0},{"not_picked":[],"picked":"True Grit","floor":22.0},{"not_picked":["Entrench"],"picked":"SKIP","floor":23.0},{"not_picked":["True Grit"],"picked":"SKIP","floor":24.0},{"not_picked":[],"picked":"Flame Barrier","floor":25.0},{"not_picked":[],"picked":"Iron Wave+1","floor":30.0},{"not_picked":["Seeing Red+1"],"picked":"SKIP","floor":31.0},{"not_picked":[],"picked":"Cleave+1","floor":35.0},{"not_picked":["Sever Soul+1"],"picked":"SKIP","floor":36.0},{"not_picked":["Sever Soul+1"],"picked":"SKIP","floor":37.0},{"not_picked":[],"picked":"Warcry+1","floor":38.0},{"not_picked":["Pommel Strike"],"picked":"SKIP","floor":41.0},{"not_picked":["Burning Pact"],"picked":"SKIP","floor":44.0},{"not_picked":["Power Through"],"picked":"SKIP","floor":46.0},{"not_picked":[],"picked":"Sword Boomerang+1","floor":48.0}],"player_experience":380533,"relics_obtained":[{"floor":6.0,"key":"Shuriken"},{"floor":9.0,"key":"Matryoshka"},{"floor":20.0,"key":"Necronomicon"},{"floor":23.0,"key":"Juzu Bracelet"},{"floor":26.0,"key":"Happy Flower"},{"floor":26.0,"key":"Frozen Egg 2"},{"floor":31.0,"key":"Incense Burner"},{"floor":43.0,"key":"Blood Vial"},{"floor":43.0,"key":"Bag of Marbles"},{"floor":46.0,"key":"Boot"},{"floor":46.0,"key":"Bronze Scales"},{"floor":48.0,"key":"Molten Egg 2"},{"floor":48.0,"key":"Oddly Smooth Stone"}],"event_choices":[{"damage_healed":0.0,"max_hp_gain":0.0,"max_hp_loss":0.0,"gold_gain":0.0,"event_name":"Shining Light","player_choice":"Entered Light","floor":11.0,"gold_loss":0.0,"damage_taken":16.0,"cards_upgraded":["Bash","Spot Weakness"]},{"damage_healed":0.0,"max_hp_gain":0.0,"max_hp_loss":0.0,"gold_gain":0.0,"event_name":"Scrap Ooze","player_choice":"Success","floor":13.0,"gold_loss":0.0,"damage_taken":12.0,"relics_obtained":["Torii"]},{"damage_healed":0.0,"max_hp_gain":0.0,"max_hp_loss":0.0,"gold_gain":0.0,"event_name":"Cursed Tome","player_choice":"Obtained Book","floor":20.0,"gold_loss":0.0,"damage_taken":16.0},{"damage_healed":0.0,"max_hp_gain":0.0,"max_hp_loss":24.0,"gold_gain":0.0,"event_name":"Vampires","player_choice":"Became a vampire","floor":29.0,"gold_loss":0.0,"damage_taken":0.0,"cards_obtained":["Bite","Bite","Bite","Bite","Bite"]},{"damage_healed":0.0,"max_hp_gain":0.0,"max_hp_loss":0.0,"gold_gain":0.0,"event_name":"SensoryStone","player_choice":"Memory 1","floor":47.0,"gold_loss":0.0,"damage_taken":0.0}],"is_beta":false,"boss_relics":[{"not_picked":["Velvet Choker","White Beast Statue"],"picked":"Empty Cage"},{"not_picked":["Runic Cube","Calling Bell"],"picked":"Black Star"}],"items_purged_floors":[14],"is_endless":false,"potions_floor_spawned":[2,5,6,21,22,30,33,36,38,46],"ascension_level":0}