{"gold_per_floor":[109,55,72,82,82,109,129,188,188,188,207,207,207,226,226,330,330],"floor_reached":17,"playtime":553,"items_purged":[],"score":157,"play_id":"acddf745-7761-42bb-adba-36532a3c13ad","local_time":"20190105025342","is_ascension_mode":false,"campfire_choices":[{"data":"Armaments","floor":10.0,"key":"SMITH"},{"floor":13.0,"key":"REST"},{"data":"Twin Strike","floor":15.0,"key":"SMITH"}],"neow_cost":"NONE","seed_source_timestamp":75697047298506,"circlet_count":0,"master_deck":["Strike_R","Strike_R","Strike_R","Strike_R","Strike_R","Defend_R","Defend_R","Defend_R","Defend_R","Bash","Twin Strike+1","Shrug It Off","Armaments+1","Parasite"],"special_seed":0,"relics":["Burning Blood","hubris:TenFootPole","Self Forming Clay","Shuriken","hubris:Backtick","conspire:TreasureMap"],"potions_floor_usage":[],"damage_taken":[{"damage":6.0,"enemies":"Cultist","floor":1.0,"turns":3.0},{"damage":5.0,"enemies":"Jaw Worm","floor":3.0,"turns":4.0},{"damage":5.0,"enemies":"Small Slimes","floor":4.0,"turns":3.0},{"damage":36.0,"enemies":"Lagavulin","floor":6.0,"turns":5.0},{"damage":2.0,"enemies":"3 Louse","floor":7.0,"turns":6.0},{"damage":41.0,"enemies":"3 Sentries","floor":8.0,"turns":13.0},{"damage":24.0,"enemies":"Exordium Wildlife","floor":11.0,"turns":7.0},{"damage":10.0,"enemies":"Looter","floor":14.0,"turns":3.0},{"damage":27.0,"enemies":"The Guardian","floor":16.0,"turns":7.0}],"seed_played":"3753518844147196198","potions_obtained":[{"floor":4.0,"key":"SteroidPotion"},{"floor":11.0,"key":"BloodPotion"},{"floor":14.0,"key":"AttackPotion"}],"is_trial":false,"path_per_floor":["M","$","M","M","?","E","M","?","T","R","M","?","R","M","R","B",null],"character_chosen":"IRONCLAD","items_purchased":["Shrug It Off"],"campfire_rested":1,"item_purchase_floors":[2],"current_hp_per_floor":[88,88,88,88,88,58,62,27,27,27,9,31,57,53,53,32,88],"gold":330,"neow_bonus":"TEN_PERCENT_HP_BONUS","is_prod":false,"is_daily":false,"chose_seed":false,"campfire_upgraded":2,"win_rate":0,"timestamp":1546649622,"path_taken":["M","$","M","M","?","E","M","?","T","R","M","?","R","M","R","BOSS"],"build_version":"2019-01-03v4","purchased_purges":0,"victory":false,"max_hp_per_floor":[88,88,88,88,88,88,88,88,88,88,88,88,88,88,88,88,88],"card_choices":[{"not_picked":["Iron Wave","Cleave"],"picked":"Twin Strike","floor":1.0},{"not_picked":["Feel No Pain","Headbutt","Sentinel"],"picked":"SKIP","floor":3.0},{"not_picked":["Dual Wield","conspire:Charge","Heavy Blade"],"picked":"SKIP","floor":4.0},{"not_picked":["Pummel","Entrench","Body Slam"],"picked":"SKIP","floor":6.0},{"not_picked":["Clothesline","True Grit","Iron Wave"],"picked":"SKIP","floor":7.0},{"not_picked":["Reckless Charge","Shrug It Off"],"picked":"Armaments","floor":8.0},{"not_picked":["Wild Strike","conspire:Charge","Warcry"],"picked":"SKIP","floor":11.0},{"not_picked":["Iron Wave","Wild Strike","Body Slam"],"picked":"SKIP","floor":14.0}],"player_experience":565223,"relics_obtained":[{"floor":6.0,"key":"hubris:TenFootPole"},{"floor":9.0,"key":"Shuriken"}],"event_choices":[{"damage_healed":0.0,"max_hp_gain":0.0,"max_hp_loss":0.0,"gold_gain":0.0,"event_name":"Golden Wing","player_choice":"Ignored","floor":5.0,"gold_loss":0.0,"damage_taken":0.0},{"damage_healed":0.0,"max_hp_gain":0.0,"max_hp_loss":0.0,"gold_gain":0.0,"event_name":"Dead Adventurer","player_choice":"Searched \u00272\u0027 times","floor":8.0,"gold_loss":0.0,"damage_taken":0.0,"relics_obtained":["Self Forming Clay"]},{"damage_healed":22.0,"max_hp_gain":0.0,"max_hp_loss":0.0,"gold_gain":0.0,"event_name":"Mushrooms","player_choice":"Healed and dodged fight","floor":12.0,"gold_loss":0.0,"damage_taken":0.0,"cards_obtained":["Parasite"]}],"is_beta":false,"boss_relics":[{"not_picked":["Sozu","conspire:RoyalGoblet"],"picked":"hubris:Backtick"}],"items_purged_floors":[],"is_endless":false,"potions_floor_spawned":[4,11,14],"ascension_level":0}