{"gold_per_floor":[109,62,62,87,108,108,126,169,220,261,280,298,263,338,338,468,468,481,23,48,48,66,66,82,82],"floor_reached":25,"playtime":864,"items_purged":["Clumsy"],"score":237,"play_id":"c1c6ae33-a526-4c09-a32a-f08b61cbf853","local_time":"20181003051229","is_ascension_mode":true,"campfire_choices":[{"data":"Creative AI","floor":6.0,"key":"SMITH"},{"floor":15.0,"key":"REST"},{"data":"Seek","floor":23,"key":"SMITH"}],"neow_cost":"NONE","seed_source_timestamp":16629330858854,"circlet_count":0,"master_deck":["Strike_B","Strike_B","Strike_B","Strike_B","Defend_B","Defend_B","Defend_B","Defend_B","Zap","Dualcast","Creative AI+1","Ball Lightning","Steam","Leap","Ball Lightning","Conserve Battery","Leap","Echo Form+1","Seek+1","Conserve Battery"],"special_seed":0,"relics":["Cracked Core","Golden Idol","Frozen Egg 2","Dream Catcher","Omamori","Calling Bell","Juzu Bracelet"],"potions_floor_usage":[25,25],"damage_taken":[{"damage":4.0,"enemies":"Cultist","floor":1.0,"turns":5.0},{"damage":9.0,"enemies":"Small Slimes","floor":4.0,"turns":3.0},{"damage":5.0,"enemies":"2 Louse","floor":5.0,"turns":3.0},{"damage":18.0,"enemies":"Lots of Slimes","floor":7.0,"turns":4.0},{"damage":15.0,"enemies":"Lagavulin","floor":8.0,"turns":5.0},{"damage":6.0,"enemies":"3 Sentries","floor":10.0,"turns":6.0},{"damage":1.0,"enemies":"Exordium Wildlife","floor":11.0,"turns":4.0},{"damage":3.0,"enemies":"Blue Slaver","floor":12.0,"turns":4.0},{"damage":9.0,"enemies":"The Guardian","floor":16.0,"turns":12.0},{"damage":14,"enemies":"Spheric Guardian","floor":18,"turns":5},{"damage":25,"enemies":"Chosen","floor":20,"turns":6},{"damage":2,"enemies":"Snecko","floor":22,"turns":7},{"damage":22,"enemies":"Centurion and Healer","floor":24,"turns":7},{"damage":11,"enemies":"Snake Plant","floor":25,"turns":3}],"seed_played":"-3438924045548838680","potions_obtained":[{"floor":5.0,"key":"SkillPotion"},{"floor":10.0,"key":"SpeedPotion"},{"floor":11.0,"key":"Ancient Potion"},{"floor":12.0,"key":"SneckoOil"},{"floor":24,"key":"Poison Potion"}],"is_trial":false,"path_per_floor":["M","$","?","M","M","R","M","E","T","E","M","M","?","?","R","B",null,"M","$","M","?","M","R","M"],"character_chosen":"DEFECT","items_purchased":["Ball Lightning","Juzu Bracelet","Echo Form+1","Seek"],"campfire_rested":1,"item_purchase_floors":[2,19,19,19],"current_hp_per_floor":[71,71,69,60,55,55,37,22,22,16,15,12,29,18,38,29,69,55,55,30,30,28,28,6,0],"gold":82,"neow_bonus":"ONE_RANDOM_RARE_CARD","is_prod":false,"is_daily":false,"chose_seed":false,"campfire_upgraded":2,"win_rate":0,"timestamp":1538532749,"path_taken":["M","$","?","M","M","R","M","E","T","E","?","M","?","?","R","BOSS","M","$","M","?","M","R","M","M"],"build_version":"2018-09-27","purchased_purges":1,"victory":false,"max_hp_per_floor":[75,75,69,69,69,69,69,69,69,69,69,69,69,69,69,69,69,69,69,69,69,69,69,69,69],"card_choices":[{"not_picked":["Compile Driver","FTL","Rebound"],"picked":"SKIP","floor":1.0},{"not_picked":["Rebound","Streamline"],"picked":"Steam","floor":4.0},{"not_picked":["Reinforced Body","Go for the Eyes"],"picked":"Leap","floor":5.0},{"not_picked":["FTL","Cold Snap"],"picked":"Ball Lightning","floor":7.0},{"not_picked":["Turbo","Go for the Eyes"],"picked":"Conserve Battery","floor":8.0},{"not_picked":["Redo","Thunder Strike"],"picked":"Leap","floor":10.0},{"not_picked":["Turbo","Recycle","Go for the Eyes"],"picked":"SKIP","floor":11.0},{"not_picked":["Streamline","Force Field","Sunder"],"picked":"SKIP","floor":12.0},{"not_picked":["Cold Snap","Stack","Aggregate"],"picked":"SKIP","floor":18},{"not_picked":["Stack","Loop+1"],"picked":"Conserve Battery","floor":20},{"not_picked":["Steam","Rebound","Undo+1"],"picked":"SKIP","floor":22},{"not_picked":["Streamline","Reprogram+1","Steam+1"],"picked":"SKIP","floor":24},{"not_picked":["Streamline","Reprogram+1","Steam+1"],"picked":"SKIP","floor":24}],"player_experience":354446,"relics_obtained":[{"floor":8.0,"key":"Frozen Egg 2"},{"floor":9.0,"key":"Dream Catcher"},{"floor":10.0,"key":"Omamori"}],"event_choices":[{"event_name":"Golden Idol","player_choice":"Lose Max HP","floor":3.0,"damage_taken":0.0},{"event_name":"The Cleric","player_choice":"Healed","floor":13.0,"damage_taken":0.0},{"event_name":"World of Goop","player_choice":"Gather Gold","floor":14.0,"damage_taken":0.0},{"event_name":"Ghosts","player_choice":"Ignored","floor":21,"damage_taken":0}],"is_beta":false,"boss_relics":[{"not_picked":["Astrolabe","Sozu"],"picked":"Calling Bell"}],"items_purged_floors":[19],"is_endless":false,"potions_floor_spawned":[5,10,11,12,16,20,24],"killed_by":"Snake Plant","ascension_level":2}