{"gold_per_floor":[112,123,123,134,149,183,183,196,196,208,58,26,26,61,61,61],"floor_reached":16,"playtime":380,"items_purged":[],"score":112,"play_id":"ece52e7e-e980-4f15-b02c-4dd5078255b6","local_time":"20180920033616","is_ascension_mode":false,"campfire_choices":[{"data":"Bash","floor":7,"key":"SMITH"},{"floor":15,"key":"REST"}],"neow_cost":"NONE","seed_source_timestamp":12339214147250,"circlet_count":0,"master_deck":["Strike_R","Strike_R","Strike_R","Strike_R","Strike_R","Defend_R","Defend_R","Defend_R","Defend_R","Bash+1","Twin Strike","Armaments"],"relics":["Burning Blood","NeowsBlessing","Happy Flower","Kunai","Dodecahedron","Vajra","Golden Idol","Shuriken"],"potions_floor_usage":[14,14],"damage_taken":[{"damage":0,"enemies":"2 Louse","floor":1,"turns":1},{"damage":0,"enemies":"Cultist","floor":2,"turns":1},{"damage":0,"enemies":"Jaw Worm","floor":4,"turns":1},{"damage":18,"enemies":"Large Slime","floor":5,"turns":6},{"damage":40,"enemies":"3 Sentries","floor":6,"turns":9},{"damage":10,"enemies":"Looter","floor":8,"turns":2},{"damage":11,"enemies":"3 Louse","floor":10,"turns":3},{"damage":16,"enemies":"Lagavulin","floor":14,"turns":4},{"damage":39,"enemies":"Hexaghost","floor":16,"turns":9}],"seed_played":"-2393569189550129063","potions_obtained":[{"floor":2,"key":"LiquidBronze"},{"floor":4,"key":"Dexterity Potion"},{"floor":5,"key":"Poison Potion"},{"floor":8,"key":"Poison Potion"}],"is_trial":false,"path_per_floor":["M","M","?","M","M","E","R","M","T","M","$","?","?","E","R"],"character_chosen":"IRONCLAD","items_purchased":["Vajra"],"campfire_rested":1,"item_purchase_floors":[11],"current_hp_per_floor":[80,80,77,80,68,34,34,30,30,25,25,25,25,15,37,0],"gold":61,"neow_bonus":"THREE_ENEMY_KILL","is_prod":false,"is_daily":false,"chose_seed":false,"campfire_upgraded":1,"win_rate":0,"timestamp":1537403776,"path_taken":["M","M","?","?","M","E","R","M","T","M","$","?","?","E","R","BOSS"],"build_version":"2018-09-06","purchased_purges":0,"victory":false,"max_hp_per_floor":[80,80,80,80,80,80,80,80,80,80,80,80,74,74,74,74],"card_choices":[{"not_picked":["Perfected Strike","Havoc","True Grit"],"picked":"SKIP","floor":1},{"not_picked":["Blood for Blood","True Grit"],"picked":"Twin Strike","floor":2},{"not_picked":["Flex","Corruption","Hemokinesis"],"picked":"SKIP","floor":4},{"not_picked":["Corruption","Blood for Blood","Infernal Blade"],"picked":"SKIP","floor":5},{"not_picked":["Shrug It Off","Bloodletting","Clash"],"picked":"SKIP","floor":6},{"not_picked":["Havoc","Perfected Strike","Shrug It Off"],"picked":"SKIP","floor":8},{"not_picked":["Headbutt","Shockwave","True Grit"],"picked":"SKIP","floor":10},{"not_picked":["Impervious","Iron Wave"],"picked":"Armaments","floor":14}],"player_experience":348329,"relics_obtained":[{"floor":6,"key":"Kunai"},{"floor":9,"key":"Dodecahedron"},{"floor":14,"key":"Shuriken"}],"event_choices":[{"event_name":"Scrap Ooze","player_choice":"success","floor":3,"damage_taken":3},{"event_name":"World of Goop","player_choice":"Left","floor":12,"damage_taken":0},{"event_name":"Golden Idol","player_choice":"Lose Max HP","floor":13,"damage_taken":0}],"is_beta":false,"boss_relics":[],"items_purged_floors":[],"is_endless":false,"potions_floor_spawned":[2,4,5,8],"killed_by":"Hexaghost","ascension_level":0}