{"path_per_floor":["M","$","?","M","?","E","$","M","T","E","R","M","$","M","R","B",null,"M","?","M","$","T","E","M","R","T","?","$","M","M","E","R"],"character_chosen":"IRONCLAD","items_purchased":["Perfected Strike","Singing Bowl","Lantern","Paper Frog"],"gold_per_floor":[366,319,319,334,334,365,365,382,382,414,414,433,133,147,147,243,243,256,256,272,14,14,39,58,58,81,81,81,96,113,140,140,140],"floor_reached":33,"campfire_rested":2,"playtime":1108,"item_purchase_floors":[],"current_hp_per_floor":[72,72,72,71,71,45,45,51,51,21,42,48,48,48,48,54,74,74,58,49,49,49,25,24,48,48,48,48,54,51,50,50,0],"items_purged":[],"gold":140,"score":370,"play_id":"a0f9cba3-902b-4f70-a493-5ee15643cee4","local_time":"20180619234344","is_prod":false,"is_daily":false,"chose_seed":false,"is_ascension_mode":false,"campfire_upgraded":2,"win_rate":0,"timestamp":1529441024,"campfire_choices":[{"floor":11.0,"key":"REST"},{"data":"Bash","floor":15.0,"key":"SMITH"},{"floor":25.0,"key":"REST"},{"data":"Whirlwind","floor":32,"key":"SMITH"}],"path_taken":["M","$","?","?","?","E","?","M","T","E","R","M","$","M","R","BOSS","M","?","M","$","?","E","M","R","T","?","$","?","M","E","R","BOSS"],"build_version":"2018-06-14v2","seed_source_timestamp":367921344259609,"purchased_purges":0,"victory":false,"master_deck":["Strike_R","Strike_R","Strike_R","Strike_R","Strike_R","Defend_R","Defend_R","Defend_R","Defend_R","Bash+1","Shrug It Off","Perfected Strike","Perfected Strike","Twin Strike","Immolate","Shrug It Off","Reaper","Shrug It Off+1","Bash","Twin Strike","Whirlwind+1"],"max_hp_per_floor":[72,72,72,72,72,72,72,72,72,72,72,72,72,74,74,74,74,74,74,76,76,76,78,80,80,80,80,80,80,80,96,96,96],"special_seed":0,"relics":["Burning Blood","Happy Flower","Toolbox","Dodecahedron","Singing Bowl","Lantern","Black Star","Nilry\u0027s Codex","Paper Frog","Shuriken","Art of War","Bag of Preparation","Oddly Smooth Stone","Mango","Red Skull"],"card_choices":[{"not_picked":["Sword Boomerang","Clash"],"picked":"Shrug It Off","floor":1.0},{"not_picked":["Warcry","Cleave"],"picked":"Perfected Strike","floor":4.0},{"not_picked":["Uppercut","Anger"],"picked":"Twin Strike","floor":6.0},{"not_picked":["Thunderclap","Clash"],"picked":"Immolate","floor":8.0},{"not_picked":["Feel No Pain","Berserk"],"picked":"Shrug It Off","floor":10.0},{"not_picked":["Sword Boomerang","Headbutt","Rampage"],"picked":"SKIP","floor":12.0},{"not_picked":["Carnage","Rampage","Headbutt"],"picked":"Singing Bowl","floor":14.0},{"not_picked":["Bludgeon","Barricade"],"picked":"Reaper","floor":16.0},{"not_picked":["Iron Wave+1","Carnage+1"],"picked":"Shrug It Off+1","floor":18.0},{"not_picked":["Dropkick+1","Body Slam","Hemokinesis"],"picked":"Singing Bowl","floor":20.0},{"not_picked":["Iron Wave+1","True Grit+1","Shrug It Off"],"picked":"Singing Bowl","floor":23.0},{"not_picked":["Anger","Carnage","Rage"],"picked":"Singing Bowl","floor":24.0},{"not_picked":["Reckless Charge","Shockwave"],"picked":"Twin Strike","floor":29.0},{"not_picked":["Perfected Strike","Headbutt"],"picked":"Whirlwind","floor":30.0},{"not_picked":["Entrench","Juggernaut","Dark Embrace"],"picked":"Singing Bowl","floor":31}],"player_experience":149023,"potions_floor_usage":[31,33],"damage_taken":[{"damage":6.0,"enemies":"Cultist","floor":1.0,"turns":3.0},{"damage":7.0,"enemies":"Small Slimes","floor":4.0,"turns":3.0},{"damage":32.0,"enemies":"3 Sentries","floor":6.0,"turns":7.0},{"damage":0.0,"enemies":"2 Louse","floor":8.0,"turns":3.0},{"damage":36.0,"enemies":"Lagavulin","floor":10.0,"turns":4.0},{"damage":0.0,"enemies":"Looter","floor":12.0,"turns":2.0},{"damage":8.0,"enemies":"Exordium Wildlife","floor":14.0,"turns":3.0},{"damage":0.0,"enemies":"Slime Boss","floor":16.0,"turns":8.0},{"damage":0.0,"enemies":"Chosen","floor":18.0,"turns":2.0},{"damage":18.0,"enemies":"Shell Parasite","floor":20.0,"turns":5.0},{"damage":32.0,"enemies":"Slavers","floor":23.0,"turns":5.0},{"damage":16.0,"enemies":"Centurion and Healer","floor":24.0,"turns":9.0},{"damage":0.0,"enemies":"Snake Plant","floor":29.0,"turns":2.0},{"damage":9.0,"enemies":"Snecko","floor":30.0,"turns":3.0},{"damage":23,"enemies":"Book of Stabbing","floor":31,"turns":7},{"damage":101,"enemies":"Collector","floor":33,"turns":9}],"relics_obtained":[{"floor":6.0,"key":"Happy Flower"},{"floor":9.0,"key":"Toolbox"},{"floor":10.0,"key":"Dodecahedron"},{"floor":19.0,"key":"Nilry\u0027s Codex"},{"floor":22.0,"key":"Shuriken"},{"floor":23.0,"key":"Art of War"},{"floor":23.0,"key":"Bag of Preparation"},{"floor":26.0,"key":"Oddly Smooth Stone"},{"floor":31,"key":"Mango"},{"floor":31,"key":"Red Skull"}],"event_choices":[{"event_name":"The Cleric","player_choice":"Leave","floor":3.0,"damage_taken":0.0},{"event_name":"Golden Wing","player_choice":"Ignored","floor":5.0,"damage_taken":0.0},{"event_name":"Cursed Tome","player_choice":"Obtained Book","floor":19.0,"damage_taken":0.0},{"event_name":"Match and Keep!","player_choice":"1 cards matched","floor":27.0,"damage_taken":0.0}],"boss_relics":[{"not_picked":["Calling Bell","Lizard Tail"],"picked":"Black Star"}],"items_purged_floors":[],"is_endless":false,"potions_floor_spawned":[6,12,14,20,29],"seed_played":"-8843560760057154775","killed_by":"Collector","ascension_level":0,"potions_obtained":[{"floor":6.0,"key":"SkillPotion"},{"floor":12.0,"key":"SteroidPotion"},{"floor":14.0,"key":"SpeedPotion"},{"floor":20.0,"key":"Dexterity Potion"},{"floor":29.0,"key":"Regen Potion"}],"is_trial":false}