{"gold_per_floor":[119,194,119,134,49,49,81,81,104,123,137,137,137,154,154,259,259,272,116,116,131,144,144,159,188,215,235,235,268,268,288,288,391,391,407,425,112,130,148,174,174,174,201,215,232,285,295,81,81,81],"floor_reached":51,"playtime":1490,"items_purged":["Shame"],"score":746,"play_id":"541c5cef-a75c-49e0-a08f-1cbcc1cc101f","local_time":"20180908073318","is_ascension_mode":false,"campfire_choices":[{"data":"Defragment","floor":6.0,"key":"SMITH"},{"data":"Tempest","floor":8.0,"key":"SMITH"},{"data":"Dualcast","floor":13.0,"key":"SMITH"},{"data":"Defragment","floor":15.0,"key":"SMITH"},{"floor":28,"key":"REST"},{"floor":30,"key":"REST"},{"floor":32,"key":"REST"},{"floor":41,"key":"REST"},{"floor":49,"key":"REST"}],"neow_cost":"CURSE","seed_source_timestamp":13604824189021,"circlet_count":0,"master_deck":["Strike_B","Strike_B","Strike_B","Strike_B","Defend_B","Defend_B","Defend_B","Defend_B","Zap+1","Dualcast+1","Leap","Defragment+1","Conserve Battery","Tempest+1","Ball Lightning","Defragment+1","Electrodynamics","Conserve Battery","Hologram","Leap","Machine Learning","Defragment+1","Thunder Strike","BootSequence+1","Auto Shields","Hologram+1","Defragment"],"special_seed":0,"relics":["Cracked Core","Thread and Needle","Bag of Preparation","Juzu Bracelet","Fusion Hammer","Blood Vial","Blue Candle","Anchor","Gremlin Horn","Busted Crown","Cables","Centennial Puzzle","Bag of Marbles","Pocketwatch","Art of War"],"potions_floor_usage":[38,40,40],"damage_taken":[{"damage":0.0,"enemies":"Jaw Worm","floor":1.0,"turns":3.0},{"damage":0.0,"enemies":"Cultist","floor":4.0,"turns":4.0},{"damage":11.0,"enemies":"Lagavulin","floor":7.0,"turns":7.0},{"damage":0.0,"enemies":"Small Slimes","floor":10.0,"turns":4.0},{"damage":20.0,"enemies":"Gremlin Gang","floor":11.0,"turns":5.0},{"damage":0.0,"enemies":"Looter","floor":14.0,"turns":2.0},{"damage":1.0,"enemies":"Hexaghost","floor":16.0,"turns":7.0},{"damage":0,"enemies":"Chosen","floor":18,"turns":3},{"damage":9,"enemies":"2 Thieves","floor":21,"turns":2},{"damage":2,"enemies":"Centurion and Healer","floor":22,"turns":3},{"damage":0,"enemies":"Snake Plant","floor":24,"turns":2},{"damage":14,"enemies":"Book of Stabbing","floor":25,"turns":4},{"damage":0,"enemies":"Snecko","floor":27,"turns":4},{"damage":16,"enemies":"Gremlin Leader","floor":29,"turns":4},{"damage":4,"enemies":"Shelled Parasite and Fungi","floor":31,"turns":3},{"damage":16,"enemies":"Collector","floor":33,"turns":5},{"damage":0,"enemies":"3 Darklings","floor":35,"turns":2},{"damage":0,"enemies":"3 Shapes","floor":36,"turns":2},{"damage":8,"enemies":"Maw","floor":38,"turns":5},{"damage":0,"enemies":"3 Darklings","floor":39,"turns":3},{"damage":26,"enemies":"2 Orb Walkers","floor":40,"turns":5},{"damage":0,"enemies":"Transient","floor":44,"turns":5},{"damage":0,"enemies":"Reptomancer","floor":45,"turns":5},{"damage":0,"enemies":"Mysterious Sphere","floor":46,"turns":3},{"damage":0,"enemies":"3 Darklings","floor":47,"turns":2},{"damage":12,"enemies":"Donu and Deca","floor":50,"turns":7}],"seed_played":"2688458942276023416","potions_obtained":[{"floor":1.0,"key":"Regen Potion"},{"floor":10.0,"key":"SkillPotion"},{"floor":11.0,"key":"Strength Potion"},{"floor":16,"key":"Swift Potion"},{"floor":38,"key":"Regen Potion"},{"floor":39,"key":"Block Potion"},{"floor":44,"key":"LiquidBronze"},{"floor":45,"key":"FearPotion"}],"is_trial":false,"path_per_floor":["M","?","$","M","$","R","E","R","T","M","M","?","R","M","R","B",null,"M","$","?","M","M","?","M","E","T","M","R","E","R","M","R","B",null,"M","M","$","M","M","E","R","$","T","M","M","?","M","$","R","B"],"character_chosen":"DEFECT","items_purchased":["Defragment","Conserve Battery","Blood Vial","Cables","Auto Shields","Defragment","Art of War"],"campfire_rested":5,"item_purchase_floors":[5,5,19,37,37,48,48],"current_hp_per_floor":[75,68,68,68,68,68,57,57,57,57,37,37,37,37,37,36,75,75,75,75,66,66,66,68,56,56,58,75,59,75,71,75,59,75,75,75,75,67,69,45,67,67,67,69,71,73,75,75,75,63],"gold":81,"neow_bonus":"ONE_RARE_RELIC","is_prod":false,"is_daily":false,"chose_seed":false,"campfire_upgraded":4,"win_rate":0,"timestamp":1536381198,"path_taken":["M","?","$","M","$","R","E","R","T","M","M","?","R","M","R","BOSS","BOSS","M","$","?","M","M","?","M","E","T","M","R","E","R","M","R","BOSS","M","M","$","M","M","E","R","$","T","M","M","?","M","$","R","BOSS"],"build_version":"2018-09-06","purchased_purges":1,"victory":true,"max_hp_per_floor":[75,75,75,75,75,75,75,75,75,75,75,75,75,75,75,75,75,75,75,75,75,75,75,75,75,75,75,75,75,75,75,75,75,75,75,75,75,75,75,75,75,75,75,75,75,75,75,75,75,75],"card_choices":[{"not_picked":["Streamline","Steam"],"picked":"Leap","floor":1.0},{"not_picked":["Sweeping Beam","Glacier","Cold Snap"],"picked":"SKIP","floor":4.0},{"not_picked":["Double Energy","Biased Cognition"],"picked":"Tempest","floor":7.0},{"not_picked":["Sweeping Beam","Beam Cell"],"picked":"Ball Lightning","floor":10.0},{"not_picked":["Chill","Ball Lightning","Redo"],"picked":"SKIP","floor":11.0},{"not_picked":["Storm","Ball Lightning"],"picked":"Defragment","floor":14.0},{"not_picked":["Buffer","Seek"],"picked":"Electrodynamics","floor":16},{"not_picked":["Barrage+1","Rip and Tear+1","Blizzard"],"picked":"SKIP","floor":18},{"not_picked":["Blizzard","Coolheaded"],"picked":"Conserve Battery","floor":21},{"not_picked":["Compile Driver","Ball Lightning","Rainbow"],"picked":"SKIP","floor":22},{"not_picked":["Chill","Rebound"],"picked":"Hologram","floor":24},{"not_picked":["Streamline+1","Self Repair"],"picked":"Leap","floor":25},{"not_picked":["Skim","Compile Driver","Redo"],"picked":"SKIP","floor":27},{"not_picked":["Gash","Leap"],"picked":"Machine Learning","floor":29},{"not_picked":["Rip and Tear","Hello World"],"picked":"Defragment+1","floor":31},{"not_picked":["Biased Cognition","Multi-Cast"],"picked":"Thunder Strike","floor":33},{"not_picked":[],"picked":"BootSequence+1","floor":35},{"not_picked":["Cold Snap+1"],"picked":"SKIP","floor":36},{"not_picked":["Go for the Eyes"],"picked":"SKIP","floor":38},{"not_picked":[],"picked":"Hologram+1","floor":39},{"not_picked":["Coolheaded+1"],"picked":"SKIP","floor":40},{"not_picked":["Streamline+1"],"picked":"SKIP","floor":44},{"not_picked":["Stack"],"picked":"SKIP","floor":45},{"not_picked":["Stack+1"],"picked":"SKIP","floor":47}],"player_experience":343353,"relics_obtained":[{"floor":7.0,"key":"Bag of Preparation"},{"floor":9.0,"key":"Juzu Bracelet"},{"floor":25,"key":"Blue Candle"},{"floor":26,"key":"Anchor"},{"floor":29,"key":"Gremlin Horn"},{"floor":40,"key":"Centennial Puzzle"},{"floor":43,"key":"Bag of Marbles"},{"floor":46,"key":"Pocketwatch"}],"event_choices":[{"event_name":"FaceTrader","player_choice":"Touch","floor":2.0,"damage_taken":0.0},{"event_name":"Living Wall","player_choice":"Grow","floor":12.0,"damage_taken":0.0},{"event_name":"Match and Keep!","player_choice":"0 cards matched","floor":20,"damage_taken":0},{"event_name":"Beggar","player_choice":"Ignored","floor":23,"damage_taken":0},{"event_name":"Mysterious Sphere","player_choice":"Fight","floor":46,"damage_taken":0}],"is_beta":false,"boss_relics":[{"not_picked":["Pandora\u0027s Box","Runic Dome"],"picked":"Fusion Hammer"},{"not_picked":["Eternal Feather","Snecko Eye"],"picked":"Busted Crown"}],"items_purged_floors":[3],"is_endless":false,"potions_floor_spawned":[1,10,11,16,18,21,22,27,29,33,38,39,44,45,46],"ascension_level":0}