{"path_per_floor":["M","M","$","M","?","E","R","$","T","R","E","M","?","M","R","B",null,"M","M","$","M","M","R","M","?","T","M","?","$","R","M","R","B",null,"M","?","?","$","M","R","?","R","T","M","R","E","M"],"character_chosen":"THE_SILENT","items_purchased":["Footwork","Caltrops","Blood Vial"],"gold_per_floor":[118,135,23,34,34,62,62,62,62,62,87,106,106,119,119,217,217,229,247,107,122,136,136,150,183,183,196,196,52,52,70,70,169,169,181,181,181,56,68,68,290,290,290,309,309,342,355],"floor_reached":48,"campfire_rested":5,"playtime":6455,"current_hp_per_floor":[69,64,64,64,57,40,40,40,40,61,52,52,45,45,66,24,70,59,53,53,39,26,47,29,24,24,28,28,28,42,48,48,49,49,49,49,49,49,15,39,39,49,49,46,49,19,17],"items_purged":["Defend_G","Strike_G","Grand Finale"],"gold":355,"score":448,"play_id":"77548f84-37a5-4322-9e69-ce9b24a9f4fc","is_prod":false,"is_daily":false,"is_ascension_mode":false,"campfire_upgraded":4,"path_taken":["M","M","$","M","?","E","R","$","T","R","E","M","?","M","R","BOSS","M","M","$","M","M","R","M","?","T","?","?","$","R","M","R","BOSS","M","?","?","$","M","R","?","R","T","M","R","E","M","M"],"build_version":"2018-02-08-BETA1","purchased_purges":3,"victory":false,"master_deck":["Defend_G","Defend_G","Defend_G","Defend_G","Survivor","Neutralize+1","Acrobatics","Footwork","Footwork+1","Footwork+1","Dash","Prepared","Dodge and Roll","After Image","Dagger Spray","Deflect","Slice","Terror","Flying Knee+1","Predator","Caltrops","Prepared+1","Backflip+1","Bite","Bite","Bite","Bite","A Thousand Cuts+1","Reflex+1"],"max_hp_per_floor":[70,70,70,70,70,70,70,70,70,70,70,70,70,70,70,70,70,70,70,70,70,70,70,70,70,70,70,49,49,49,49,49,49,49,49,49,49,49,49,49,49,49,49,49,49,49,49],"relics":["Ring of the Snake","Pen Nib","Whetstone","Ice Cream","Vajra","Orrery","Red Mask","Bird Faced Urn","Blood Vial","Eternal Feather","Toxic Egg 2","Smiling Mask"],"card_choices":[{"not_picked":["PiercingWail","Deadly Poison"],"picked":"Acrobatics"},{"not_picked":["Acrobatics","Bane"],"picked":"Footwork"},{"not_picked":["Die Die Die","Poisoned Stab"],"picked":"Footwork"},{"not_picked":["Setup","Prepared"],"picked":"Dash"},{"not_picked":["Slice","Skewer"],"picked":"Prepared"},{"not_picked":["Bane","Deflect"],"picked":"Dodge and Roll"},{"not_picked":["Corpse Explosion","Grand Finale"],"picked":"After Image"},{"not_picked":["Quick Slash","Dodge and Roll"],"picked":"Dagger Spray"},{"not_picked":["Outmaneuver","Infinite Blades"],"picked":"Deflect"},{"not_picked":["Endless Agony","Sucker Punch"],"picked":"Slice"},{"not_picked":["Prepared","Dash"],"picked":"Terror"},{"not_picked":["Footwork","Well Laid Plans"],"picked":"Flying Knee"},{"not_picked":["Reflex","Choke"],"picked":"Predator"},{"not_picked":["Outmaneuver","Slice"],"picked":"Prepared"},{"not_picked":["Eviscerate","Bane"],"picked":"Backflip"},{"not_picked":["Corpse Explosion","Die Die Die"],"picked":"A Thousand Cuts"},{"not_picked":["Slice","Dodge and Roll"],"picked":"Reflex"}],"player_experience":333737,"potions_floor_usage":[6,11,16,25,25,27,39,46],"damage_taken":[{"damage":1,"enemies":"2 Louse","floor":1,"turns":5},{"damage":5,"enemies":"Small Slimes","floor":2,"turns":4},{"damage":0,"enemies":"Cultist","floor":4,"turns":4},{"damage":17,"enemies":"Lagavulin","floor":6,"turns":12},{"damage":9,"enemies":"3 Sentries","floor":11,"turns":7},{"damage":0,"enemies":"Looter","floor":12,"turns":4},{"damage":0,"enemies":"Red Slaver","floor":14,"turns":4},{"damage":42,"enemies":"Hexaghost","floor":16,"turns":16},{"damage":11,"enemies":"Spheric Guardian","floor":18,"turns":4},{"damage":6,"enemies":"Shell Parasite","floor":19,"turns":7},{"damage":14,"enemies":"Snake Plant","floor":21,"turns":5},{"damage":13,"enemies":"Centurion and Healer","floor":22,"turns":7},{"damage":18,"enemies":"Chosen and Byrds","floor":24,"turns":5},{"damage":5,"enemies":"Masked Bandits","floor":25,"turns":8},{"damage":6,"enemies":"3 Cultists","floor":27,"turns":7},{"damage":11,"enemies":"Snake Plant","floor":31,"turns":5},{"damage":19,"enemies":"Champ","floor":33,"turns":15},{"damage":9,"enemies":"Flame Bruiser 1 Orb","floor":35,"turns":11},{"damage":51,"enemies":"3 Darklings","floor":39,"turns":9},{"damage":19,"enemies":"4 Shapes","floor":44,"turns":5},{"damage":40,"enemies":"Giant Head","floor":46,"turns":13},{"damage":26,"enemies":"Spire Growth","floor":47,"turns":9},{"damage":47,"enemies":"Flame Bruiser 2 Orb","floor":48,"turns":2}],"event_choices":[{"event_name":"Scrap Ooze","player_choice":"success","floor":5,"damage_taken":7},{"event_name":"Golden Wing","player_choice":"Card Removal","floor":13,"damage_taken":0},{"event_name":"Masked Bandits","player_choice":"Fought over 150 gold","floor":25,"damage_taken":0},{"event_name":"Vampires","player_choice":"Became a vampire","floor":28,"damage_taken":0},{"event_name":"Upgrade Shrine","player_choice":"Upgraded","floor":37,"damage_taken":0},{"event_name":"Tomb of Lord Red Mask","player_choice":"Wore Mask","floor":41,"damage_taken":0}],"boss_relics":[{"not_picked":["Cursed Key","Runic Pyramid"],"picked":"Orrery"},{"not_picked":["Black Star","Pandora\u0027s Box"],"picked":"Eternal Feather"}],"potions_floor_spawned":[4,6,11,16,21,24,25,27,44],"seed_played":"2873760912342228793","killed_by":"Flame Bruiser 2 Orb","ascension_level":0,"is_trial":false}