{"gold_per_floor":[110,41,59,59,59,59,69,81,81,81,96,96,131,151,151,151],"floor_reached":16,"playtime":417,"items_purged":[],"score":112,"play_id":"53344162-837d-451d-8ff8-8da51f5f57b9","local_time":"20181010052741","is_ascension_mode":true,"campfire_choices":[{"data":"Zap","floor":6,"key":"SMITH"},{"data":"Defragment","floor":10,"key":"SMITH"},{"data":"Defragment","floor":12,"key":"SMITH"},{"data":"Dualcast","floor":15,"key":"SMITH"}],"neow_cost":"NONE","seed_source_timestamp":179911050309105,"circlet_count":0,"master_deck":["Strike_B+1","Strike_B","Strike_B","Strike_B","Defend_B","Defend_B","Defend_B","Defend_B","Zap+1","Dualcast+1","Steam","Reboot","Self Repair+1","Defragment+1","BootSequence","Defragment+1","Conserve Battery"],"relics":["Cracked Core","Ornamental Fan","Meat on the Bone"],"potions_floor_usage":[8,11,16],"damage_taken":[{"damage":3,"enemies":"Jaw Worm","floor":1,"turns":3},{"damage":3,"enemies":"Small Slimes","floor":3,"turns":3},{"damage":0,"enemies":"Cultist","floor":7,"turns":3},{"damage":8,"enemies":"3 Louse","floor":8,"turns":2},{"damage":3,"enemies":"Exordium Thugs","floor":11,"turns":3},{"damage":16,"enemies":"Lagavulin","floor":13,"turns":8},{"damage":2,"enemies":"Large Slime","floor":14,"turns":6},{"damage":66,"enemies":"Slime Boss","floor":16,"turns":10}],"seed_played":"-2936319881580926346","potions_obtained":[{"floor":3,"key":"AttackPotion"},{"floor":7,"key":"AttackPotion"},{"floor":14,"key":"Block Potion"}],"is_trial":false,"path_per_floor":["M","$","M","$","?","R","M","M","T","R","M","R","E","M","R"],"character_chosen":"DEFECT","items_purchased":["Reboot"],"campfire_rested":0,"item_purchase_floors":[2],"current_hp_per_floor":[72,72,69,69,54,54,54,46,46,46,53,53,47,55,55,0],"gold":151,"neow_bonus":"THREE_CARDS","is_prod":false,"is_daily":false,"chose_seed":false,"campfire_upgraded":4,"win_rate":0,"timestamp":1539138461,"path_taken":["M","$","M","$","?","R","M","M","T","R","M","R","E","M","R","BOSS"],"build_version":"2018-10-04v2","purchased_purges":0,"victory":false,"max_hp_per_floor":[75,75,75,75,75,75,75,75,75,75,75,75,75,75,75,75],"card_choices":[{"not_picked":["Beam Cell","Coolheaded"],"picked":"Steam","floor":0},{"not_picked":["Hologram","Undo","Go for the Eyes"],"picked":"SKIP","floor":1},{"not_picked":["Undo","Go for the Eyes"],"picked":"Self Repair","floor":3},{"not_picked":["Cold Snap","Ball Lightning"],"picked":"Defragment","floor":7},{"not_picked":["Aggregate","Hologram"],"picked":"BootSequence","floor":8},{"not_picked":["Force Field","Sweeping Beam"],"picked":"Defragment","floor":11},{"not_picked":["Go for the Eyes","Chill"],"picked":"Conserve Battery","floor":13},{"not_picked":["Reprogram","All For One","Beam Cell"],"picked":"SKIP","floor":14}],"player_experience":385067,"relics_obtained":[{"floor":9,"key":"Ornamental Fan"},{"floor":13,"key":"Meat on the Bone"}],"event_choices":[{"event_name":"Shining Light","player_choice":"Entered Light","floor":5,"damage_taken":0}],"is_beta":false,"boss_relics":[],"items_purged_floors":[],"is_endless":false,"potions_floor_spawned":[3,7,14],"killed_by":"Slime Boss","ascension_level":2}