{"gold_per_floor":[110,127,139,153,172,200,200,227,227,227,227,238,249,266,266,368,368,388,406,420,433,16,16,46,46,46,64,64,94,112,112,112,209,209,222,241,288,129,129,129,129,143,167,178,191,209,209,220,220,220],"floor_reached":51,"playtime":1465,"items_purged":[],"score":757,"play_id":"d43910c3-d7e5-48cd-8cab-5acbdc613da9","local_time":"20180727115029","is_ascension_mode":false,"campfire_choices":[{"data":"Armaments","floor":7,"key":"SMITH"},{"data":"Spot Weakness","floor":10,"key":"SMITH"},{"data":"Sword Boomerang","floor":15,"key":"SMITH"},{"data":"Apotheosis","floor":23,"key":"SMITH"},{"floor":25,"key":"REST"},{"floor":28,"key":"REST"},{"data":"Inflame","floor":32,"key":"SMITH"},{"data":"Offering","floor":40,"key":"SMITH"},{"data":"Bash","floor":47,"key":"SMITH"},{"floor":49,"key":"REST"}],"neow_cost":"NONE","seed_source_timestamp":55413632544740,"circlet_count":0,"master_deck":["Strike_R","Strike_R","Strike_R","Strike_R","Strike_R","Defend_R","Defend_R","Defend_R","Defend_R","Bash+1","Spot Weakness+1","Sword Boomerang","Armaments+1","Thunderclap","Sword Boomerang+1","Seeing Red","Shrug It Off+1","Apotheosis+1","Inflame+1","Injury","Rage+1","Feed","Offering+1","Regret"],"relics":["Burning Blood","NeowsBlessing","Potion Belt","Ornamental Fan","Blood Vial","Cursed Key","Orichalcum","Bag of Preparation","Bird Faced Urn","Letter Opener","Meat on the Bone","White Beast Statue","Du-Vu Doll","Strawberry"],"potions_floor_usage":[6,16,21,24,24,33,50,50,50],"damage_taken":[{"damage":0,"enemies":"Small Slimes","floor":1,"turns":1},{"damage":0,"enemies":"Cultist","floor":2,"turns":1},{"damage":0,"enemies":"2 Louse","floor":3,"turns":1},{"damage":10,"enemies":"2 Fungi Beasts","floor":4,"turns":4},{"damage":0,"enemies":"Large Slime","floor":5,"turns":4},{"damage":31,"enemies":"Lagavulin","floor":6,"turns":5},{"damage":17,"enemies":"3 Sentries","floor":8,"turns":7},{"damage":7,"enemies":"3 Louse","floor":12,"turns":2},{"damage":7,"enemies":"Blue Slaver","floor":13,"turns":3},{"damage":6,"enemies":"Looter","floor":14,"turns":2},{"damage":23,"enemies":"The Guardian","floor":16,"turns":8},{"damage":13,"enemies":"Shell Parasite","floor":18,"turns":3},{"damage":20,"enemies":"Spheric Guardian","floor":19,"turns":5},{"damage":27,"enemies":"Cultist and Chosen","floor":20,"turns":7},{"damage":15,"enemies":"Centurion and Healer","floor":21,"turns":4},{"damage":33,"enemies":"Slavers","floor":24,"turns":4},{"damage":12,"enemies":"Chosen and Byrds","floor":27,"turns":5},{"damage":19,"enemies":"Book of Stabbing","floor":29,"turns":5},{"damage":4,"enemies":"Cultist and Chosen","floor":30,"turns":3},{"damage":54,"enemies":"Collector","floor":33,"turns":9},{"damage":14,"enemies":"Orb Walker","floor":35,"turns":3},{"damage":0,"enemies":"3 Shapes","floor":36,"turns":5},{"damage":34,"floor":37,"turns":5},{"damage":16,"floor":39,"turns":5},{"damage":8,"enemies":"Sphere and 2 Shapes","floor":42,"turns":4},{"damage":11,"enemies":"4 Shapes","floor":44,"turns":4},{"damage":20,"enemies":"Flame Bruiser 2 Orb","floor":45,"turns":4},{"damage":22,"enemies":"Sphere and 2 Shapes","floor":46,"turns":4},{"damage":15,"enemies":"Transient","floor":48,"turns":5},{"damage":82,"enemies":"Time Eater","floor":50,"turns":8}],"seed_played":"7562009731526872425","potions_obtained":[{"floor":2,"key":"SteroidPotion"},{"floor":3,"key":"Dexterity Potion"},{"floor":12,"key":"PowerPotion"},{"floor":14,"key":"Fire Potion"},{"floor":19,"key":"Swift Potion"},{"floor":20,"key":"Swift Potion"},{"floor":29,"key":"SteroidPotion"},{"floor":35,"key":"Block Potion"},{"floor":36,"key":"Weak Potion"},{"floor":37,"key":"GamblersBrew"},{"floor":39,"key":"LiquidBronze"},{"floor":42,"key":"Strength Potion"},{"floor":44,"key":"Strength Potion"}],"is_trial":false,"path_per_floor":["M","M","M","M","M","E","R","E","T","R","$","M","M","M","R","B",null,"M","M","M","M","$","R","E","R","T","M","R","E","M","?","R","B",null,"M","M","?","$","?","R","?","M","T","M","M","M","R","M","R","B"],"character_chosen":"IRONCLAD","items_purchased":["Apotheosis","Orichalcum","Inflame","Offering"],"campfire_rested":3,"item_purchase_floors":[22,22,22,38],"current_hp_per_floor":[80,80,80,76,80,55,55,44,44,44,44,45,46,48,48,33,80,73,61,42,35,35,35,10,34,34,32,56,47,53,53,53,21,80,76,88,64,64,58,58,58,63,70,73,63,67,67,62,95,35],"gold":220,"neow_bonus":"THREE_ENEMY_KILL","is_prod":false,"is_daily":false,"chose_seed":false,"campfire_upgraded":7,"win_rate":0,"timestamp":1532681429,"path_taken":["M","M","M","M","M","E","R","E","T","R","$","M","M","M","R","BOSS","M","M","M","M","$","R","E","R","T","M","R","E","M","?","R","BOSS","M","M","?","$","?","R","?","M","T","M","M","?","R","M","R","BOSS"],"build_version":"2018-07-26","purchased_purges":0,"victory":true,"max_hp_per_floor":[80,80,80,80,80,80,80,80,80,80,80,80,80,80,80,80,80,80,80,80,80,80,80,80,80,80,80,80,80,80,80,80,80,80,84,88,92,92,92,92,92,95,102,106,106,110,110,110,110,110],"card_choices":[{"not_picked":["Perfected Strike","Feel No Pain"],"picked":"Spot Weakness","floor":1},{"not_picked":["Rupture","Wild Strike"],"picked":"Sword Boomerang","floor":2},{"not_picked":["Cleave","Pommel Strike","True Grit"],"picked":"SKIP","floor":3},{"not_picked":["Cleave","Fiend Fire","Perfected Strike"],"picked":"SKIP","floor":4},{"not_picked":["Evolve","Pommel Strike","Pummel"],"picked":"SKIP","floor":5},{"not_picked":["Heavy Blade","Wild Strike"],"picked":"Armaments","floor":6},{"not_picked":["Disarm","Heavy Blade"],"picked":"Thunderclap","floor":8},{"not_picked":["True Grit","Power Through"],"picked":"Sword Boomerang","floor":12},{"not_picked":["Flame Barrier","Entrench"],"picked":"Seeing Red","floor":13},{"not_picked":["Headbutt","Armaments","Exhume"],"picked":"SKIP","floor":14},{"not_picked":["Blood for Blood","Sword Boomerang"],"picked":"Shrug It Off+1","floor":18},{"not_picked":["Headbutt+1","Iron Wave","Pommel Strike"],"picked":"SKIP","floor":19},{"not_picked":["Metallicize","Hemokinesis+1","Power Through"],"picked":"SKIP","floor":20},{"not_picked":["Metallicize","Blood for Blood","Thunderclap"],"picked":"SKIP","floor":21},{"not_picked":["Shockwave","Clash","Exhume"],"picked":"SKIP","floor":24},{"not_picked":["Shrug It Off","Flex+1","Heavy Blade+1"],"picked":"SKIP","floor":27},{"not_picked":["True Grit","Shrug It Off"],"picked":"Rage+1","floor":29},{"not_picked":["Entrench","Anger","Warcry+1"],"picked":"SKIP","floor":30},{"not_picked":["Dark Embrace","Berserk"],"picked":"Feed","floor":33},{"not_picked":["Pommel Strike+1","Perfected Strike+1","Armaments"],"picked":"SKIP","floor":35},{"not_picked":["Warcry+1","Wild Strike","True Grit"],"picked":"SKIP","floor":36},{"not_picked":["Warcry+1","Cleave","Havoc"],"picked":"SKIP","floor":42},{"not_picked":["Flex","Clothesline+1","Wild Strike"],"picked":"SKIP","floor":44},{"not_picked":["Uppercut+1","Heavy Blade+1","Body Slam+1"],"picked":"SKIP","floor":45},{"not_picked":["Intimidate+1","Reckless Charge","Armaments"],"picked":"SKIP","floor":46},{"not_picked":["Clash","Flex+1","Pommel Strike"],"picked":"SKIP","floor":48}],"player_experience":236002,"relics_obtained":[{"floor":6,"key":"Potion Belt"},{"floor":8,"key":"Ornamental Fan"},{"floor":9,"key":"Blood Vial"},{"floor":24,"key":"Bag of Preparation"},{"floor":26,"key":"Bird Faced Urn"},{"floor":29,"key":"Letter Opener"},{"floor":39,"key":"Du-Vu Doll"},{"floor":43,"key":"Strawberry"}],"event_choices":[{"event_name":"WeMeetAgain","player_choice":"Potion","floor":31,"damage_taken":0},{"event_name":"Mysterious Sphere","player_choice":"Fight","floor":37,"damage_taken":0},{"event_name":"MindBloom","player_choice":"Fight","floor":39,"damage_taken":0},{"event_name":"SecretPortal","player_choice":"Rejected Portal.","floor":41,"damage_taken":0}],"is_beta":false,"boss_relics":[{"not_picked":["Orrery","Black Blood"],"picked":"Cursed Key"},{"not_picked":["Calling Bell","Pandora\u0027s Box"],"picked":"White Beast Statue"}],"items_purged_floors":[],"is_endless":false,"potions_floor_spawned":[2,3,12,14,19,20,29,35,36,37,39,42,44,45,46,48],"ascension_level":0}