{"gold_per_floor":[112,122,137,149,164,189,189,218,218,251,326,326,5,21,21,124,124,124,124,49,49,49,49,49,49,49,49,49,49,49],"floor_reached":30,"playtime":1202,"items_purged":[],"score":299,"play_id":"d6eed99f-ef7d-4bac-82a6-57c5cddfb9e6","local_time":"20181228182426","is_ascension_mode":false,"campfire_choices":[{"data":"Defragment","floor":7.0,"key":"SMITH"},{"data":"Self Repair","floor":15.0,"key":"SMITH"},{"data":"Loop","floor":23,"key":"SMITH"},{"data":"Capacitor","floor":25,"key":"SMITH"}],"neow_cost":"NONE","seed_source_timestamp":309668583851283,"circlet_count":0,"master_deck":["Strike_B","Strike_B","Strike_B","Strike_B","Defend_B","Defend_B","Defend_B","Defend_B","Zap+1","Dualcast","Defragment+1","Leap","Ball Lightning","Loop+1","Steam","Leap","Self Repair+1","Stack","Go for the Eyes","Capacitor+1","Static Discharge"],"special_seed":0,"relics":["Cracked Core","Nunchaku","Blue Candle","Sundial","Bottled Lightning","Pear","Ectoplasm","Strawberry","Letter Opener"],"potions_floor_usage":[29],"damage_taken":[{"damage":1.0,"enemies":"Cultist","floor":1.0,"turns":3.0},{"damage":1.0,"enemies":"Jaw Worm","floor":2.0,"turns":4.0},{"damage":7.0,"enemies":"Small Slimes","floor":3.0,"turns":4.0},{"damage":3.0,"enemies":"Red Slaver","floor":4.0,"turns":5.0},{"damage":13.0,"enemies":"Lots of Slimes","floor":5.0,"turns":3.0},{"damage":14.0,"enemies":"Gremlin Nob","floor":6.0,"turns":3.0},{"damage":11.0,"enemies":"Lagavulin","floor":8.0,"turns":6.0},{"damage":8.0,"enemies":"3 Sentries","floor":10.0,"turns":5.0},{"damage":0.0,"enemies":"3 Louse","floor":14.0,"turns":3.0},{"damage":3.0,"enemies":"Hexaghost","floor":16.0,"turns":9.0},{"damage":15,"enemies":"Spheric Guardian","floor":18,"turns":4},{"damage":27,"enemies":"2 Thieves","floor":20,"turns":4},{"damage":12,"enemies":"Centurion and Healer","floor":22,"turns":8},{"damage":8,"enemies":"Snake Plant","floor":24,"turns":3},{"damage":44,"enemies":"Gremlin Leader","floor":27,"turns":10},{"damage":27,"enemies":"Sentry and Sphere","floor":28,"turns":7},{"damage":9,"enemies":"Centurion and Healer","floor":29,"turns":5},{"damage":20,"enemies":"Snake Plant","floor":30,"turns":3}],"seed_played":"9032863397247916818","potions_obtained":[{"floor":1.0,"key":"FocusPotion"},{"floor":5.0,"key":"Explosive Potion"},{"floor":6.0,"key":"Energy Potion"},{"floor":18,"key":"Energy Potion"},{"floor":28,"key":"Poison Potion"}],"is_trial":false,"path_per_floor":["M","M","M","M","M","E","R","E","T","E","?","?","$","M","R","B",null,"M","$","M","?","M","R","M","R","T","E","M","M","M"],"character_chosen":"DEFECT","items_purchased":["Pear","Self Repair"],"campfire_rested":0,"item_purchase_floors":[13,13],"current_hp_per_floor":[81,80,73,70,57,43,43,32,32,24,13,13,23,23,23,30,92,87,87,70,70,68,68,60,60,67,33,16,17,0],"gold":49,"neow_bonus":"TEN_PERCENT_HP_BONUS","is_prod":false,"is_daily":false,"chose_seed":false,"campfire_upgraded":4,"win_rate":0,"timestamp":1546014266,"path_taken":["M","M","M","M","M","E","R","E","T","E","?","?","$","M","R","BOSS","M","$","M","?","M","R","M","R","T","E","M","?","M"],"build_version":"2018-12-20","purchased_purges":0,"victory":false,"max_hp_per_floor":[82,82,82,82,82,82,82,82,82,82,82,82,92,92,92,92,92,92,92,92,92,92,92,92,92,99,99,99,99,99],"card_choices":[{"not_picked":["Gash","Rebound"],"picked":"Defragment","floor":1.0},{"not_picked":["Barrage","Turbo","Reinforced Body"],"picked":"SKIP","floor":2.0},{"not_picked":["Hello World","Coolheaded"],"picked":"Leap","floor":3.0},{"not_picked":["Redo","Stack"],"picked":"Ball Lightning","floor":4.0},{"not_picked":["Gash","Fission"],"picked":"Loop","floor":5.0},{"not_picked":["Scrape","Reprogram"],"picked":"Steam","floor":6.0},{"not_picked":["Compile Driver","Coolheaded"],"picked":"Leap","floor":8.0},{"not_picked":["Steam","Glacier","Hello World"],"picked":"SKIP","floor":10.0},{"not_picked":["Compile Driver","Aggregate","Sweeping Beam"],"picked":"SKIP","floor":14.0},{"not_picked":["Doom and Gloom+1","Rebound"],"picked":"Stack","floor":18},{"not_picked":["Redo","Coolheaded","Sunder"],"picked":"SKIP","floor":20},{"not_picked":["Steam Power","Gash"],"picked":"Go for the Eyes","floor":22},{"not_picked":["Darkness","Steam+1"],"picked":"Capacitor","floor":24},{"not_picked":["BootSequence","Recycle","Double Energy"],"picked":"SKIP","floor":27},{"not_picked":["Undo","Chaos+1","Stack"],"picked":"SKIP","floor":28},{"not_picked":["Beam Cell","Turbo"],"picked":"Static Discharge","floor":29}],"player_experience":532029,"relics_obtained":[{"floor":6.0,"key":"Nunchaku"},{"floor":8.0,"key":"Blue Candle"},{"floor":9.0,"key":"Sundial"},{"floor":10.0,"key":"Bottled Lightning"},{"floor":26,"key":"Strawberry"},{"floor":27,"key":"Letter Opener"}],"event_choices":[{"damage_healed":0.0,"max_hp_gain":0.0,"max_hp_loss":0.0,"gold_gain":75.0,"event_name":"World of Goop","player_choice":"Gather Gold","floor":11.0,"gold_loss":0.0,"damage_taken":11.0},{"damage_healed":0.0,"max_hp_gain":0.0,"max_hp_loss":0.0,"gold_gain":0.0,"event_name":"Living Wall","player_choice":"Grow","floor":12.0,"gold_loss":0.0,"damage_taken":0.0,"cards_upgraded":["Zap"]},{"damage_healed":0,"gold_gain":0,"player_choice":"Leave","damage_taken":0,"max_hp_gain":0,"max_hp_loss":0,"event_name":"FaceTrader","floor":21,"gold_loss":0}],"is_beta":false,"boss_relics":[{"not_picked":["Snecko Eye","Fusion Hammer"],"picked":"Ectoplasm"}],"items_purged_floors":[],"is_endless":false,"potions_floor_spawned":[1,5,6,18,28],"killed_by":"Snake Plant","ascension_level":0}