{"path_per_floor":["M","M","?","M","?","E","R","M","T","E","M","R","M","$","R","B",null,"M","M","M","$"],"character_chosen":"THE_SILENT","items_purchased":["Caltrops","Outmaneuver","Secret Weapon"],"gold_per_floor":[115,125,125,137,137,172,172,157,184,211,229,229,241,119,119,215,215,234,254,271,19],"floor_reached":22,"campfire_rested":2,"playtime":3722,"current_hp_per_floor":[70,70,56,56,56,23,23,23,23,12,12,33,29,29,50,18,70,56,55,38,38],"items_purged":["Strike_G"],"gold":19,"play_id":"f37dddc7-febd-4e99-a66b-177668a2badb","is_prod":false,"is_daily":false,"campfire_rituals":0,"campfire_upgraded":1,"is_hardmode":false,"path_taken":["M","M","?","M","?","E","R","M","T","E","M","R","M","$","R","BOSS","M","M","M","$","M"],"build_version":"2018-01-18-PROD4","purchased_purges":4,"victory":false,"master_deck":["Defend_G","Defend_G","Defend_G","Defend_G","Defend_G","Strike_G","Strike_G","Strike_G","Strike_G","Survivor","Neutralize","Skewer","Prepared","Dodge and Roll","All Out Attack","Noxious Fumes","Noxious Fumes","Dagger Spray","Acrobatics","Caltrops","Outmaneuver","After Image","Outmaneuver","Deadly Poison","Prepared","Secret Weapon"],"max_hp_per_floor":[70,70,70,70,70,70,70,70,70,70,70,70,70,70,70,70,70,70,70,70,70],"relics":["Ring of the Snake","Thread and Needle","Lantern","Bottled Lightning","Runic Pyramid"],"campfire_meditates":0,"card_choices":[{"not_picked":["Choke","Predator"],"picked":"Skewer"},{"not_picked":["Terror","Dagger Throw"],"picked":"Prepared"},{"not_picked":["Sucker Punch","Choke"],"picked":"Dodge and Roll"},{"not_picked":["Finisher","Night Terror"],"picked":"All Out Attack"},{"not_picked":["Terror","PiercingWail"],"picked":"Noxious Fumes"},{"not_picked":["Quick Slash","Acrobatics"],"picked":"Noxious Fumes"},{"not_picked":["Poisoned Stab","Glass Knife"],"picked":"Dagger Spray"},{"not_picked":["Endless Agony","Terror"],"picked":"Acrobatics"},{"not_picked":["Night Terror","Unload"],"picked":"After Image"},{"not_picked":["Dodge and Roll","Dagger Spray"],"picked":"Outmaneuver"},{"not_picked":["Malaise","Quick Slash"],"picked":"Deadly Poison"},{"not_picked":["Outmaneuver","Crippling Poison"],"picked":"Prepared"}],"player_experience":8124,"potions_floor_usage":[6,6],"damage_taken":[{"damage":0,"enemies":"Cultist","floor":1,"turns":5},{"damage":0,"enemies":"2 Louse","floor":2,"turns":2},{"damage":0,"enemies":"Jaw Worm","floor":4,"turns":3},{"damage":33,"enemies":"Lagavulin","floor":6,"turns":9},{"damage":0,"enemies":"Exordium Thugs","floor":8,"turns":4},{"damage":11,"enemies":"3 Sentries","floor":10,"turns":9},{"damage":0,"enemies":"Looter","floor":11,"turns":3},{"damage":4,"enemies":"Large Slime","floor":13,"turns":6},{"damage":32,"enemies":"Slime Boss","floor":16,"turns":10},{"damage":14,"enemies":"3 Byrds","floor":18,"turns":3},{"damage":1,"enemies":"Spheric Guardian","floor":19,"turns":7},{"damage":17,"enemies":"Snecko","floor":20,"turns":6},{"damage":51,"enemies":"Chosen and Byrds","floor":22,"turns":6}],"event_choices":[{"event_name":"Shining Light","player_choice":"Entered Light","floor":3,"damage_taken":0},{"event_name":"Golden Wing","player_choice":"Ignored","floor":5,"damage_taken":0}],"boss_relics":[{"not_picked":["Philosopher\u0027s Stone","Calling Bell"],"picked":"Runic Pyramid"}],"potions_floor_spawned":[1,2,13,18],"seed_played":"1411548584906401863","killed_by":"Chosen and Byrds","is_trial":false}