{"gold_per_floor":[118,118,128,138,87,104,104,138,207,221,174,194,229,40,40,135,135,153,153,173,20,33,33],"floor_reached":23,"playtime":895,"items_purged":[],"score":203,"play_id":"530b69ee-614e-4d96-92a3-d73d1b942779","local_time":"20181123015602","is_ascension_mode":false,"campfire_choices":[{"data":"Hologram","floor":7.0,"key":"SMITH"},{"data":"Hologram","floor":15.0,"key":"SMITH"}],"neow_cost":"NONE","seed_source_timestamp":108551142318934,"circlet_count":0,"master_deck":["Strike_B","Strike_B","Strike_B","Strike_B","Defend_B","Defend_B","Defend_B","Defend_B","Zap","Dualcast","Leap","Gash","Reprogram","Hologram+1","Gash","Hologram+1","Coolheaded","All For One","Conserve Battery","Core Surge","Steam","Self Repair","FTL","Genetic Algorithm"],"special_seed":0,"relics":["Cracked Core","Ancient Tea Set","Ice Cream","Pantograph","Orichalcum","Anchor","Busted Crown"],"potions_floor_usage":[23,23],"damage_taken":[{"damage":11.0,"enemies":"Jaw Worm","floor":1.0,"turns":3.0},{"damage":0.0,"enemies":"Cultist","floor":3.0,"turns":3.0},{"damage":0.0,"enemies":"2 Louse","floor":4.0,"turns":2.0},{"damage":7.0,"enemies":"Large Slime","floor":6.0,"turns":5.0},{"damage":21.0,"enemies":"Gremlin Nob","floor":8.0,"turns":4.0},{"damage":7.0,"enemies":"Blue Slaver","floor":10.0,"turns":4.0},{"damage":8.0,"enemies":"Exordium Thugs","floor":12.0,"turns":5.0},{"damage":13.0,"enemies":"Lagavulin","floor":13.0,"turns":8.0},{"damage":42.0,"enemies":"Hexaghost","floor":16.0,"turns":10.0},{"damage":12,"enemies":"Spheric Guardian","floor":18,"turns":4},{"damage":32,"enemies":"3 Byrds","floor":20,"turns":6},{"damage":16,"enemies":"Snecko","floor":22,"turns":6},{"damage":31,"enemies":"Slavers","floor":23,"turns":3}],"seed_played":"-7237352081408253447","potions_obtained":[{"floor":6.0,"key":"Fire Potion"},{"floor":8.0,"key":"SneckoOil"},{"floor":10.0,"key":"Regen Potion"},{"floor":13.0,"key":"Dexterity Potion"},{"floor":18,"key":"SteroidPotion"}],"is_trial":false,"path_per_floor":["M","?","M","M","$","M","R","E","T","M","$","M","E","$","R","B",null,"M","$","M","$","M","E"],"character_chosen":"DEFECT","items_purchased":["Hologram","Coolheaded","Anchor","Conserve Battery","Self Repair","FTL"],"campfire_rested":0,"item_purchase_floors":[5,11,14,14,21,21],"current_hp_per_floor":[64,64,64,64,64,57,57,36,36,29,29,21,23,23,23,6,75,63,63,31,31,22,0],"gold":33,"neow_bonus":"RANDOM_COMMON_RELIC","is_prod":false,"is_daily":false,"chose_seed":false,"campfire_upgraded":2,"win_rate":0,"timestamp":1542930962,"path_taken":["M","?","M","M","$","M","R","E","T","M","$","M","E","$","R","BOSS","M","$","M","$","M","E"],"build_version":"2018-11-15","purchased_purges":0,"victory":false,"max_hp_per_floor":[75,75,75,75,75,75,75,75,75,75,75,75,75,75,75,75,75,75,75,75,75,75,75],"card_choices":[{"not_picked":["Turbo","Ball Lightning"],"picked":"Leap","floor":1.0},{"not_picked":["Loop","Static Discharge"],"picked":"Gash","floor":3.0},{"not_picked":["Streamline","Static Discharge"],"picked":"Reprogram","floor":4.0},{"not_picked":["Double Energy","Sunder","White Noise"],"picked":"SKIP","floor":6.0},{"not_picked":["Blizzard","Machine Learning"],"picked":"Gash","floor":8.0},{"not_picked":["Stack","Ball Lightning"],"picked":"Hologram","floor":10.0},{"not_picked":["Darkness","Barrage","Stack"],"picked":"SKIP","floor":12.0},{"not_picked":["Chaos","Double Energy"],"picked":"All For One","floor":13.0},{"not_picked":["Thunder Strike","Hyperbeam"],"picked":"Core Surge","floor":16.0},{"not_picked":[],"picked":"Steam","floor":18},{"not_picked":["Chaos"],"picked":"SKIP","floor":20},{"not_picked":[],"picked":"Genetic Algorithm","floor":22}],"player_experience":494598,"relics_obtained":[{"floor":8.0,"key":"Ice Cream"},{"floor":9.0,"key":"Pantograph"},{"floor":13.0,"key":"Orichalcum"}],"event_choices":[{"damage_healed":0.0,"max_hp_gain":0.0,"max_hp_loss":0.0,"gold_gain":0.0,"event_name":"NoteForYourself","player_choice":"Ignored","floor":2.0,"gold_loss":0.0,"damage_taken":0.0}],"is_beta":false,"boss_relics":[{"not_picked":["Nuclear Battery","Philosopher\u0027s Stone"],"picked":"Busted Crown"}],"items_purged_floors":[],"is_endless":false,"potions_floor_spawned":[6,8,10,13,18],"killed_by":"Slavers","ascension_level":0}