{"gold_per_floor":[12,25,25,38,50,78,78,90,117,133,150,68,129,143,143,245,245,257,267,120,134,81,81,81,97,123,141,161,161,178,236,236,236],"floor_reached":33,"playtime":778,"items_purged":[],"score":275,"play_id":"1758a17f-faf2-41db-a637-93118bfd1210","local_time":"20180731021920","is_ascension_mode":false,"campfire_choices":[{"data":"Immolate","floor":7,"key":"SMITH"},{"data":"Armaments","floor":15,"key":"SMITH"},{"data":"Inflame","floor":23,"key":"SMITH"},{"floor":29,"key":"REST"},{"floor":32,"key":"REST"}],"neow_cost":"NO_GOLD","seed_source_timestamp":134398482589180,"circlet_count":0,"master_deck":["Strike_R+1","Strike_R+1","Strike_R+1","Strike_R+1","Defend_R+1","Defend_R+1","Defend_R+1","Defend_R+1","Bash","Immolate+1","Whirlwind","Armaments+1","Inflame+1","Battle Trance","Twin Strike","Feed"],"relics":["Burning Blood","Boot","Whetstone","Ancient Tea Set","Mark of Pain","Orichalcum","Art of War","Tiny Chest"],"potions_floor_usage":[6,16,16,16,31,33,33],"damage_taken":[{"damage":11,"enemies":"Jaw Worm","floor":1,"turns":3},{"damage":6,"enemies":"Cultist","floor":2,"turns":3},{"damage":0,"enemies":"Small Slimes","floor":4,"turns":2},{"damage":0,"enemies":"2 Fungi Beasts","floor":5,"turns":2},{"damage":36,"enemies":"Lagavulin","floor":6,"turns":5},{"damage":5,"enemies":"Looter","floor":8,"turns":3},{"damage":7,"enemies":"Blue Slaver","floor":10,"turns":2},{"damage":1,"enemies":"2 Fungi Beasts","floor":11,"turns":2},{"damage":28,"enemies":"Lagavulin Event","floor":13,"turns":5},{"damage":0,"enemies":"Gremlin Gang","floor":14,"turns":1},{"damage":34,"enemies":"The Guardian","floor":16,"turns":12},{"damage":25,"enemies":"2 Thieves","floor":18,"turns":3},{"damage":5,"enemies":"3 Byrds","floor":19,"turns":4},{"damage":31,"enemies":"Cultist and Chosen","floor":21,"turns":5},{"damage":18,"enemies":"Snake Plant","floor":25,"turns":3},{"damage":2,"enemies":"Sentry and Sphere","floor":27,"turns":3},{"damage":4,"enemies":"Cultist and Chosen","floor":28,"turns":3},{"damage":6,"enemies":"3 Cultists","floor":30,"turns":3},{"damage":31,"enemies":"Book of Stabbing","floor":31,"turns":4},{"damage":64,"enemies":"Champ","floor":33,"turns":9}],"seed_played":"1836603432943233408","potions_obtained":[{"floor":4,"key":"Poison Potion"},{"floor":5,"key":"Explosive Potion"},{"floor":6,"key":"SpeedPotion"},{"floor":8,"key":"Explosive Potion"},{"floor":19,"key":"LiquidBronze"},{"floor":25,"key":"Energy Potion"},{"floor":30,"key":"EssenceOfSteel"},{"floor":31,"key":"FearPotion"}],"is_trial":false,"path_per_floor":["M","M","?","M","M","E","R","M","T","M","M","$","?","M","R","B",null,"M","M","$","M","$","R","?","M","T","M","M","R","M","E","R"],"character_chosen":"IRONCLAD","items_purchased":["Inflame","Orichalcum","Twin Strike"],"campfire_rested":2,"item_purchase_floors":[12,20,22],"current_hp_per_floor":[75,75,75,80,80,50,50,51,51,50,55,55,33,39,39,11,80,61,62,62,37,37,37,37,25,25,29,31,55,55,30,54,0],"gold":236,"neow_bonus":"THREE_RARE_CARDS","is_prod":false,"is_daily":false,"chose_seed":false,"campfire_upgraded":3,"win_rate":0,"timestamp":1532992760,"path_taken":["M","M","?","M","M","E","R","M","T","M","M","$","?","M","R","BOSS","M","M","$","M","$","R","?","M","T","M","M","R","M","E","R","BOSS"],"build_version":"2018-07-26","purchased_purges":0,"victory":false,"max_hp_per_floor":[80,80,80,80,80,80,80,80,80,80,80,80,80,80,80,80,80,80,80,80,80,80,80,80,80,80,80,80,80,80,80,80,80],"card_choices":[{"not_picked":["Impervious","Bludgeon"],"picked":"Immolate","floor":0},{"not_picked":["Perfected Strike","Shrug It Off","Body Slam"],"picked":"SKIP","floor":1},{"not_picked":["Armaments","Bludgeon"],"picked":"Whirlwind","floor":2},{"not_picked":["Wild Strike","Intimidate","Sentinel"],"picked":"SKIP","floor":4},{"not_picked":["Shrug It Off","Heavy Blade","Rupture"],"picked":"SKIP","floor":5},{"not_picked":["Fire Breathing","Perfected Strike","Clothesline"],"picked":"SKIP","floor":6},{"not_picked":["Reckless Charge","Body Slam"],"picked":"Armaments","floor":8},{"not_picked":["True Grit","Twin Strike","Pummel"],"picked":"SKIP","floor":10},{"not_picked":["Cleave","Perfected Strike","Whirlwind"],"picked":"SKIP","floor":11},{"not_picked":["Headbutt","Clash"],"picked":"Battle Trance","floor":13},{"not_picked":["Heavy Blade","Flex","Entrench"],"picked":"SKIP","floor":14},{"not_picked":["Flex","Armaments","Blood for Blood"],"picked":"SKIP","floor":18},{"not_picked":["Searing Blow+1","Carnage","Headbutt"],"picked":"SKIP","floor":19},{"not_picked":["Headbutt+1","Pummel","Reckless Charge+1"],"picked":"SKIP","floor":21},{"not_picked":["Clash+1","Cleave","Clothesline"],"picked":"SKIP","floor":25},{"not_picked":["Cleave","Blood for Blood+1","Armaments+1"],"picked":"SKIP","floor":27},{"not_picked":["Flex","Perfected Strike","Thunderclap"],"picked":"SKIP","floor":28},{"not_picked":["Flex","Heavy Blade","Whirlwind"],"picked":"SKIP","floor":30},{"not_picked":["Bloodletting","Shrug It Off+1"],"picked":"Feed","floor":31}],"player_experience":282726,"relics_obtained":[{"floor":6,"key":"Boot"},{"floor":9,"key":"Whetstone"},{"floor":26,"key":"Art of War"},{"floor":31,"key":"Tiny Chest"}],"event_choices":[{"event_name":"Purifier","player_choice":"One Purge","floor":3,"damage_taken":0},{"event_name":"Dead Adventurer","player_choice":"Searched \u00272\u0027 times","floor":13,"damage_taken":0},{"event_name":"Back to Basics","player_choice":"Simplicity","floor":24,"damage_taken":0}],"is_beta":false,"boss_relics":[{"not_picked":["Astrolabe","White Beast Statue"],"picked":"Mark of Pain"}],"items_purged_floors":[],"is_endless":false,"potions_floor_spawned":[4,5,6,8,10,14,19,25,30,31],"killed_by":"Champ","ascension_level":0}