{"gold_per_floor":[119,130,130,130,130,130,130,165,165,193,193,249,267,285,285,384,384,399,409,27,45,59,59,0,31,58,58,68,68,68,82,82,179,179,189,204,204,215,228,228,74,88,115,137,166,178,208,233,245,257],"floor_reached":51,"playtime":15523,"items_purged":["Defend_R","Writhe"],"score":683,"play_id":"9d73db1d-97ec-48bd-a151-5007f55f7da6","local_time":"20190628032652","is_ascension_mode":false,"campfire_choices":[{"data":"Strike_R","floor":6.0,"key":"SMITH"},{"floor":11.0,"key":"REST"},{"floor":15.0,"key":"REST"},{"floor":23.0,"key":"REST"},{"data":"Feed","floor":30.0,"key":"SMITH"},{"data":"Reaper","floor":32.0,"key":"SMITH"},{"floor":40,"key":"REST"},{"floor":49,"key":"REST"}],"neow_cost":"","seed_source_timestamp":0,"circlet_count":0,"master_deck":["Strike_R","Strike_R","Strike_R","Strike_R","Strike_R+1","Defend_R","Bash","Thunderclap","Shrug It Off","Clash","Rampage","Clash","Clash","Sword Boomerang","Reaper+1","Clash+1","Warcry+1","Warcry","Pommel Strike","Warcry+1","Feed+1","Anger+1","Burning Pact+1","Brutality","Iron Wave+1","Seeing Red","Pommel Strike+1","Clash+1","Pommel Strike","Thunderclap","Clash","Rage","Deep Breath","Rampage"],"special_seed":0,"relics":["Burning Blood","Mercury Hourglass","Potion Belt","Regal Pillow","Shuriken","PreservedInsect","White Beast Statue","Matryoshka","Happy Flower","Bronze Scales","Bottled Lightning","Fusion Hammer","Red Skull","MawBank"],"potions_floor_usage":[38,39,42,47,48,48,50,50,50,50],"damage_taken":[{"damage":7.0,"enemies":"Small Slimes","floor":1.0,"turns":4.0},{"damage":12.0,"enemies":"2 Louse","floor":2.0,"turns":3.0},{"damage":30.0,"enemies":"Lagavulin","floor":8.0,"turns":6.0},{"damage":22.0,"enemies":"3 Sentries","floor":10.0,"turns":6.0},{"damage":18.0,"enemies":"3 Sentries","floor":12.0,"turns":4.0},{"damage":6.0,"enemies":"Jaw Worm","floor":13.0,"turns":2.0},{"damage":3.0,"enemies":"3 Louse","floor":14.0,"turns":2.0},{"damage":50.0,"enemies":"The Guardian","floor":16.0,"turns":7.0},{"damage":17.0,"enemies":"2 Thieves","floor":18.0,"turns":3.0},{"damage":10.0,"enemies":"Shell Parasite","floor":19.0,"turns":2.0},{"damage":15.0,"enemies":"Snecko","floor":21.0,"turns":3.0},{"damage":20.0,"enemies":"Shelled Parasite and Fungi","floor":22.0,"turns":3.0},{"damage":25.0,"enemies":"Slavers","floor":25.0,"turns":2.0},{"damage":10.0,"enemies":"Centurion and Healer","floor":28.0,"turns":3.0},{"damage":10.0,"enemies":"Sentry and Sphere","floor":31.0,"turns":3.0},{"damage":73.0,"enemies":"Champ","floor":33.0,"turns":7.0},{"damage":48.0,"enemies":"3 Darklings","floor":35.0,"turns":3.0},{"damage":19,"enemies":"3 Shapes","floor":36,"turns":2},{"damage":6,"enemies":"Transient","floor":38,"turns":5},{"damage":38,"enemies":"Writhing Mass","floor":39,"turns":4},{"damage":36,"enemies":"Maw","floor":42,"turns":5},{"damage":0,"enemies":"Sphere and 2 Shapes","floor":44,"turns":2},{"damage":12,"enemies":"Transient","floor":45,"turns":5},{"damage":2,"enemies":"3 Darklings","floor":47,"turns":3},{"damage":18,"enemies":"Writhing Mass","floor":48,"turns":4},{"damage":103,"enemies":"Awakened One","floor":50,"turns":7}],"seed_played":"-3300239081940145251","potions_obtained":[{"floor":2.0,"key":"EssenceOfSteel"},{"floor":13.0,"key":"FearPotion"},{"floor":14.0,"key":"Swift Potion"},{"floor":18.0,"key":"SteroidPotion"},{"floor":19.0,"key":"Energy Potion"},{"floor":21.0,"key":"EssenceOfSteel"},{"floor":22.0,"key":"Energy Potion"},{"floor":25.0,"key":"LiquidBronze"},{"floor":28.0,"key":"Explosive Potion"},{"floor":31.0,"key":"Swift Potion"},{"floor":33.0,"key":"Block Potion"},{"floor":35.0,"key":"Fire Potion"},{"floor":36,"key":"Ancient Potion"},{"floor":38,"key":"GamblersBrew"},{"floor":39,"key":"Regen Potion"},{"floor":42,"key":"SkillPotion"},{"floor":47,"key":"Weak Potion"},{"floor":48,"key":"Strength Potion"}],"is_trial":false,"path_per_floor":["M","M","?","?","T","R","?","E","T","E","R","?","M","M","R","B",null,"M","M","$","M","M","R","?","E","T","?","M","$","R","M","R","B",null,"M","M","?","M","M","R","$","M","T","M","M","?","M","M","R","B",null],"character_chosen":"IRONCLAD","items_purchased":["Matryoshka","Warcry","Pommel Strike"],"campfire_rested":5,"item_purchase_floors":[20,20,41],"current_hp_per_floor":[79,73,73,66,66,66,71,47,47,31,71,59,59,62,85,41,85,74,70,70,63,49,85,85,66,66,66,71,71,71,71,71,14,92,50,56,80,92,64,100,100,78,78,84,91,91,100,100,100,25],"gold":269,"neow_bonus":"","is_prod":false,"is_daily":false,"chose_seed":false,"campfire_upgraded":3,"win_rate":0.0,"timestamp":1561710412,"path_taken":["M","M","?","?","?","R","?","E","T","E","R","?","M","M","R","BOSS","M","M","$","M","M","R","?","E","T","?","M","?","R","M","R","BOSS","M","M","?","M","M","R","$","M","T","M","M","?","?","M","R","BOSS"],"build_version":"2019-01-23","purchased_purges":2,"victory":true,"max_hp_per_floor":[80,80,80,80,80,80,85,85,85,85,85,85,85,85,85,85,85,85,85,85,85,85,85,85,85,85,85,88,88,88,92,92,92,92,92,96,96,96,100,100,100,100,100,100,100,100,100,100,100,100],"card_choices":[{"not_picked":["Sword Boomerang","Disarm"],"picked":"Thunderclap","floor":1.0},{"not_picked":["Cleave","Intimidate"],"picked":"Shrug It Off","floor":2.0},{"not_picked":["Body Slam","Flex","Warcry"],"picked":"SKIP","floor":8.0},{"not_picked":["Iron Wave","True Grit"],"picked":"Rampage","floor":10.0},{"not_picked":["Barricade","Armaments"],"picked":"Clash","floor":12.0},{"not_picked":["Shrug It Off","Iron Wave"],"picked":"Clash","floor":13.0},{"not_picked":["Thunderclap","Fire Breathing"],"picked":"Sword Boomerang","floor":14.0},{"not_picked":["Berserk","Fiend Fire"],"picked":"Reaper","floor":16.0},{"not_picked":["Infernal Blade","Anger+1"],"picked":"Clash+1","floor":18.0},{"not_picked":["Sword Boomerang","Twin Strike"],"picked":"Warcry+1","floor":19.0},{"not_picked":["Shrug It Off","Hemokinesis+1"],"picked":"Pommel Strike","floor":21.0},{"not_picked":["Anger","Bloodletting+1"],"picked":"Warcry+1","floor":22.0},{"not_picked":["Twin Strike","Inflame"],"picked":"Feed","floor":25.0},{"not_picked":["Iron Wave","Feel No Pain"],"picked":"Anger+1","floor":28.0},{"not_picked":["Reckless Charge+1","Pommel Strike"],"picked":"Burning Pact+1","floor":31.0},{"not_picked":["Fiend Fire","Bludgeon"],"picked":"Brutality","floor":33.0},{"not_picked":["Headbutt+1","Warcry+1"],"picked":"Iron Wave+1","floor":35.0},{"not_picked":["Anger+1","Shrug It Off+1"],"picked":"Seeing Red","floor":36},{"not_picked":["True Grit+1","Fiend Fire"],"picked":"Pommel Strike+1","floor":38},{"not_picked":["Perfected Strike","Flame Barrier"],"picked":"Clash+1","floor":39},{"not_picked":["Perfected Strike","Rupture"],"picked":"Thunderclap","floor":42},{"not_picked":["Reckless Charge+1","Perfected Strike"],"picked":"Clash","floor":44},{"not_picked":["Clothesline+1","Pummel"],"picked":"Rage","floor":45},{"not_picked":["Dark Shackles","Metamorphosis"],"picked":"Deep Breath","floor":46},{"not_picked":["Warcry","Armaments+1"],"picked":"Rampage","floor":47},{"not_picked":["Shrug It Off","Burning Pact+1","Body Slam"],"picked":"SKIP","floor":48}],"player_experience":0,"relics_obtained":[{"floor":5.0,"key":"Mercury Hourglass"},{"floor":8.0,"key":"Potion Belt"},{"floor":9.0,"key":"Regal Pillow"},{"floor":10.0,"key":"Shuriken"},{"floor":12.0,"key":"PreservedInsect"},{"floor":25.0,"key":"Happy Flower"},{"floor":26.0,"key":"Bronze Scales"},{"floor":26.0,"key":"Bottled Lightning"},{"floor":43,"key":"Red Skull"},{"floor":43,"key":"MawBank"}],"event_choices":[{"damage_healed":0.0,"max_hp_gain":0.0,"max_hp_loss":0.0,"gold_gain":0.0,"cards_transformed":["Defend_R"],"event_name":"Living Wall","player_choice":"Change","floor":3.0,"gold_loss":0.0,"damage_taken":0.0,"cards_obtained":["Clash"]},{"cards_removed":["Defend_R"],"damage_healed":0.0,"max_hp_gain":0.0,"max_hp_loss":0.0,"gold_gain":0.0,"event_name":"Golden Wing","player_choice":"Card Removal","floor":4.0,"gold_loss":0.0,"damage_taken":7.0},{"damage_healed":0.0,"max_hp_gain":5.0,"max_hp_loss":0.0,"gold_gain":0.0,"event_name":"Big Fish","player_choice":"Donut","floor":7.0,"gold_loss":0.0,"damage_taken":0.0},{"damage_healed":0.0,"max_hp_gain":0.0,"max_hp_loss":0.0,"gold_gain":30.0,"event_name":"Dead Adventurer","player_choice":"Searched \u00272\u0027 times","floor":12.0,"gold_loss":0.0,"damage_taken":0.0},{"damage_healed":0.0,"max_hp_gain":0.0,"max_hp_loss":0.0,"gold_gain":0.0,"event_name":"Masked Bandits","player_choice":"Paid Fearfully","floor":24.0,"gold_loss":59.0,"damage_taken":0.0},{"damage_healed":0.0,"max_hp_gain":0.0,"max_hp_loss":0.0,"gold_gain":0.0,"event_name":"Beggar","player_choice":"Ignored","floor":27.0,"gold_loss":0.0,"damage_taken":0.0},{"damage_healed":24,"gold_gain":0,"player_choice":"Writhe","damage_taken":0,"max_hp_gain":0,"max_hp_loss":0,"event_name":"Winding Halls","floor":37,"gold_loss":0,"cards_obtained":["Writhe"]},{"damage_healed":0,"gold_gain":0,"player_choice":"Memory 1","damage_taken":0,"max_hp_gain":0,"max_hp_loss":0,"event_name":"SensoryStone","floor":46,"gold_loss":0}],"is_beta":false,"boss_relics":[{"not_picked":["Calling Bell","Runic Cube"],"picked":"White Beast Statue"},{"not_picked":["Busted Crown","Cursed Key"],"picked":"Fusion Hammer"}],"items_purged_floors":[20,41],"is_endless":false,"potions_floor_spawned":[2,13,14,18,19,21,22,25,28,31,33,35,36,38,39,42,44,45,47,48],"ascension_level":0}