{"gold_per_floor":[213,213,230,330,154,180,200,217,271,78,95,121,121,135,135,233,233,246,256,186,200,220,220,250,210,210,135,146,165,175,190,190,190],"floor_reached":33,"playtime":890,"items_purged":["Normality"],"score":283,"play_id":"73b48b99-18d7-407c-944d-fde85ac026a5","local_time":"20190616103904","is_ascension_mode":false,"campfire_choices":[{"data":"Apotheosis","floor":13.0,"key":"SMITH"},{"data":"Inflame","floor":15.0,"key":"SMITH"},{"data":"Inflame","floor":23.0,"key":"SMITH"},{"data":"Sword Boomerang","floor":32.0,"key":"SMITH"}],"neow_cost":"NONE","seed_source_timestamp":214631072383400,"circlet_count":0,"master_deck":["Strike_R","Strike_R","Strike_R","Strike_R","Strike_R","Defend_R","Defend_R","Defend_R","Defend_R","Bash","Apotheosis+1","Whirlwind+1","Inflame+1","Dropkick","Twin Strike","Inflame+1","Battle Trance+1","Sword Boomerang+1","Dropkick+1"],"special_seed":0,"relics":["Burning Blood","Meat on the Bone","Bronze Scales","Centennial Puzzle","Strawberry","Cursed Key","Happy Flower","Question Card"],"potions_floor_usage":[33,33,33],"damage_taken":[{"damage":12.0,"enemies":"Small Slimes","floor":1.0,"turns":3.0},{"damage":6.0,"enemies":"Cultist","floor":3.0,"turns":3.0},{"damage":19.0,"enemies":"3 Sentries","floor":6.0,"turns":11.0},{"damage":7.0,"enemies":"2 Louse","floor":7.0,"turns":3.0},{"damage":0.0,"enemies":"Lots of Slimes","floor":8.0,"turns":1.0},{"damage":1.0,"enemies":"2 Fungi Beasts","floor":11.0,"turns":3.0},{"damage":12.0,"enemies":"Lagavulin","floor":12.0,"turns":6.0},{"damage":5.0,"enemies":"3 Louse","floor":14.0,"turns":2.0},{"damage":50.0,"enemies":"Hexaghost","floor":16.0,"turns":10.0},{"damage":22.0,"enemies":"2 Thieves","floor":18.0,"turns":3.0},{"damage":12.0,"enemies":"Shell Parasite","floor":19.0,"turns":3.0},{"damage":11.0,"enemies":"Sentry and Sphere","floor":21.0,"turns":3.0},{"damage":10.0,"enemies":"Snecko","floor":22.0,"turns":3.0},{"damage":35.0,"enemies":"Slavers","floor":24.0,"turns":3.0},{"damage":12.0,"enemies":"Centurion and Healer","floor":28.0,"turns":3.0},{"damage":16.0,"enemies":"Cultist and Chosen","floor":29.0,"turns":3.0},{"damage":0.0,"enemies":"Snecko","floor":30.0,"turns":3.0},{"damage":20.0,"enemies":"Shelled Parasite and Fungi","floor":31.0,"turns":3.0},{"damage":66,"enemies":"Automaton","floor":33,"turns":8}],"seed_played":"1142595248859471985","potions_obtained":[{"floor":1.0,"key":"SteroidPotion"},{"floor":11.0,"key":"Regen Potion"},{"floor":12.0,"key":"Dexterity Potion"},{"floor":21.0,"key":"Poison Potion"},{"floor":29.0,"key":"Swift Potion"},{"floor":30.0,"key":"PowerPotion"}],"is_trial":false,"path_per_floor":["M","$","M","?","$","E","M","M","T","$","M","E","R","M","R","B",null,"M","M","$","M","M","R","E","?","T","$","M","M","M","M","R","B"],"character_chosen":"IRONCLAD","items_purchased":["Apotheosis","Inflame","Centennial Puzzle","Inflame"],"campfire_rested":0,"item_purchase_floors":[5,10,10,20],"current_hp_per_floor":[74,74,74,74,74,61,60,66,66,66,71,72,72,73,73,41,87,71,65,65,60,56,56,39,39,39,39,45,47,53,51,51,0],"gold":190,"neow_bonus":"HUNDRED_GOLD","is_prod":false,"is_daily":false,"chose_seed":false,"campfire_upgraded":4,"win_rate":0,"timestamp":1560670744,"path_taken":["M","$","M","?","?","E","M","M","T","$","M","E","R","M","R","BOSS","M","M","$","M","M","R","E","?","T","$","?","M","M","M","R","BOSS"],"build_version":"2019-01-23","purchased_purges":1,"victory":false,"max_hp_per_floor":[80,80,80,80,80,80,80,80,80,80,80,87,87,87,87,87,87,87,87,87,87,87,87,87,87,87,87,87,87,87,87,87,87],"card_choices":[{"not_picked":["Thunderclap","Power Through","Pummel"],"picked":"SKIP","floor":1.0},{"not_picked":["Thunderclap","Power Through","Pummel"],"picked":"SKIP","floor":1.0},{"not_picked":["Armaments","Clothesline","True Grit"],"picked":"SKIP","floor":3.0},{"not_picked":["Iron Wave","Warcry","Pommel Strike"],"picked":"SKIP","floor":6.0},{"not_picked":["Havoc","Wild Strike"],"picked":"Whirlwind","floor":7.0},{"not_picked":["True Grit","Armaments","Headbutt"],"picked":"SKIP","floor":8.0},{"not_picked":["Body Slam","Rage"],"picked":"Dropkick","floor":11.0},{"not_picked":["Perfected Strike","Fire Breathing","Havoc"],"picked":"SKIP","floor":12.0},{"not_picked":["Intimidate","Fire Breathing","Sentinel"],"picked":"SKIP","floor":14.0},{"not_picked":["Warcry+1","Clash"],"picked":"Twin Strike","floor":18.0},{"not_picked":["Warcry","Heavy Blade+1","Flame Barrier+1"],"picked":"SKIP","floor":19.0},{"not_picked":["Combust+1","Clash","Feel No Pain"],"picked":"SKIP","floor":21.0},{"not_picked":["Sentinel","Intimidate","Wild Strike"],"picked":"SKIP","floor":22.0},{"not_picked":["True Grit","Whirlwind","Clash"],"picked":"SKIP","floor":24.0},{"not_picked":["Offering","Seeing Red","Corruption"],"picked":"Battle Trance+1","floor":28.0},{"not_picked":["Heavy Blade","Perfected Strike+1","Dual Wield"],"picked":"Sword Boomerang","floor":29.0},{"not_picked":["Battle Trance","Iron Wave","Perfected Strike","Intimidate+1"],"picked":"SKIP","floor":30.0},{"not_picked":["True Grit","Twin Strike","Warcry"],"picked":"Dropkick+1","floor":31.0}],"player_experience":622135,"relics_obtained":[{"floor":6.0,"key":"Meat on the Bone"},{"floor":9.0,"key":"Bronze Scales"},{"floor":12.0,"key":"Strawberry"},{"floor":24.0,"key":"Happy Flower"},{"floor":26.0,"key":"Question Card"}],"event_choices":[{"damage_healed":0.0,"max_hp_gain":0.0,"max_hp_loss":0.0,"gold_gain":100.0,"event_name":"Golden Shrine","player_choice":"Pray","floor":4.0,"gold_loss":0.0,"damage_taken":0.0},{"damage_healed":0.0,"max_hp_gain":0.0,"max_hp_loss":0.0,"gold_gain":0.0,"event_name":"Designer","player_choice":"Upgrade","floor":25.0,"gold_loss":40.0,"damage_taken":0.0,"cards_upgraded":["Whirlwind"]}],"is_beta":false,"boss_relics":[{"not_picked":["Orrery","Tiny House"],"picked":"Cursed Key"}],"items_purged_floors":[27],"is_endless":false,"potions_floor_spawned":[1,11,12,21,29,30,31],"killed_by":"Automaton","ascension_level":0}