{"gold_per_floor":[118,133,58,58,133,165,165,165,165,178,204,216,233,233,233,329,329,348,348,364,379,58,58,91,122,145,156,31,357,357,368,368,471,471,481,532,302,302,102,102,117,129,201,220,231,31,31,31,31,31],"floor_reached":50,"playtime":9901,"items_purged":["Strike_G","Strike_G","Strike_G","Defend_G","Defend_G","Defend_G"],"score":771,"play_id":"9a27dd4f-42ca-4009-a0cc-f772cb360504","local_time":"20190721185208","is_ascension_mode":true,"campfire_choices":[{"floor":7.0,"key":"REST"},{"floor":15.0,"key":"REST"},{"floor":23.0,"key":"REST"},{"data":"Survivor","floor":30.0,"key":"SMITH"},{"data":"Quick Slash","floor":32.0,"key":"SMITH"},{"data":"Phantasmal Killer","floor":40.0,"key":"SMITH"},{"floor":47,"key":"REST"},{"data":"Neutralize","floor":49,"key":"SMITH"}],"neow_cost":"NONE","seed_source_timestamp":0,"circlet_count":0,"master_deck":["Survivor+1","Neutralize+1","Quick Slash","Quick Slash","Deadly Poison","Quick Slash+1","Underhanded Strike+1","Underhanded Strike+1","Terror","Flying Knee+1","Tactician","Glass Knife+1","Escape Plan+1","Necronomicurse","Prepared+1","Acrobatics+1","Glass Knife+1","Underhanded Strike+1","Flying Knee+1","Deflect+1","Phantasmal Killer+1","Prepared+1","Riddle With Holes+1","Dagger Throw+1","Dagger Throw+1","Underhanded Strike+1","Pain"],"special_seed":0,"relics":["Ring of the Snake","Tingsha","Molten Egg 2","Odd Mushroom","Sozu","Necronomicon","Regal Pillow","Frozen Egg 2","Red Mask","Pen Nib","Old Coin","Cursed Key","Turnip","Paper Crane"],"potions_floor_usage":[],"damage_taken":[{"damage":0.0,"enemies":"Small Slimes","floor":1.0,"turns":3.0},{"damage":1.0,"enemies":"2 Louse","floor":2.0,"turns":4.0},{"damage":40.0,"enemies":"Gremlin Nob","floor":6.0,"turns":6.0},{"damage":1.0,"enemies":"Jaw Worm","floor":10.0,"turns":3.0},{"damage":17.0,"enemies":"The Mushroom Lair","floor":11.0,"turns":4.0},{"damage":3.0,"enemies":"Looter","floor":12.0,"turns":2.0},{"damage":2.0,"enemies":"2 Fungi Beasts","floor":13.0,"turns":4.0},{"damage":27.0,"enemies":"Slime Boss","floor":16.0,"turns":9.0},{"damage":23.0,"enemies":"2 Thieves","floor":18.0,"turns":3.0},{"damage":14.0,"enemies":"Shell Parasite","floor":20.0,"turns":3.0},{"damage":0.0,"enemies":"Snake Plant","floor":21.0,"turns":2.0},{"damage":6.0,"enemies":"Slavers","floor":24.0,"turns":2.0},{"damage":0.0,"enemies":"Masked Bandits","floor":25.0,"turns":1.0},{"damage":0.0,"enemies":"Snecko","floor":27.0,"turns":2.0},{"damage":0.0,"enemies":"Book of Stabbing","floor":29.0,"turns":2.0},{"damage":0.0,"enemies":"Shelled Parasite and Fungi","floor":31.0,"turns":1.0},{"damage":20.0,"enemies":"Collector","floor":33.0,"turns":4.0},{"damage":7.0,"enemies":"3 Shapes","floor":35.0,"turns":2.0},{"damage":3.0,"enemies":"2 Orb Walkers","floor":36.0,"turns":3.0},{"damage":3.0,"enemies":"Orb Walker","floor":41.0,"turns":2.0},{"damage":11.0,"enemies":"4 Shapes","floor":42.0,"turns":2.0},{"damage":4.0,"enemies":"Jaw Worm Horde","floor":44.0,"turns":2.0},{"damage":13,"enemies":"Sphere and 2 Shapes","floor":45,"turns":2},{"damage":68,"enemies":"Time Eater","floor":50,"turns":5}],"seed_played":"4688194847663889414","potions_obtained":[{"floor":2.0,"key":"Block Potion"},{"floor":10.0,"key":"Ancient Potion"},{"floor":11.0,"key":"FearPotion"},{"floor":13.0,"key":"GhostInAJar"}],"is_trial":false,"path_per_floor":["M","M","$","?","?","E","R","?","T","M","?","M","M","?","R","B",null,"M","?","M","M","$","R","E","?","T","M","$","E","R","M","R","B",null,"M","?","$","?","$","R","M","M","T","M","M","$","R","?","R","B"],"character_chosen":"THE_SILENT","items_purchased":["Glass Knife+1","Regal Pillow","Riddle With Holes+1","Dagger Throw+1"],"campfire_rested":4,"item_purchase_floors":[22,22,37,39],"current_hp_per_floor":[70,69,69,62,51,11,32,32,32,31,14,11,9,9,30,3,70,47,31,17,17,17,53,47,47,47,47,47,47,47,47,47,27,70,63,60,60,60,60,60,57,46,46,42,29,29,65,65,65,0],"gold":31,"neow_bonus":"TRANSFORM_CARD","is_prod":false,"is_daily":false,"chose_seed":false,"campfire_upgraded":4,"win_rate":0,"timestamp":1563753128,"path_taken":["M","M","$","?","?","E","R","?","T","?","?","M","M","?","R","BOSS","M","?","M","M","$","R","E","?","T","M","$","E","R","M","R","BOSS","M","?","$","?","?","R","M","M","T","M","?","$","R","?","R","BOSS"],"build_version":"2019-07-17","purchased_purges":6,"victory":false,"max_hp_per_floor":[70,70,70,70,70,70,70,70,70,70,70,70,70,70,70,70,70,70,70,70,70,70,70,70,70,70,70,70,70,70,70,70,70,70,70,70,70,70,70,70,70,70,70,70,70,70,70,70,70,70],"card_choices":[{"not_picked":["Poisoned Stab","Calculated Gamble"],"picked":"Quick Slash","floor":1.0},{"not_picked":["Sucker Punch","Leg Sweep"],"picked":"Deadly Poison","floor":2.0},{"not_picked":["Predator","Accuracy"],"picked":"Quick Slash","floor":6.0},{"not_picked":["Dash+1","Cloak And Dagger"],"picked":"Underhanded Strike+1","floor":10.0},{"not_picked":["Tactician","Cloak And Dagger"],"picked":"Underhanded Strike+1","floor":11.0},{"not_picked":["Crippling Poison","Heel Hook+1"],"picked":"Terror","floor":12.0},{"not_picked":["Calculated Gamble","Dash+1"],"picked":"Flying Knee+1","floor":13.0},{"not_picked":["Malaise","Storm of Steel"],"picked":"Glass Knife+1","floor":16.0},{"not_picked":["PiercingWail","Dodge and Roll"],"picked":"Escape Plan+1","floor":18.0},{"not_picked":["PiercingWail","Deadly Poison"],"picked":"Prepared+1","floor":20.0},{"not_picked":["Crippling Poison+1","Sucker Punch+1"],"picked":"Acrobatics+1","floor":21.0},{"not_picked":["Backflip","Poisoned Stab+1"],"picked":"Underhanded Strike+1","floor":24.0},{"not_picked":["Bouncing Flask","Noxious Fumes+1"],"picked":"Flying Knee+1","floor":25.0},{"not_picked":["Infinite Blades+1","Quick Slash+1"],"picked":"Deflect+1","floor":27.0},{"not_picked":["Venomology","Caltrops+1","Blur"],"picked":"SKIP","floor":29.0},{"not_picked":["PiercingWail","Sucker Punch+1","Flying Knee+1"],"picked":"SKIP","floor":31.0},{"not_picked":["Envenom+1","Doppelganger"],"picked":"Phantasmal Killer","floor":33.0},{"not_picked":["Deadly Poison+1","Blade Dance+1"],"picked":"Prepared+1","floor":35.0},{"not_picked":["Outmaneuver","Underhanded Strike+1"],"picked":"Dagger Throw+1","floor":41.0},{"not_picked":["Venomology","Calculated Gamble"],"picked":"Underhanded Strike+1","floor":42.0},{"not_picked":["Slice+1","Blade Dance","Riddle With Holes+1"],"picked":"SKIP","floor":44.0},{"not_picked":["Deflect+1","Dagger Spray+1","Bane+1"],"picked":"SKIP","floor":45}],"player_experience":456645,"relics_obtained":[{"floor":6.0,"key":"Tingsha"},{"floor":9.0,"key":"Molten Egg 2"},{"floor":11.0,"key":"Odd Mushroom"},{"floor":19.0,"key":"Necronomicon"},{"floor":24.0,"key":"Frozen Egg 2"},{"floor":25.0,"key":"Red Mask"},{"floor":26.0,"key":"Pen Nib"},{"floor":29.0,"key":"Old Coin"},{"floor":36.0,"key":"Turnip"},{"floor":43.0,"key":"Paper Crane"}],"event_choices":[{"cards_removed":["Strike_G"],"damage_healed":0.0,"max_hp_gain":0.0,"max_hp_loss":0.0,"gold_gain":0.0,"event_name":"Golden Wing","player_choice":"Card Removal","floor":4.0,"gold_loss":0.0,"damage_taken":7.0},{"damage_healed":0.0,"max_hp_gain":0.0,"max_hp_loss":0.0,"gold_gain":75.0,"event_name":"World of Goop","player_choice":"Gather Gold","floor":5.0,"gold_loss":0.0,"damage_taken":11.0},{"damage_healed":0.0,"max_hp_gain":0.0,"max_hp_loss":0.0,"gold_gain":0.0,"event_name":"Liars Game","player_choice":"Ignored","floor":8.0,"gold_loss":0.0,"damage_taken":0.0},{"damage_healed":0.0,"max_hp_gain":0.0,"max_hp_loss":0.0,"gold_gain":0.0,"event_name":"Mushrooms","player_choice":"Fought Mushrooms","floor":11.0,"gold_loss":0.0,"damage_taken":0.0},{"damage_healed":0.0,"max_hp_gain":0.0,"max_hp_loss":0.0,"gold_gain":0.0,"cards_transformed":["Defend_G"],"event_name":"Living Wall","player_choice":"Change","floor":14.0,"gold_loss":0.0,"damage_taken":0.0,"cards_obtained":["Tactician"]},{"damage_healed":0.0,"max_hp_gain":0.0,"max_hp_loss":0.0,"gold_gain":0.0,"event_name":"Cursed Tome","player_choice":"Obtained Book","floor":19.0,"gold_loss":0.0,"damage_taken":16.0},{"damage_healed":0.0,"max_hp_gain":0.0,"max_hp_loss":0.0,"gold_gain":0.0,"event_name":"Masked Bandits","player_choice":"Fought Bandits","floor":25.0,"gold_loss":0.0,"damage_taken":0.0},{"damage_healed":0.0,"max_hp_gain":0.0,"max_hp_loss":0.0,"gold_gain":0.0,"event_name":"Mysterious Sphere","player_choice":"Fight","floor":36.0,"gold_loss":0.0,"damage_taken":0.0},{"cards_removed":["Defend_G"],"damage_healed":0.0,"max_hp_gain":0.0,"max_hp_loss":0.0,"gold_gain":0.0,"event_name":"Falling","player_choice":"Removed Skill","floor":38.0,"gold_loss":0.0,"damage_taken":0.0},{"damage_healed":0,"gold_gain":0,"player_choice":"Ignored","damage_taken":0,"max_hp_gain":0,"max_hp_loss":0,"event_name":"WeMeetAgain","floor":48,"gold_loss":0}],"is_beta":false,"boss_relics":[{"not_picked":["Tiny House","Coffee Dripper"],"picked":"Sozu"},{"not_picked":["Runic Pyramid","Philosopher\u0027s Stone"],"picked":"Cursed Key"}],"items_purged_floors":[3,22,28,37,39,46],"is_endless":false,"potions_floor_spawned":[2,10,11,13,18,25,27,29,36,41,44,45],"killed_by":"Time Eater","ascension_level":2}