{"gold_per_floor":[117,70,87,99,61,61,93,107,107,118,118,118,118,128,128,223,223,235,248,263,277,31,64,84,84,84,26,59,59,88,100,100,198,198,214,227,132,152,152,152,162,162,185,236,26,60,60,79,79,79],"floor_reached":51,"playtime":1664,"items_purged":[],"score":777,"play_id":"7f9785e1-b4ce-4d08-9491-b8c58ce1e037","local_time":"20181003041046","is_ascension_mode":true,"campfire_choices":[{"data":"Zap","floor":6.0,"key":"SMITH"},{"data":"Consume","floor":11.0,"key":"SMITH"},{"data":"Storm","floor":13.0,"key":"SMITH"},{"data":"Dualcast","floor":15.0,"key":"SMITH"},{"data":"Static Discharge","floor":25.0,"key":"SMITH"},{"data":"Creative AI","floor":29.0,"key":"SMITH"},{"floor":32.0,"key":"REST"},{"data":"Defragment","floor":40,"key":"SMITH"},{"floor":49,"key":"REST"}],"neow_cost":"NONE","seed_source_timestamp":12044739356296,"circlet_count":0,"master_deck":["Strike_B","Strike_B","Strike_B","Defend_B","Defend_B","Defend_B","Defend_B","Zap+1","Dualcast+1","Conserve Battery","Consume+1","Capacitor+1","Storm+1","BootSequence","Steam","Conserve Battery","Electrodynamics","Leap","Conserve Battery","Static Discharge","Static Discharge+1","Leap","Auto Shields","Creative AI+1","Electrodynamics","Defragment+1","Hologram","Writhe"],"special_seed":0,"relics":["Cracked Core","Potion Belt","Boot","Matryoshka","Lizard Tail","Cables","Du-Vu Doll","Strawberry","The Courier","Smiling Mask","Red Mask","Busted Crown","Peace Pipe","Anchor","Bag of Preparation","Mango","Letter Opener","Sundial"],"potions_floor_usage":[41,42,46,46,48,50],"damage_taken":[{"damage":1.0,"enemies":"Cultist","floor":1.0,"turns":3.0},{"damage":0.0,"enemies":"Small Slimes","floor":3.0,"turns":3.0},{"damage":0.0,"enemies":"2 Louse","floor":4.0,"turns":2.0},{"damage":9.0,"enemies":"Lagavulin","floor":7.0,"turns":7.0},{"damage":8.0,"enemies":"Red Slaver","floor":8.0,"turns":4.0},{"damage":0.0,"enemies":"Exordium Wildlife","floor":10.0,"turns":4.0},{"damage":5.0,"enemies":"Looter","floor":14.0,"turns":4.0},{"damage":23.0,"enemies":"Slime Boss","floor":16.0,"turns":7.0},{"damage":0.0,"enemies":"3 Byrds","floor":18.0,"turns":2.0},{"damage":13.0,"enemies":"2 Thieves","floor":19.0,"turns":4.0},{"damage":16.0,"enemies":"3 Cultists","floor":20.0,"turns":4.0},{"damage":14.0,"enemies":"Shelled Parasite and Fungi","floor":21.0,"turns":8.0},{"damage":27.0,"enemies":"Book of Stabbing","floor":23.0,"turns":4.0},{"damage":13.0,"enemies":"Centurion and Healer","floor":24.0,"turns":3.0},{"damage":14.0,"enemies":"Gremlin Leader","floor":28.0,"turns":6.0},{"damage":0.0,"enemies":"Masked Bandits","floor":30.0,"turns":2.0},{"damage":12.0,"enemies":"Snecko","floor":31.0,"turns":4.0},{"damage":27.0,"enemies":"Champ","floor":33.0,"turns":7.0},{"damage":0,"enemies":"3 Shapes","floor":35,"turns":3},{"damage":15,"enemies":"Orb Walker","floor":36,"turns":4},{"damage":9,"enemies":"Maw","floor":38,"turns":6},{"damage":6,"enemies":"Sphere and 2 Shapes","floor":41,"turns":4},{"damage":0,"enemies":"Mind Bloom Boss Battle","floor":42,"turns":6},{"damage":7,"enemies":"Mysterious Sphere","floor":44,"turns":3},{"damage":37,"enemies":"Nemesis","floor":46,"turns":6},{"damage":9,"enemies":"3 Darklings","floor":48,"turns":3},{"damage":55,"enemies":"Donu and Deca","floor":50,"turns":5}],"seed_played":"7118383785760444912","potions_obtained":[{"floor":3.0,"key":"SteroidPotion"},{"floor":7.0,"key":"SpeedPotion"},{"floor":8.0,"key":"Swift Potion"},{"floor":14.0,"key":"Dexterity Potion"},{"floor":20.0,"key":"Fire Potion"},{"floor":23.0,"key":"SpeedPotion"},{"floor":24.0,"key":"Swift Potion"},{"floor":28.0,"key":"Weak Potion"},{"floor":35,"key":"Swift Potion"},{"floor":38,"key":"Weak Potion"},{"floor":46,"key":"Explosive Potion"},{"floor":48,"key":"Poison Potion"}],"is_trial":false,"path_per_floor":["M","$","M","M","$","R","E","M","T","M","R","?","R","M","R","B",null,"M","M","M","M","$","E","M","R","T","$","E","R","?","M","R","B",null,"M","M","$","M","?","R","M","?","T","?","$","E","?","M","R","B"],"character_chosen":"DEFECT","items_purchased":["Conserve Battery","Storm","Cables","Auto Shields","Defragment","Hologram","Letter Opener"],"campfire_rested":2,"item_purchase_floors":[2,5,22,27,37,37,45],"current_hp_per_floor":[74,74,74,74,74,74,65,57,57,57,57,57,57,52,52,29,75,75,62,46,32,32,5,29,29,36,36,22,22,22,10,34,7,82,82,67,67,58,58,58,52,52,52,59,59,22,46,37,65,10],"gold":79,"neow_bonus":"RANDOM_COMMON_RELIC","is_prod":false,"is_daily":false,"chose_seed":false,"campfire_upgraded":7,"win_rate":0,"timestamp":1538529046,"path_taken":["M","$","M","M","$","R","E","M","T","M","R","?","R","M","R","BOSS","M","M","M","M","$","E","M","R","T","$","E","R","?","M","R","BOSS","M","M","$","M","?","R","M","?","T","?","$","E","?","M","R","BOSS"],"build_version":"2018-09-27","purchased_purges":0,"victory":true,"max_hp_per_floor":[75,75,75,75,75,75,75,75,75,75,75,75,75,75,75,75,75,75,75,75,75,75,75,75,75,82,82,82,82,82,82,82,82,82,82,82,82,82,82,82,82,82,82,96,96,96,96,96,96,96],"card_choices":[{"not_picked":["Hologram","Melter","Double Energy"],"picked":"SKIP","floor":1.0},{"not_picked":["Ball Lightning","Tempest"],"picked":"Consume","floor":3.0},{"not_picked":["Doom and Gloom","BootSequence"],"picked":"Capacitor","floor":4.0},{"not_picked":["Glacier","Sweeping Beam"],"picked":"BootSequence","floor":7.0},{"not_picked":["Gash","Coolheaded"],"picked":"Steam","floor":8.0},{"not_picked":["FTL","Lockon","Chill"],"picked":"SKIP","floor":10.0},{"not_picked":["Go for the Eyes","Coolheaded"],"picked":"Conserve Battery","floor":14.0},{"not_picked":["Reboot","All For One"],"picked":"Electrodynamics","floor":16.0},{"not_picked":["Sweeping Beam+1","Compile Driver"],"picked":"Leap","floor":18.0},{"not_picked":["Lockon","Rebound"],"picked":"Conserve Battery","floor":19.0},{"not_picked":["Beam Cell","Sweeping Beam"],"picked":"Static Discharge","floor":20.0},{"not_picked":["Steam Power","Streamline"],"picked":"Static Discharge","floor":21.0},{"not_picked":["Compile Driver","Cold Snap+1"],"picked":"Leap","floor":23.0},{"not_picked":["White Noise","Scrape","Gash"],"picked":"SKIP","floor":24.0},{"not_picked":["Storm","Go for the Eyes"],"picked":"Creative AI","floor":28.0},{"not_picked":["Leap","Gash","Reinforced Body+1"],"picked":"SKIP","floor":31.0},{"not_picked":["Meteor Strike","All For One"],"picked":"Electrodynamics","floor":33.0},{"not_picked":["Barrage"],"picked":"SKIP","floor":35},{"not_picked":["Fusion"],"picked":"SKIP","floor":36},{"not_picked":["Gash"],"picked":"SKIP","floor":38},{"not_picked":["Gash"],"picked":"SKIP","floor":38},{"not_picked":["Streamline+1"],"picked":"SKIP","floor":41},{"not_picked":["Barrage+1"],"picked":"SKIP","floor":46},{"not_picked":["Rebound+1"],"picked":"SKIP","floor":48}],"player_experience":351300,"relics_obtained":[{"floor":7.0,"key":"Boot"},{"floor":9.0,"key":"Matryoshka"},{"floor":23.0,"key":"Du-Vu Doll"},{"floor":26.0,"key":"Strawberry"},{"floor":26.0,"key":"The Courier"},{"floor":28.0,"key":"Smiling Mask"},{"floor":30.0,"key":"Red Mask"},{"floor":42,"key":"Peace Pipe"},{"floor":43,"key":"Anchor"},{"floor":43,"key":"Bag of Preparation"},{"floor":44,"key":"Mango"},{"floor":46,"key":"Sundial"}],"event_choices":[{"event_name":"Upgrade Shrine","player_choice":"Upgraded","floor":12.0,"damage_taken":0.0},{"event_name":"Masked Bandits","player_choice":"Fought Bandits","floor":30.0,"damage_taken":0.0},{"event_name":"Falling","player_choice":"Removed Attack","floor":39,"damage_taken":0},{"event_name":"MindBloom","player_choice":"Fight","floor":42,"damage_taken":0},{"event_name":"Mysterious Sphere","player_choice":"Fight","floor":44,"damage_taken":0},{"event_name":"Winding Halls","player_choice":"Writhe","floor":47,"damage_taken":0}],"is_beta":false,"boss_relics":[{"not_picked":["Velvet Choker","Philosopher\u0027s Stone"],"picked":"Lizard Tail"},{"not_picked":["Runic Dome","Inserter"],"picked":"Busted Crown"}],"items_purged_floors":[],"is_endless":false,"potions_floor_spawned":[3,7,8,14,20,23,24,28,35,38,46,48],"ascension_level":1}