{"gold_per_floor":[117,136,150,150,166,197,208,208,283,283,297,297,331,348,348,450,450,462,462,39,239,252,252,287,287,287,287,302,302,319,319,319,420,420,437,99,99,111,124,150,150,165,165,199,209,223,233,247,247,247],"floor_reached":51,"playtime":4938,"items_purged":["Pain"],"score":743,"play_id":"77eecab0-5cfe-4108-9cc4-1c0700243a0e","local_time":"20190729163550","is_ascension_mode":false,"campfire_choices":[{"data":"Dagger Spray","floor":8.0,"key":"SMITH"},{"floor":12.0,"key":"REST"},{"data":"Leg Sweep","floor":15.0,"key":"SMITH"},{"data":"Infinite Blades","floor":23.0,"key":"SMITH"},{"data":"Adrenaline","floor":25.0,"key":"SMITH"},{"data":"Bandage Up","floor":29.0,"key":"SMITH"},{"data":"Adrenaline","floor":32.0,"key":"SMITH"},{"floor":41.0,"key":"REST"},{"floor":49.0,"key":"REST"}],"neow_cost":"NONE","seed_source_timestamp":27335322562633,"circlet_count":0,"master_deck":["Strike_G","Strike_G","Strike_G","Defend_G","Defend_G+1","Defend_G","Survivor","Neutralize","Dagger Spray+1","Dagger Throw+1","Blur+1","PiercingWail","Cloak And Dagger","Quick Slash+1","Leg Sweep+1","Adrenaline+1","Poisoned Stab+1","Adrenaline+1","Slice+1","Bandage Up+1","Infinite Blades+1","Blur","Deadly Poison","Poisoned Stab+1","Dash+1","A Thousand Cuts","Heel Hook+1","Flying Knee+1","Bullet Time+1","Prepared","Dodge and Roll","Footwork","Poisoned Stab+1","Backflip","Escape Plan+1","Deflect","Dodge and Roll","Crippling Poison"],"special_seed":0,"relics":["Ring of the Snake","Molten Egg 2","Shuriken","Pocketwatch","White Beast Statue","WarpedTongs","TheAbacus","Snake Skull","Bottled Flame","Astrolabe","Bottled Lightning","Smiling Mask","Singing Bowl","Calipers"],"potions_floor_usage":[50,50,50],"damage_taken":[{"damage":0.0,"enemies":"Small Slimes","floor":1.0,"turns":5.0},{"damage":0.0,"enemies":"2 Louse","floor":2.0,"turns":2.0},{"damage":0.0,"enemies":"Cultist","floor":3.0,"turns":3.0},{"damage":0.0,"enemies":"Red Slaver","floor":5.0,"turns":4.0},{"damage":18.0,"enemies":"3 Sentries","floor":6.0,"turns":11.0},{"damage":0.0,"enemies":"Blue Slaver","floor":7.0,"turns":5.0},{"damage":0.0,"enemies":"2 Fungi Beasts","floor":11.0,"turns":2.0},{"damage":0.0,"enemies":"Gremlin Nob","floor":13.0,"turns":3.0},{"damage":0.0,"enemies":"Looter","floor":14.0,"turns":2.0},{"damage":9.0,"enemies":"Slime Boss","floor":16.0,"turns":7.0},{"damage":0.0,"enemies":"Spheric Guardian","floor":18.0,"turns":3.0},{"damage":0.0,"enemies":"Chosen","floor":22.0,"turns":4.0},{"damage":19.0,"enemies":"Slavers","floor":24.0,"turns":6.0},{"damage":0.0,"enemies":"Centurion and Healer","floor":28.0,"turns":5.0},{"damage":0.0,"enemies":"Snake Plant","floor":30.0,"turns":5.0},{"damage":16.0,"enemies":"Automaton","floor":33.0,"turns":9.0},{"damage":11.0,"enemies":"3 Darklings","floor":35.0,"turns":4.0},{"damage":0.0,"enemies":"3 Shapes","floor":38.0,"turns":3.0},{"damage":0.0,"enemies":"Transient","floor":39.0,"turns":5.0},{"damage":39.0,"enemies":"Giant Head","floor":40.0,"turns":8.0},{"damage":8.0,"enemies":"Maw","floor":42.0,"turns":7.0},{"damage":17.0,"enemies":"Nemesis","floor":44.0,"turns":9.0},{"damage":13.0,"enemies":"Sphere and 2 Shapes","floor":45.0,"turns":6.0},{"damage":18.0,"enemies":"3 Darklings","floor":46.0,"turns":3.0},{"damage":0.0,"enemies":"Transient","floor":47.0,"turns":5.0},{"damage":12.0,"enemies":"Spire Growth","floor":48.0,"turns":4.0},{"damage":25,"enemies":"Awakened One","floor":50,"turns":13}],"seed_played":"4185832431763484664","potions_obtained":[{"floor":3.0,"key":"Poison Potion"},{"floor":7.0,"key":"FearPotion"},{"floor":14.0,"key":"Poison Potion"},{"floor":18.0,"key":"PowerPotion"},{"floor":22.0,"key":"GhostInAJar"},{"floor":24.0,"key":"SpeedPotion"},{"floor":28.0,"key":"Dexterity Potion"},{"floor":30.0,"key":"LiquidBronze"},{"floor":33.0,"key":"Fire Potion"},{"floor":35.0,"key":"SpeedPotion"},{"floor":38.0,"key":"Energy Potion"},{"floor":39.0,"key":"SpeedPotion"},{"floor":40.0,"key":"Fruit Juice"},{"floor":42.0,"key":"Ancient Potion"},{"floor":44.0,"key":"Regen Potion"},{"floor":45.0,"key":"FearPotion"},{"floor":46.0,"key":"PowerPotion"},{"floor":47.0,"key":"Strength Potion"},{"floor":48.0,"key":"FearPotion"}],"is_trial":false,"path_per_floor":["M","M","M","?","M","E","M","R","T","?","M","R","E","M","R","B",null,"M","?","$","?","M","R","E","R","T","?","M","R","M","?","R","B",null,"M","$","?","M","M","E","R","M","T","E","M","M","M","M","R","B",null],"character_chosen":"THE_SILENT","items_purchased":["Bandage Up","Infinite Blades","TheAbacus","Dodge and Roll","Bottled Lightning","Footwork"],"campfire_rested":3,"item_purchase_floors":[20,20,20,36,36,36],"current_hp_per_floor":[70,70,70,70,70,52,52,52,52,38,38,59,59,59,59,50,70,70,70,70,70,70,70,51,51,51,51,55,55,61,61,61,51,70,59,59,59,65,70,42,64,62,62,51,61,49,55,45,68,49],"gold":247,"neow_bonus":"REMOVE_CARD","is_prod":false,"is_daily":false,"chose_seed":false,"campfire_upgraded":6,"win_rate":0,"timestamp":1564410950,"path_taken":["M","M","M","?","M","E","M","R","T","?","M","R","E","M","R","BOSS","M","?","$","?","?","R","E","R","T","?","M","R","?","?","R","BOSS","M","$","?","M","M","E","R","M","T","E","M","?","M","M","R","BOSS"],"build_version":"2019-07-17","purchased_purges":1,"victory":true,"max_hp_per_floor":[70,70,70,70,70,70,70,70,70,70,70,70,70,70,70,70,70,70,70,70,70,70,70,70,70,70,70,70,70,70,70,70,70,70,70,70,70,70,70,75,75,75,75,75,77,77,77,79,79,79],"card_choices":[{"not_picked":["Accuracy","Slice"],"picked":"Dagger Spray","floor":1.0},{"not_picked":["Acrobatics","Sucker Punch"],"picked":"Dagger Throw","floor":2.0},{"not_picked":["Tactician","Prepared"],"picked":"Blur","floor":3.0},{"not_picked":["Bane","Underhanded Strike"],"picked":"PiercingWail","floor":5.0},{"not_picked":["Deadly Poison","Underhanded Strike"],"picked":"Cloak And Dagger","floor":6.0},{"not_picked":["Backstab+1","Endless Agony+1"],"picked":"Quick Slash+1","floor":7.0},{"not_picked":["Prepared","Dagger Spray+1"],"picked":"Leg Sweep","floor":11.0},{"not_picked":["Calculated Gamble","Masterful Stab+1"],"picked":"Adrenaline","floor":13.0},{"not_picked":["Dagger Throw+1","Deadly Poison"],"picked":"Poisoned Stab+1","floor":14.0},{"not_picked":["Bullet Time","Malaise"],"picked":"Adrenaline","floor":16.0},{"not_picked":["Flying Knee+1","Dagger Spray+1"],"picked":"Slice+1","floor":18.0},{"not_picked":["Predator+1","Leg Sweep"],"picked":"Reflex","floor":22.0},{"not_picked":["Terror","Sucker Punch+1"],"picked":"Blur","floor":24.0},{"not_picked":["Prepared","Terror"],"picked":"Deadly Poison","floor":28.0},{"not_picked":["Flying Knee+1","Riddle With Holes+1"],"picked":"Poisoned Stab+1","floor":30.0},{"not_picked":["Storm of Steel","Unload+1"],"picked":"A Thousand Cuts","floor":33.0},{"not_picked":["Accuracy+1","PiercingWail+1"],"picked":"Prepared","floor":35.0},{"not_picked":["Leg Sweep+1","Outmaneuver","Prepared"],"picked":"SKIP","floor":38.0},{"not_picked":["Choke+1","Accuracy+1"],"picked":"Poisoned Stab+1","floor":39.0},{"not_picked":["Dagger Spray+1","Flying Knee+1"],"picked":"Backflip","floor":40.0},{"not_picked":["Flying Knee+1","Choke+1"],"picked":"Escape Plan+1","floor":42.0},{"not_picked":["Dagger Spray+1","Deadly Poison"],"picked":"Deflect","floor":44.0},{"not_picked":["Prepared+1","Flying Knee+1","Deflect"],"picked":"Singing Bowl","floor":45.0},{"not_picked":["Prepared","Malaise"],"picked":"Dodge and Roll","floor":46.0},{"not_picked":["Concentrate","Cloak And Dagger+1"],"picked":"Crippling Poison","floor":47.0},{"not_picked":["Underhanded Strike+1","Quick Slash+1","Heel Hook+1"],"picked":"Singing Bowl","floor":48.0}],"player_experience":375595,"relics_obtained":[{"floor":6.0,"key":"Molten Egg 2"},{"floor":9.0,"key":"Shuriken"},{"floor":13.0,"key":"Pocketwatch"},{"floor":24.0,"key":"Snake Skull"},{"floor":26.0,"key":"Bottled Flame"},{"floor":40.0,"key":"Smiling Mask"},{"floor":43.0,"key":"Singing Bowl"},{"floor":44.0,"key":"Calipers"}],"event_choices":[{"damage_healed":0.0,"max_hp_gain":0.0,"max_hp_loss":0.0,"gold_gain":0.0,"event_name":"Living Wall","player_choice":"Grow","floor":4.0,"gold_loss":0.0,"damage_taken":0.0,"cards_upgraded":["Blur"]},{"damage_healed":0.0,"max_hp_gain":0.0,"max_hp_loss":0.0,"gold_gain":0.0,"event_name":"Shining Light","player_choice":"Entered Light","floor":10.0,"gold_loss":0.0,"damage_taken":14.0,"cards_upgraded":["Defend_G","Dagger Throw"]},{"damage_healed":0.0,"max_hp_gain":0.0,"max_hp_loss":0.0,"gold_gain":0.0,"event_name":"Accursed Blacksmith","player_choice":"Rummage","floor":19.0,"gold_loss":0.0,"damage_taken":0.0,"relics_obtained":["WarpedTongs"],"cards_obtained":["Pain"]},{"damage_healed":0.0,"max_hp_gain":0.0,"max_hp_loss":0.0,"gold_gain":200.0,"event_name":"Wheel of Change","player_choice":"Gold","floor":21.0,"gold_loss":0.0,"damage_taken":0.0},{"cards_removed":["Defend_G"],"damage_healed":0.0,"max_hp_gain":0.0,"max_hp_loss":0.0,"gold_gain":0.0,"event_name":"Purifier","player_choice":"Purged","floor":27.0,"gold_loss":0.0,"damage_taken":0.0},{"damage_healed":0.0,"max_hp_gain":0.0,"max_hp_loss":0.0,"gold_gain":0.0,"event_name":"The Library","player_choice":"Read","floor":31.0,"gold_loss":0.0,"damage_taken":0.0,"cards_obtained":["Dash"]},{"damage_healed":0.0,"max_hp_gain":0.0,"max_hp_loss":0.0,"gold_gain":0.0,"event_name":"FaceTrader","player_choice":"Leave","floor":37.0,"gold_loss":0.0,"damage_taken":0.0}],"is_beta":false,"boss_relics":[{"not_picked":["Runic Dome","Lizard Tail"],"picked":"White Beast Statue"},{"not_picked":["Pandora\u0027s Box","HoveringKite"],"picked":"Astrolabe"}],"items_purged_floors":[20],"is_endless":false,"potions_floor_spawned":[3,7,14,18,22,24,28,30,33,35,38,39,40,42,44,45,46,47,48],"ascension_level":0}