{"gold_per_floor":[114,130,141,161,179,179,208,208,261,261,278,278,298,308,308,411,411,423,442,460,479,146,146,146,146,146,157,173,186,35,35,35,140,140,154,154,164,164,176,176,186,186,210,210,224,224,236,19,19,19],"floor_reached":51,"playtime":3633,"items_purged":["Defend_G","Strike_G+1"],"score":920,"play_id":"93bc6375-030a-4e4d-83ff-5d2b2437d58f","local_time":"20180703230041","is_ascension_mode":true,"campfire_choices":[{"data":"Quick Slash","floor":6,"key":"SMITH"},{"data":"Deadly Poison","floor":8,"key":"SMITH"},{"floor":10,"key":"REST"},{"data":"Backflip","floor":12,"key":"SMITH"},{"data":"Noxious Fumes","floor":15,"key":"SMITH"},{"floor":23,"key":"REST"},{"floor":25,"key":"REST"},{"data":"Burst","floor":32,"key":"SMITH"},{"floor":40,"key":"REST"},{"data":"After Image","floor":42,"key":"SMITH"},{"data":"Madness","floor":46,"key":"SMITH"},{"floor":49,"key":"REST"}],"neow_cost":"NONE","seed_source_timestamp":0,"circlet_count":0,"master_deck":["Defend_G+1","Defend_G+1","Defend_G+1","Defend_G+1","Strike_G+1","Strike_G+1","Survivor","Neutralize+1","Quick Slash+1","Dagger Spray+1","Flying Knee","Deflect","Deflect","Deadly Poison+1","Backflip+1","Bouncing Flask","Noxious Fumes+1","After Image+1","Backstab","Dash","Backflip+1","Thinking Ahead","Leg Sweep","Burst+1","Madness+1","Distraction+1","Catalyst+1","Escape Plan"],"special_seed":17715,"relics":["Ring of the Snake","Whetstone","Snake Skull","Empty Cage","Paper Crane","Eternal Feather","Anchor"],"potions_floor_usage":[5,7,7,16,20,21,29,33,33,33,39,50],"damage_taken":[{"damage":0,"enemies":"Small Slimes","floor":1,"turns":3},{"damage":0,"enemies":"Cultist","floor":2,"turns":4},{"damage":2,"enemies":"Jaw Worm","floor":3,"turns":5},{"damage":0,"enemies":"Large Slime","floor":4,"turns":5},{"damage":1,"enemies":"2 Fungi Beasts","floor":5,"turns":4},{"damage":40,"enemies":"Lagavulin","floor":7,"turns":9},{"damage":2,"enemies":"Exordium Wildlife","floor":11,"turns":3},{"damage":1,"enemies":"Blue Slaver","floor":13,"turns":3},{"damage":5,"enemies":"3 Louse","floor":14,"turns":2},{"damage":12,"enemies":"The Guardian","floor":16,"turns":9},{"damage":16,"enemies":"2 Thieves","floor":18,"turns":4},{"damage":18,"enemies":"Spheric Guardian","floor":19,"turns":4},{"damage":6,"enemies":"Snake Plant","floor":20,"turns":5},{"damage":15,"enemies":"3 Cultists","floor":21,"turns":5},{"damage":0,"enemies":"Centurion and Healer","floor":27,"turns":6},{"damage":0,"enemies":"Snake Plant","floor":28,"turns":4},{"damage":0,"enemies":"Cultist and Chosen","floor":29,"turns":8},{"damage":0,"enemies":"Collector","floor":33,"turns":10},{"damage":5,"enemies":"Orb Walker","floor":35,"turns":5},{"damage":0,"enemies":"3 Shapes","floor":37,"turns":5},{"damage":35,"enemies":"Transient","floor":39,"turns":5},{"damage":4,"enemies":"3 Darklings","floor":41,"turns":6},{"damage":2,"enemies":"Maw","floor":45,"turns":8},{"damage":14,"enemies":"Spire Growth","floor":47,"turns":7},{"damage":16,"enemies":"Donu and Deca","floor":50,"turns":11}],"seed_played":"-5295216616361332357","potions_obtained":[{"floor":2,"key":"Regen Potion"},{"floor":3,"key":"Block Potion"},{"floor":4,"key":"GamblersBrew"},{"floor":5,"key":"SpeedPotion"},{"floor":13,"key":"Ancient Potion"},{"floor":16,"key":"FearPotion"},{"floor":18,"key":"Explosive Potion"},{"floor":19,"key":"Block Potion"},{"floor":21,"key":"EntropicBrew"},{"floor":37,"key":"FearPotion"},{"floor":41,"key":"GhostInAJar"},{"floor":47,"key":"Swift Potion"}],"is_trial":false,"path_per_floor":["M","M","M","M","M","R","E","R","T","R","M","R","M","M","R","B",null,"M","M","M","M","$","R","?","R","T","M","M","M","$","?","R","B",null,"M","?","M","?","M","R","M","R","T","?","M","R","M","$","R","B"],"character_chosen":"THE_SILENT","items_purchased":["Thinking Ahead","Leg Sweep","Burst","Escape Plan","SpeedPotion"],"campfire_rested":5,"item_purchase_floors":[22,22,30,48,48],"current_hp_per_floor":[63,63,61,61,60,60,35,35,35,56,54,54,53,48,48,36,62,46,28,22,7,7,28,28,49,49,49,49,49,49,49,49,49,65,60,51,51,51,16,47,43,53,53,53,51,61,47,47,70,54],"gold":19,"neow_bonus":"UPGRADE_CARD","is_prod":false,"is_daily":false,"chose_seed":false,"campfire_upgraded":7,"win_rate":0,"timestamp":1530651641,"path_taken":["M","M","M","M","M","R","E","R","T","R","M","R","M","M","R","BOSS","M","M","M","M","$","R","?","R","T","M","M","M","?","?","R","BOSS","M","?","M","?","?","R","M","R","T","?","M","R","M","$","R","BOSS"],"build_version":"2018-07-02","purchased_purges":2,"victory":true,"max_hp_per_floor":[70,70,70,70,70,70,70,70,70,70,70,70,70,70,70,70,70,70,70,70,70,70,70,70,70,70,70,70,70,70,70,70,70,70,70,70,70,70,70,70,70,70,70,70,70,70,70,70,70,70],"card_choices":[{"not_picked":["Dodge and Roll","PiercingWail"],"picked":"Quick Slash","floor":1},{"not_picked":["Malaise","Sucker Punch"],"picked":"Dagger Spray","floor":2},{"not_picked":["Grand Finale","Endless Agony"],"picked":"Flying Knee","floor":3},{"not_picked":["Skewer","Predator"],"picked":"Deflect","floor":4},{"not_picked":["Expertise","PiercingWail"],"picked":"Deflect","floor":5},{"not_picked":["Infinite Blades","Acrobatics"],"picked":"Deadly Poison","floor":7},{"not_picked":["Dagger Spray","Calculated Gamble"],"picked":"Backflip","floor":11},{"not_picked":["Well Laid Plans","Dodge and Roll"],"picked":"Bouncing Flask","floor":13},{"not_picked":["Glass Knife","PiercingWail"],"picked":"Noxious Fumes","floor":14},{"not_picked":["Glass Knife","Adrenaline"],"picked":"After Image","floor":16},{"not_picked":["Masterful Stab+1","Terror"],"picked":"Backstab","floor":18},{"not_picked":["Poisoned Stab+1","Underhanded Strike+1"],"picked":"Dash","floor":19},{"not_picked":["Infinite Blades","Accuracy","Deadly Poison+1"],"picked":"SKIP","floor":20},{"not_picked":["All Out Attack","Sucker Punch"],"picked":"Backflip+1","floor":21},{"not_picked":["Cloak And Dagger","Crippling Poison","Glass Knife"],"picked":"SKIP","floor":27},{"not_picked":["Flying Knee+1","Underhanded Strike","Dagger Spray"],"picked":"SKIP","floor":28},{"not_picked":["Deflect","Flechettes+1","Dodge and Roll"],"picked":"SKIP","floor":29},{"not_picked":["Backstab","Dash","Outmaneuver"],"picked":"SKIP","floor":35},{"not_picked":["Blade Dance+1","Slice","Prepared"],"picked":"SKIP","floor":37},{"not_picked":["Underhanded Strike","Acrobatics+1","Predator"],"picked":"SKIP","floor":39},{"not_picked":["Bane+1","Dagger Spray"],"picked":"Distraction+1","floor":41},{"not_picked":["Malaise","Adrenaline"],"picked":"Catalyst+1","floor":45},{"not_picked":["Deflect","Bane+1","Flying Knee+1"],"picked":"SKIP","floor":47}],"player_experience":561792,"relics_obtained":[{"floor":7,"key":"Whetstone"},{"floor":9,"key":"Snake Skull"},{"floor":26,"key":"Paper Crane"},{"floor":43,"key":"Anchor"}],"event_choices":[{"event_name":"Back to Basics","player_choice":"Simplicity","floor":24,"damage_taken":0},{"event_name":"Drug Dealer","player_choice":"Ignored","floor":31,"damage_taken":0},{"event_name":"Winding Halls","player_choice":"Embrace Madness","floor":36,"damage_taken":0},{"event_name":"Falling","player_choice":"Removed Skill","floor":38,"damage_taken":0},{"event_name":"Mysterious Sphere","player_choice":"Ignore","floor":44,"damage_taken":0}],"boss_relics":[{"not_picked":["Fusion Hammer","Philosopher\u0027s Stone"],"picked":"Empty Cage"},{"not_picked":["Orrery","Coffee Dripper"],"picked":"Eternal Feather"}],"items_purged_floors":[22,48],"is_endless":false,"potions_floor_spawned":[2,3,4,5,13,16,18,19,21,37,41,47],"ascension_level":8}