{"gold_per_floor":[117,117,117,132,149,207,217,247,247,247,247,277,1,17,17,116,116,129,129,146,146,146,175,175,202,202,71,84,109,509,509,509,610,610,624,1623,1638,1638,1638,1638,1664,778,778,778,807,807,807,836,836,836],"floor_reached":51,"playtime":7859,"items_purged":["Normality"],"score":956,"play_id":"163f74b3-6f95-4d51-a24c-c2be336a82fa","local_time":"20190727110433","is_ascension_mode":true,"campfire_choices":[{"data":"Go for the Eyes","floor":11,"key":"SMITH"},{"floor":15,"key":"RECALL"},{"floor":32,"key":"REST"},{"data":"1","floor":40,"key":"LIFT"},{"data":"Electrodynamics","floor":46,"key":"SMITH"},{"data":"2","floor":49,"key":"LIFT"}],"neow_cost":"NONE","seed_source_timestamp":1190495155730997,"circlet_count":0,"master_deck":["Strike_B+1","Strike_B+1","Defend_B","Defend_B","Zap","Dualcast+1","Cold Snap","Ball Lightning","Beam Cell","Cold Snap","Beam Cell","Go for the Eyes+1","BootSequence+1","Panacea+1","Redo+1","Core Surge","All For One","Undo+1","Ball Lightning+1","Defragment+1","Stack+1","Conserve Battery+1","Turbo+1","Rebound+1","Undo+1","Hologram+1","Good Instincts+1","Loop+1","Conserve Battery+1","Fusion+1","RitualDagger","Electrodynamics+1","Hello World+1","Normality","White Noise+1","Storm","The Bomb+1","Panacea+1","Coolheaded+1","Capacitor"],"relics":["Cracked Core","NeowsBlessing","Tiny Chest","Centennial Puzzle","Happy Flower","Toxic Egg 2","Juzu Bracelet","Astrolabe","Shuriken","Bag of Preparation","Nilry\u0027s Codex","Meat on the Bone","Bottled Tornado","Girya","Old Coin","Darkstone Periapt","Philosopher\u0027s Stone","Smiling Mask","Whetstone","Regal Pillow","Lee\u0027s Waffle","Sundial","Boot","Mercury Hourglass"],"potions_floor_usage":[12,16,33,33,33,41,50,50],"damage_taken":[{"damage":0,"enemies":"Small Slimes","floor":1,"turns":1},{"damage":0,"enemies":"2 Louse","floor":4,"turns":1},{"damage":0,"enemies":"Cultist","floor":5,"turns":1},{"damage":4,"enemies":"Gremlin Nob","floor":6,"turns":3},{"damage":2,"enemies":"Exordium Thugs","floor":7,"turns":4},{"damage":4,"enemies":"Lagavulin","floor":8,"turns":7},{"damage":16,"enemies":"Gremlin Nob","floor":12,"turns":3},{"damage":0,"enemies":"Exordium Wildlife","floor":14,"turns":3},{"damage":11,"enemies":"Slime Boss","floor":16,"turns":9},{"damage":2,"enemies":"Spheric Guardian","floor":18,"turns":4},{"damage":7,"enemies":"3 Byrds","floor":20,"turns":4},{"damage":8,"enemies":"Slavers","floor":23,"turns":4},{"damage":6,"enemies":"Gremlin Leader","floor":25,"turns":7},{"damage":0,"enemies":"Centurion and Healer","floor":28,"turns":7},{"damage":1,"enemies":"Slavers","floor":29,"turns":4},{"damage":0,"enemies":"Colosseum Slavers","floor":30,"turns":4},{"damage":5,"enemies":"Colosseum Nobs","floor":30,"turns":3},{"damage":1,"enemies":"Champ","floor":33,"turns":7},{"damage":24,"enemies":"3 Darklings","floor":35,"turns":5},{"damage":8,"enemies":"3 Shapes","floor":37,"turns":4},{"damage":20,"enemies":"Reptomancer","floor":41,"turns":5},{"damage":30,"enemies":"Nemesis","floor":45,"turns":9},{"damage":7,"enemies":"Giant Head","floor":48,"turns":5},{"damage":12,"enemies":"Donu and Deca","floor":50,"turns":6}],"seed_played":"-3394000161047740226","potions_obtained":[{"floor":4,"key":"SteroidPotion"},{"floor":5,"key":"Energy Potion"},{"floor":7,"key":"FearPotion"},{"floor":14,"key":"Weak Potion"},{"floor":23,"key":"SteroidPotion"},{"floor":28,"key":"FearPotion"},{"floor":30,"key":"PowerPotion"},{"floor":35,"key":"FearPotion"},{"floor":37,"key":"EssenceOfSteel"},{"floor":48,"key":"FocusPotion"}],"is_trial":false,"path_per_floor":["M","?","?","M","M","E","M","E","T","T","R","E","$","M","R","B",null,"M","?","M","?","T","E","?","E","T","$","M","E","?","?","R","B",null,"M","?","M","?","?","R","E","$","T","?","E","R","?","E","R","B",null],"character_chosen":"DEFECT","items_purchased":["Juzu Bracelet","Panacea+1","Redo+1","Hologram+1","Good Instincts+1","Whetstone","Regal Pillow","Lee\u0027s Waffle","PowerPotion","FairyPotion","The Bomb+1"],"campfire_rested":1,"item_purchase_floors":[13,13,13,27,27,42,42,42,42,42,42],"current_hp_per_floor":[75,80,80,80,80,76,74,70,70,70,70,54,54,54,54,43,80,78,78,71,71,71,63,47,41,41,41,41,52,47,41,65,64,80,56,68,60,60,60,60,52,94,94,94,64,64,64,57,57,57],"gold":836,"neow_bonus":"THREE_ENEMY_KILL","is_prod":false,"is_daily":false,"chose_seed":false,"campfire_upgraded":2,"win_rate":0,"timestamp":1564243473,"path_taken":["M","?","?","M","M","E","?","E","T","?","R","E","?","M","R","BOSS","M","?","M","?","?","E","?","E","T","$","M","E","?","?","R","BOSS","M","?","M","?","?","R","E","$","T","?","E","R","?","E","R","BOSS"],"build_version":"2019-07-17","purchased_purges":1,"victory":true,"max_hp_per_floor":[75,80,80,80,80,80,80,80,80,80,80,80,80,80,80,80,80,80,80,80,80,80,80,80,80,80,80,80,80,80,80,80,80,80,80,92,92,92,87,87,87,94,94,94,94,94,94,94,94,94],"card_choices":[{"not_picked":["Barrage","Auto Shields"],"picked":"Cold Snap","floor":1},{"not_picked":["Leap","Stack"],"picked":"Ball Lightning","floor":4},{"not_picked":["Doom and Gloom","Steam Power"],"picked":"Beam Cell","floor":5},{"not_picked":["Hologram","Auto Shields"],"picked":"Cold Snap","floor":6},{"not_picked":["Redo","Creative AI"],"picked":"Beam Cell","floor":7},{"not_picked":["Stack","Barrage"],"picked":"Go for the Eyes","floor":8},{"not_picked":["Coolheaded","Streamline"],"picked":"BootSequence","floor":12},{"not_picked":["Force Field+1","Barrage"],"picked":"Core Surge","floor":14},{"not_picked":["Hyperbeam","Multi-Cast+1"],"picked":"All For One","floor":16},{"not_picked":["Lockon","Ball Lightning"],"picked":"Stack+1","floor":18},{"not_picked":["Beam Cell","Streamline"],"picked":"Turbo+1","floor":20},{"not_picked":["Steam+1","Buffer"],"picked":"Rebound+1","floor":23},{"not_picked":["Streamline","BootSequence+1"],"picked":"Undo+1","floor":25},{"not_picked":["Hello World","Coolheaded+1"],"picked":"Loop+1","floor":28},{"not_picked":["Echo Form","Hologram+1"],"picked":"Conserve Battery+1","floor":29},{"not_picked":["Consume+1","Static Discharge"],"picked":"Fusion+1","floor":30},{"not_picked":["Hyperbeam","Creative AI"],"picked":"Electrodynamics","floor":33},{"not_picked":["Sunder","Reinforced Body+1"],"picked":"Hello World+1","floor":35},{"not_picked":["Streamline+1","Ball Lightning"],"picked":"White Noise+1","floor":37},{"not_picked":["Rebound+1","Rip and Tear"],"picked":"Storm","floor":41},{"not_picked":["HandOfGreed","Bandage Up+1"],"picked":"Panacea+1","floor":44},{"not_picked":["Auto Shields+1","Defragment"],"picked":"Coolheaded+1","floor":45},{"not_picked":["Rip and Tear","Aggregate+1"],"picked":"Capacitor","floor":48}],"player_experience":72609,"relics_obtained":[{"floor":6,"key":"Tiny Chest"},{"floor":8,"key":"Centennial Puzzle"},{"floor":9,"key":"Happy Flower"},{"floor":12,"key":"Toxic Egg 2"},{"floor":22,"key":"Shuriken"},{"floor":23,"key":"Bag of Preparation"},{"floor":24,"key":"Nilry\u0027s Codex"},{"floor":25,"key":"Meat on the Bone"},{"floor":26,"key":"Bottled Tornado"},{"floor":29,"key":"Girya"},{"floor":30,"key":"Old Coin"},{"floor":30,"key":"Darkstone Periapt"},{"floor":41,"key":"Smiling Mask"},{"floor":43,"key":"Sundial"},{"floor":45,"key":"Boot"},{"floor":48,"key":"Mercury Hourglass"}],"event_choices":[{"damage_healed":0,"gold_gain":0,"player_choice":"Donut","damage_taken":0,"max_hp_gain":5,"max_hp_loss":0,"event_name":"Big Fish","floor":2,"gold_loss":0},{"damage_healed":0,"gold_gain":0,"player_choice":"Upgraded","damage_taken":0,"max_hp_gain":0,"max_hp_loss":0,"event_name":"Upgrade Shrine","floor":3,"gold_loss":0,"cards_upgraded":["Dualcast"]},{"damage_healed":0,"gold_gain":0,"player_choice":"Read","damage_taken":0,"max_hp_gain":0,"max_hp_loss":0,"event_name":"The Library","floor":19,"gold_loss":0,"cards_obtained":["Conserve Battery"]},{"damage_healed":0,"gold_gain":0,"player_choice":"Ignored","damage_taken":0,"max_hp_gain":0,"max_hp_loss":0,"event_name":"Ghosts","floor":21,"gold_loss":0},{"damage_healed":0,"gold_gain":0,"player_choice":"Obtained Book","damage_taken":16,"max_hp_gain":0,"max_hp_loss":0,"event_name":"Cursed Tome","floor":24,"gold_loss":0},{"damage_healed":0,"gold_gain":0,"player_choice":"Fight","damage_taken":0,"max_hp_gain":0,"max_hp_loss":0,"event_name":"Colosseum","floor":30,"gold_loss":0},{"damage_healed":0,"gold_gain":0,"player_choice":"Fought Nobs","damage_taken":0,"max_hp_gain":0,"max_hp_loss":0,"event_name":"Colosseum","floor":30,"gold_loss":0},{"damage_healed":0,"gold_gain":0,"player_choice":"Joined the Cult","damage_taken":6,"max_hp_gain":0,"max_hp_loss":0,"event_name":"Nest","floor":31,"gold_loss":0,"cards_obtained":["RitualDagger"]},{"damage_healed":0,"gold_gain":999,"player_choice":"Gold","damage_taken":0,"max_hp_gain":0,"max_hp_loss":0,"event_name":"MindBloom","floor":36,"gold_loss":0,"cards_obtained":["Normality","Normality"]},{"damage_healed":0,"gold_gain":0,"player_choice":"Ignored","damage_taken":0,"max_hp_gain":0,"max_hp_loss":0,"event_name":"Tomb of Lord Red Mask","floor":38,"gold_loss":0},{"damage_healed":0,"gold_gain":0,"player_choice":"Max HP","damage_taken":0,"max_hp_gain":0,"max_hp_loss":5,"event_name":"Winding Halls","floor":39,"gold_loss":0},{"damage_healed":0,"gold_gain":0,"player_choice":"Memory 1","damage_taken":0,"max_hp_gain":0,"max_hp_loss":0,"event_name":"SensoryStone","floor":44,"gold_loss":0},{"cards_removed":["Defend_B"],"damage_healed":0,"gold_gain":0,"player_choice":"Purged","damage_taken":0,"max_hp_gain":0,"max_hp_loss":0,"event_name":"Purifier","floor":47,"gold_loss":0}],"is_beta":false,"boss_relics":[{"not_picked":["Cursed Key","Velvet Choker"],"picked":"Astrolabe"},{"not_picked":["Calling Bell","Runic Pyramid"],"picked":"Philosopher\u0027s Stone"}],"items_purged_floors":[42],"is_endless":false,"potions_floor_spawned":[4,5,7,14,23,28,30,30,35,37,48],"ascension_level":2}