{"gold_per_floor":[114,140,151,168,182,182,182,182,182,182,30,30,49,49,49,49],"floor_reached":16,"playtime":572,"items_purged":["Strike_G"],"score":90,"play_id":"198bd6ab-b327-42b8-bd55-e408c27e33b1","local_time":"20180628132153","is_ascension_mode":false,"campfire_choices":[{"data":"Neutralize","floor":6.0,"key":"SMITH"},{"data":"Backflip","floor":8.0,"key":"SMITH"},{"floor":10.0,"key":"DIG"},{"floor":12.0,"key":"DIG"},{"floor":15.0,"key":"DIG"}],"neow_cost":"","seed_source_timestamp":0,"circlet_count":0,"master_deck":["Defend_G","Defend_G","Defend_G","Defend_G","Defend_G","Strike_G","Strike_G","Strike_G+1","Strike_G+1","Survivor","Neutralize+1","Infinite Blades","Caltrops","PiercingWail","Backflip+1","Escape Plan","Deadly Poison"],"special_seed":0,"relics":["Ring of the Snake","Blood Vial","Shovel","Whetstone","Pen Nib","The Courier"],"potions_floor_usage":[16],"damage_taken":[{"damage":0.0,"enemies":"Cultist","floor":1.0,"turns":4.0},{"damage":0.0,"enemies":"2 Louse","floor":3.0,"turns":3.0},{"damage":0.0,"enemies":"Jaw Worm","floor":4.0,"turns":3.0},{"damage":0.0,"enemies":"Large Slime","floor":5.0,"turns":7.0},{"damage":0.0,"enemies":"Looter","floor":13.0,"turns":4.0},{"damage":2,"enemies":"The Guardian","floor":16,"turns":3}],"seed_played":"1244615323167028476","potions_obtained":[{"floor":1.0,"key":"SteroidPotion"},{"floor":4.0,"key":"Fire Potion"},{"floor":13.0,"key":"SteroidPotion"}],"is_trial":true,"path_per_floor":["M","T","M","M","M","R","?","R","T","R","$","R","M","?","R"],"character_chosen":"THE_SILENT","items_purchased":["Escape Plan"],"campfire_rested":0,"item_purchase_floors":[],"current_hp_per_floor":[1,1,1,1,1,1,1,1,1,1,1,1,1,1,1,0],"gold":49,"neow_bonus":"","is_prod":false,"is_daily":false,"chose_seed":false,"campfire_upgraded":2,"win_rate":0,"timestamp":1530184913,"path_taken":["M","?","M","M","M","R","?","R","T","R","$","R","M","?","R","BOSS"],"build_version":"2018-06-27","purchased_purges":1,"victory":false,"max_hp_per_floor":[1,1,1,1,1,1,1,1,1,1,1,1,1,1,1,1],"card_choices":[{"not_picked":["Reflex","Finisher"],"picked":"Infinite Blades","floor":1.0},{"not_picked":["Finisher","Slice"],"picked":"Caltrops","floor":3.0},{"not_picked":["Blade Dance","Bane"],"picked":"PiercingWail","floor":4.0},{"not_picked":["Heel Hook","Distraction"],"picked":"Backflip","floor":5.0},{"not_picked":["Accuracy","Prepared"],"picked":"Deadly Poison","floor":13.0}],"player_experience":539961,"relics_obtained":[{"floor":2.0,"key":"Blood Vial"},{"floor":9.0,"key":"Shovel"},{"floor":10.0,"key":"Whetstone"},{"floor":12.0,"key":"Pen Nib"},{"floor":15.0,"key":"The Courier"}],"event_choices":[{"event_name":"Golden Wing","player_choice":"Ignored","floor":7.0,"damage_taken":0.0},{"event_name":"Dead Adventurer","player_choice":"Searched \u00270\u0027 times","floor":14.0,"damage_taken":0.0},{"event_name":"Dead Adventurer","player_choice":"Searched \u00270\u0027 times","floor":14.0,"damage_taken":0.0}],"boss_relics":[],"items_purged_floors":[],"is_endless":false,"potions_floor_spawned":[1,4,13],"killed_by":"The Guardian","ascension_level":0}