{"gold_per_floor":[116,41,57,57,71,99,99,113,139,139,39,58,58,58,58,157,157,170,45,45,45,45,45,65,85,85,102,102,112,141,161,161,258,258,278,296,296,52,1051,1051],"floor_reached":40,"playtime":1039,"items_purged":["Shame","Strike_R","Strike_R","Strike_R"],"score":431,"play_id":"2ee15682-08cf-4c07-84dc-ae544442ab40","local_time":"20190723190223","is_ascension_mode":false,"campfire_choices":[{"data":"Body Slam","floor":7.0,"key":"SMITH"},{"data":"Body Slam","floor":10.0,"key":"SMITH"},{"data":"Flame Barrier","floor":13,"key":"SMITH"},{"data":"Defend_R","floor":15,"key":"SMITH"},{"data":"Defend_R","floor":23,"key":"SMITH"},{"data":"Defend_R","floor":28,"key":"SMITH"},{"data":"Defend_R","floor":32,"key":"SMITH"}],"neow_cost":"CURSE","seed_source_timestamp":4972014936900,"circlet_count":0,"master_deck":["Strike_R","Strike_R","Defend_R+1","Defend_R+1","Defend_R+1","Defend_R+1","Bash","Body Slam+1","Body Slam+1","Flame Barrier+1","Finesse","Normality","Normality"],"special_seed":0,"relics":["Burning Blood","Gambling Chip","Bag of Preparation","Orichalcum","Oddly Smooth Stone","Busted Crown","Art of War","Runic Cube"],"potions_floor_usage":[16,33,33],"damage_taken":[{"damage":10.0,"enemies":"Cultist","floor":1.0,"turns":4.0},{"damage":5.0,"enemies":"Jaw Worm","floor":3.0,"turns":4.0},{"damage":12.0,"enemies":"Small Slimes","floor":5.0,"turns":3.0},{"damage":56.0,"enemies":"Lagavulin","floor":6.0,"turns":9.0},{"damage":3.0,"enemies":"Exordium Wildlife","floor":8.0,"turns":4.0},{"damage":6,"enemies":"Blue Slaver","floor":12,"turns":4},{"damage":30,"enemies":"Slime Boss","floor":16,"turns":13},{"damage":4,"enemies":"2 Thieves","floor":18,"turns":4},{"damage":0,"enemies":"Shell Parasite","floor":24,"turns":2},{"damage":0,"enemies":"Snake Plant","floor":25,"turns":2},{"damage":0,"enemies":"Chosen and Byrds","floor":27,"turns":4},{"damage":0,"enemies":"Shelled Parasite and Fungi","floor":29,"turns":3},{"damage":7,"enemies":"Book of Stabbing","floor":30,"turns":4},{"damage":0,"enemies":"3 Cultists","floor":31,"turns":5},{"damage":47,"enemies":"Collector","floor":33,"turns":14},{"damage":0,"enemies":"3 Shapes","floor":35,"turns":3},{"damage":0,"enemies":"Orb Walker","floor":36,"turns":2},{"damage":80,"enemies":"Giant Head","floor":40,"turns":9}],"seed_played":"-4970526533072211004","potions_obtained":[{"floor":1.0,"key":"SteroidPotion"},{"floor":5.0,"key":"SpeedPotion"},{"floor":6.0,"key":"Explosive Potion"},{"floor":12,"key":"Ancient Potion"},{"floor":27,"key":"Explosive Potion"},{"floor":29,"key":"AttackPotion"},{"floor":33,"key":"Fire Potion"}],"is_trial":false,"path_per_floor":["M","$","M","?","M","E","R","M","T","R","$","M","R","?","R","B",null,"M","$","?","?","$","R","M","M","T","M","R","M","E","M","R","B",null,"M","M","?","$","?","E"],"character_chosen":"IRONCLAD","items_purchased":["Finesse"],"campfire_rested":0,"item_purchase_floors":[38],"current_hp_per_floor":[76,76,77,77,71,21,21,24,24,24,24,24,24,50,50,26,80,80,80,80,80,80,80,80,80,80,80,80,80,79,80,80,39,80,80,80,76,76,76,0],"gold":1051,"neow_bonus":"ONE_RARE_RELIC","is_prod":false,"is_daily":false,"chose_seed":false,"campfire_upgraded":7,"win_rate":0,"timestamp":1563897743,"path_taken":["M","$","?","?","M","E","R","?","T","R","$","M","R","?","R","BOSS","M","$","?","?","$","R","M","M","T","M","R","M","E","M","R","BOSS","M","M","?","$","?","E"],"build_version":"2019-07-17","purchased_purges":4,"victory":false,"max_hp_per_floor":[80,80,80,80,80,80,80,80,80,80,80,80,80,80,80,80,80,80,80,80,80,80,80,80,80,80,80,80,80,80,80,80,80,80,80,80,76,76,76,76],"card_choices":[{"not_picked":["Perfected Strike","Anger","Dropkick"],"picked":"SKIP","floor":1.0},{"not_picked":["Rupture","Dual Wield","Perfected Strike"],"picked":"SKIP","floor":3.0},{"not_picked":["Intimidate","Metallicize"],"picked":"Body Slam","floor":5.0},{"not_picked":["Headbutt","Thunderclap"],"picked":"Body Slam","floor":6.0},{"not_picked":["Clothesline","Pummel"],"picked":"Flame Barrier","floor":8.0},{"not_picked":["Sentinel","Clothesline","Heavy Blade"],"picked":"SKIP","floor":12},{"not_picked":["Bloodletting+1"],"picked":"SKIP","floor":18},{"not_picked":["Wild Strike"],"picked":"SKIP","floor":24},{"not_picked":["Cleave+1"],"picked":"SKIP","floor":25},{"not_picked":["Headbutt"],"picked":"SKIP","floor":27},{"not_picked":["Heavy Blade"],"picked":"SKIP","floor":29},{"not_picked":["Flex"],"picked":"SKIP","floor":30},{"not_picked":["Wild Strike"],"picked":"SKIP","floor":31},{"not_picked":["Anger"],"picked":"SKIP","floor":35},{"not_picked":["Clothesline"],"picked":"SKIP","floor":36}],"player_experience":746551,"relics_obtained":[{"floor":6.0,"key":"Orichalcum"},{"floor":9.0,"key":"Oddly Smooth Stone"},{"floor":30,"key":"Art of War"}],"event_choices":[{"damage_healed":0.0,"max_hp_gain":0.0,"max_hp_loss":0.0,"gold_gain":0.0,"event_name":"WeMeetAgain","player_choice":"Gave Potion","floor":4.0,"gold_loss":0.0,"damage_taken":0.0,"relics_obtained":["Bag of Preparation"]},{"damage_healed":26,"gold_gain":0,"player_choice":"Banana","damage_taken":0,"max_hp_gain":0,"max_hp_loss":0,"event_name":"Big Fish","floor":14,"gold_loss":0},{"damage_healed":0,"gold_gain":0,"player_choice":"Ignored","damage_taken":0,"max_hp_gain":0,"max_hp_loss":0,"event_name":"Cursed Tome","floor":20,"gold_loss":0},{"damage_healed":0,"gold_gain":0,"player_choice":"Ignored","damage_taken":0,"max_hp_gain":0,"max_hp_loss":0,"event_name":"Vampires","floor":21,"gold_loss":0},{"damage_healed":0,"gold_gain":0,"player_choice":"Max HP","damage_taken":0,"max_hp_gain":0,"max_hp_loss":4,"event_name":"Winding Halls","floor":37,"gold_loss":0},{"damage_healed":0,"gold_gain":999,"player_choice":"Gold","damage_taken":0,"max_hp_gain":0,"max_hp_loss":0,"event_name":"MindBloom","floor":39,"gold_loss":0,"cards_obtained":["Normality","Normality"]}],"is_beta":false,"boss_relics":[{"not_picked":["Fusion Hammer","Runic Pyramid"],"picked":"Busted Crown"},{"not_picked":["White Beast Statue","Black Star"],"picked":"Runic Cube"}],"items_purged_floors":[2,11,19,38],"is_endless":false,"potions_floor_spawned":[1,5,6,12,27,29,31,33],"killed_by":"Giant Head","ascension_level":0}