{"gold_per_floor":[114,133,149,4,22,50,62,13,13,13,29,47,47,59,59,59],"floor_reached":16,"playtime":525,"items_purged":[],"score":106,"play_id":"4dff905c-7803-4160-bebe-8b57ee52a1f9","local_time":"20181014010332","is_ascension_mode":false,"campfire_choices":[{"floor":10,"key":"REST"},{"data":"Armaments","floor":13,"key":"SMITH"},{"data":"Body Slam","floor":15,"key":"SMITH"}],"neow_cost":"NONE","seed_source_timestamp":109015685297745,"circlet_count":0,"master_deck":["Strike_R","Strike_R","Strike_R","Strike_R+1","Strike_R+1","Defend_R","Defend_R","Defend_R","Defend_R","Bash","Cleave","Shrug It Off","Armaments+1","Shrug It Off","Shrug It Off","Body Slam+1"],"relics":["Burning Blood","Art of War","Bag of Preparation","Mummified Hand","Whetstone"],"potions_floor_usage":[6,11],"damage_taken":[{"damage":6,"enemies":"Jaw Worm","floor":1,"turns":3},{"damage":9,"enemies":"2 Louse","floor":2,"turns":2},{"damage":0,"enemies":"Small Slimes","floor":3,"turns":3},{"damage":24,"enemies":"Exordium Thugs","floor":5,"turns":5},{"damage":45,"enemies":"3 Sentries","floor":6,"turns":14},{"damage":11,"enemies":"2 Fungi Beasts","floor":7,"turns":4},{"damage":0,"enemies":"Looter","floor":11,"turns":4},{"damage":0,"enemies":"Exordium Wildlife","floor":12,"turns":6},{"damage":3,"enemies":"Red Slaver","floor":14,"turns":5},{"damage":60,"enemies":"Hexaghost","floor":16,"turns":11}],"seed_played":"4367957654409005166","potions_obtained":[{"floor":1,"key":"EssenceOfSteel"},{"floor":6,"key":"BloodPotion"},{"floor":7,"key":"Block Potion"},{"floor":11,"key":"SneckoOil"}],"is_trial":false,"path_per_floor":["M","M","M","$","M","E","M","$","T","R","M","M","R","M","R"],"character_chosen":"IRONCLAD","items_purchased":["Bag of Preparation","Armaments"],"campfire_rested":1,"item_purchase_floors":[4,8],"current_hp_per_floor":[80,77,80,80,62,23,18,18,18,42,48,54,54,57,57,0],"gold":59,"neow_bonus":"RANDOM_COMMON_RELIC","is_prod":false,"is_daily":false,"chose_seed":false,"campfire_upgraded":2,"win_rate":0,"timestamp":1539468212,"path_taken":["M","M","M","$","M","E","M","$","T","R","M","M","R","M","R","BOSS"],"build_version":"2018-10-11","purchased_purges":0,"victory":false,"max_hp_per_floor":[80,80,80,80,80,80,80,80,80,80,80,80,80,80,80,80],"card_choices":[{"not_picked":["Dual Wield","Pommel Strike","Feel No Pain"],"picked":"SKIP","floor":1},{"not_picked":["Havoc","Iron Wave","Second Wind"],"picked":"SKIP","floor":2},{"not_picked":["Iron Wave","Twin Strike","Rampage"],"picked":"SKIP","floor":3},{"not_picked":["Perfected Strike","Headbutt","Intimidate"],"picked":"SKIP","floor":5},{"not_picked":["Fiend Fire","Impervious"],"picked":"Cleave","floor":6},{"not_picked":["Havoc","Pommel Strike"],"picked":"Shrug It Off","floor":7},{"not_picked":["Hemokinesis","Perfected Strike"],"picked":"Shrug It Off","floor":11},{"not_picked":["Clothesline","Rampage"],"picked":"Shrug It Off","floor":12},{"not_picked":["Searing Blow","Battle Trance"],"picked":"Body Slam","floor":14}],"player_experience":404970,"relics_obtained":[{"floor":6,"key":"Mummified Hand"},{"floor":9,"key":"Whetstone"}],"event_choices":[],"is_beta":false,"boss_relics":[],"items_purged_floors":[],"is_endless":false,"potions_floor_spawned":[1,6,7,11],"killed_by":"Hexaghost","ascension_level":0}