{"gold_per_floor":[119,133,133,153,171,171,196,196,196,206,206,25,59,59,59,184,184,209,129,150,163,179,179,200,200,230,230,255,280,321,97,97,220,220,241,37,56,76,409,439,439,57,57,74,105,105,121,121,121,121],"floor_reached":51,"playtime":5254,"items_purged":["Strike_R","Strike_R","Defend_R","Defend_R"],"score":764,"play_id":"297b070d-3111-44e9-ad89-524df6cf49a3","local_time":"20181102224343","is_ascension_mode":false,"campfire_choices":[{"data":"Body Slam","floor":6,"key":"SMITH"},{"data":"Metallicize","floor":8,"key":"SMITH"},{"floor":15,"key":"REST"},{"data":"Armaments","floor":23,"key":"SMITH"},{"floor":25,"key":"REST"},{"data":"Rampage","floor":32,"key":"SMITH"},{"data":"Seeing Red","floor":41,"key":"SMITH"},{"data":"Offering","floor":46,"key":"SMITH"},{"data":"Disarm","floor":49,"key":"SMITH"}],"neow_cost":"NONE","seed_source_timestamp":44616752718595,"circlet_count":0,"master_deck":["Strike_R","Bash","Finesse","Shrug It Off","Metallicize+1","Uppercut","Body Slam+1","Disarm+1","Seeing Red+1","Rampage+1","Fire Breathing","Cleave","Shrug It Off+1","Intimidate+1","Armaments+1","Battle Trance+1","Disarm+1","Iron Wave+1","Brutality+1","Flame Barrier+1","Flex+1","Inflame+1","Offering+1"],"relics":["Black Blood","Oddly Smooth Stone","The Courier","Pen Nib","Bird Faced Urn","Tiny Chest","Frozen Egg 2","Bag of Marbles","Empty Cage","Mercury Hourglass","Vajra","Bronze Scales","Bottled Lightning","Red Skull"],"potions_floor_usage":[10,13,13,18,20,30,33,40,40,44,50,50,50],"damage_taken":[{"damage":6,"enemies":"Jaw Worm","floor":1,"turns":4},{"damage":8,"enemies":"Small Slimes","floor":2,"turns":4},{"damage":4,"enemies":"Cultist","floor":4,"turns":3},{"damage":0,"enemies":"Red Slaver","floor":5,"turns":5},{"damage":23,"enemies":"Lagavulin","floor":7,"turns":7},{"damage":0,"enemies":"3 Louse","floor":10,"turns":5},{"damage":19,"enemies":"3 Sentries","floor":13,"turns":6},{"damage":19,"enemies":"Hexaghost","floor":16,"turns":11},{"damage":27,"enemies":"2 Thieves","floor":18,"turns":4},{"damage":7,"enemies":"Spheric Guardian","floor":20,"turns":4},{"damage":7,"enemies":"Cultist and Chosen","floor":21,"turns":6},{"damage":14,"enemies":"Centurion and Healer","floor":22,"turns":10},{"damage":47,"enemies":"Chosen and Byrds","floor":24,"turns":8},{"damage":5,"enemies":"Snake Plant","floor":28,"turns":6},{"damage":10,"enemies":"Shelled Parasite and Fungi","floor":29,"turns":7},{"damage":0,"enemies":"Book of Stabbing","floor":30,"turns":6},{"damage":26,"enemies":"Champ","floor":33,"turns":12},{"damage":1,"enemies":"Orb Walker","floor":35,"turns":2},{"damage":9,"enemies":"3 Shapes","floor":37,"turns":4},{"damage":8,"enemies":"Sphere and 2 Shapes","floor":38,"turns":5},{"damage":42,"enemies":"Nemesis","floor":40,"turns":9},{"damage":23,"enemies":"Spire Growth","floor":44,"turns":5},{"damage":19,"enemies":"Giant Head","floor":45,"turns":7},{"damage":8,"enemies":"4 Shapes","floor":47,"turns":4},{"damage":46,"enemies":"Awakened One","floor":50,"turns":11}],"seed_played":"8765368257815112584","potions_obtained":[{"floor":4,"key":"Swift Potion"},{"floor":5,"key":"GamblersBrew"},{"floor":7,"key":"SteroidPotion"},{"floor":16,"key":"PowerPotion"},{"floor":18,"key":"SkillPotion"},{"floor":24,"key":"FearPotion"},{"floor":29,"key":"Dexterity Potion"},{"floor":30,"key":"Poison Potion"},{"floor":35,"key":"Regen Potion"},{"floor":40,"key":"BloodPotion"},{"floor":45,"key":"FearPotion"}],"is_trial":false,"path_per_floor":["M","M","?","M","M","R","E","R","T","M","?","$","E","$","R","B",null,"M","$","M","M","M","R","M","R","T","?","M","M","E","$","R","B",null,"M","$","M","M","?","E","R","$","T","M","E","R","M","?","R","B",null],"character_chosen":"IRONCLAD","items_purchased":["Pen Nib","Bag of Marbles","Mercury Hourglass","Inflame+1","Bronze Scales","SpeedPotion","SteroidPotion"],"campfire_rested":2,"item_purchase_floors":[12,31,36,42,42,42,42],"current_hp_per_floor":[80,78,78,80,80,80,63,63,63,69,49,49,36,36,60,51,80,63,63,70,77,77,77,44,68,68,68,77,80,80,80,80,64,80,80,80,80,80,80,61,61,61,61,62,61,61,71,71,71,43],"gold":121,"neow_bonus":"RANDOM_COLORLESS","is_prod":false,"is_daily":false,"chose_seed":false,"campfire_upgraded":7,"win_rate":0,"timestamp":1541195023,"path_taken":["M","M","?","M","M","R","E","R","T","M","?","?","E","$","R","BOSS","M","$","M","M","M","R","M","R","T","?","M","?","E","$","R","BOSS","M","?","M","M","?","E","R","$","T","M","E","R","?","?","R","BOSS"],"build_version":"2018-11-01v2","purchased_purges":4,"victory":true,"max_hp_per_floor":[80,80,80,80,80,80,80,80,80,80,80,80,80,80,80,80,80,80,80,80,80,80,80,80,80,80,80,80,80,80,80,80,80,80,80,80,80,80,80,80,80,80,80,80,80,80,80,80,80,80],"card_choices":[{"not_picked":["Havoc","Twin Strike"],"picked":"Shrug It Off","floor":1},{"not_picked":["Wild Strike","Thunderclap"],"picked":"Metallicize","floor":2},{"not_picked":["Pummel","Headbutt"],"picked":"Body Slam","floor":4},{"not_picked":["Blood for Blood","Heavy Blade"],"picked":"Disarm","floor":5},{"not_picked":["Twin Strike","Uppercut"],"picked":"Seeing Red","floor":7},{"not_picked":["Shrug It Off","Clash"],"picked":"Rampage","floor":10},{"not_picked":["Pommel Strike","Rupture"],"picked":"Fire Breathing","floor":13},{"not_picked":["Metallicize","Wild Strike"],"picked":"Cleave","floor":18},{"not_picked":["Pommel Strike","Havoc+1"],"picked":"Shrug It Off+1","floor":20},{"not_picked":["Shrug It Off","Bloodletting"],"picked":"Intimidate+1","floor":21},{"not_picked":["Disarm","Second Wind"],"picked":"Armaments","floor":22},{"not_picked":["Heavy Blade+1","Metallicize"],"picked":"Battle Trance+1","floor":24},{"not_picked":["Sever Soul+1","Disarm+1","Clash+1"],"picked":"SKIP","floor":28},{"not_picked":["Sever Soul+1","Clash+1"],"picked":"Disarm+1","floor":28},{"not_picked":["Shrug It Off","Disarm","Anger+1"],"picked":"SKIP","floor":29},{"not_picked":["Sever Soul+1","Clash"],"picked":"Iron Wave+1","floor":30},{"not_picked":["Berserk+1","Limit Break"],"picked":"Brutality+1","floor":33},{"not_picked":["True Grit","Anger"],"picked":"Flame Barrier+1","floor":35},{"not_picked":["Havoc+1","Cleave"],"picked":"Flex+1","floor":37},{"not_picked":["Sever Soul","Havoc","Flame Barrier"],"picked":"SKIP","floor":38},{"not_picked":["True Grit+1","Warcry+1","Corruption+1"],"picked":"SKIP","floor":40},{"not_picked":["True Grit+1","Warcry+1","Corruption+1"],"picked":"SKIP","floor":40},{"not_picked":["Carnage","Pummel+1","Bloodletting+1"],"picked":"SKIP","floor":44},{"not_picked":["Rage","True Grit"],"picked":"Offering","floor":45},{"not_picked":["Entrench","Shrug It Off","Seeing Red"],"picked":"SKIP","floor":47}],"player_experience":593002,"relics_obtained":[{"floor":7,"key":"Oddly Smooth Stone"},{"floor":9,"key":"The Courier"},{"floor":13,"key":"Bird Faced Urn"},{"floor":26,"key":"Tiny Chest"},{"floor":30,"key":"Frozen Egg 2"},{"floor":40,"key":"Vajra"},{"floor":43,"key":"Bottled Lightning"},{"floor":45,"key":"Red Skull"}],"event_choices":[{"damage_healed":0,"gold_gain":0,"cards_transformed":["Defend_R"],"player_choice":"Change","damage_taken":0,"max_hp_gain":0,"max_hp_loss":0,"event_name":"Living Wall","floor":3,"gold_loss":0,"cards_obtained":["Uppercut"]},{"damage_healed":0,"gold_gain":0,"player_choice":"Take Damage","damage_taken":20,"relics_obtained":["Golden Idol"],"max_hp_gain":0,"max_hp_loss":0,"event_name":"Golden Idol","floor":11,"gold_loss":0},{"cards_removed":["Defend_R"],"damage_healed":0,"gold_gain":0,"player_choice":"Offered Basic","damage_taken":0,"max_hp_gain":0,"max_hp_loss":0,"event_name":"Bonfire Elementals","floor":27,"gold_loss":0},{"damage_healed":0,"gold_gain":333,"player_choice":"Gave Idol","damage_taken":0,"max_hp_gain":0,"max_hp_loss":0,"event_name":"The Moai Head","floor":39,"relics_lost":["Golden Idol"],"gold_loss":0},{"damage_healed":0,"gold_gain":0,"player_choice":"Memory 1","damage_taken":0,"max_hp_gain":0,"max_hp_loss":0,"event_name":"SensoryStone","floor":48,"gold_loss":0}],"is_beta":true,"boss_relics":[{"not_picked":["Runic Pyramid","Philosopher\u0027s Stone"],"picked":"Black Blood"},{"not_picked":["Astrolabe","Coffee Dripper"],"picked":"Empty Cage"}],"items_purged_floors":[12,19,31,42],"is_endless":false,"potions_floor_spawned":[4,5,7,16,18,24,29,30,35,40,45,47],"ascension_level":0}