{"gold_per_floor":[366,377,377,388,7,7,17,17,66,78,90,102,144,173,185,293,305,334,90,108,108,125,125,125,141,141,141,160,58,93,111,111,208,208,221,221,241,254,254,254,268,268,268,323,35,35,35,52,52,52],"floor_reached":51,"playtime":1514,"items_purged":["Burning Pact","Strike_R"],"score":737,"play_id":"c689400d-44bc-4a8f-ad8b-fca7e7b1ebc7","local_time":"20181201092727","is_ascension_mode":false,"campfire_choices":[{"data":"Inflame","floor":6.0,"key":"SMITH"},{"data":"Dual Wield","floor":8.0,"key":"SMITH"},{"data":"Rage","floor":12.0,"key":"SMITH"},{"data":"Sword Boomerang","floor":15.0,"key":"SMITH"},{"data":"Sword Boomerang","floor":24.0,"key":"SMITH"},{"data":"Rage","floor":27.0,"key":"SMITH"},{"data":"Armaments","floor":32.0,"key":"SMITH"},{"data":"Spot Weakness","floor":40,"key":"SMITH"},{"data":"Battle Trance","floor":42,"key":"SMITH"},{"data":"Rage","floor":47,"key":"SMITH"},{"data":"Shrug It Off","floor":49,"key":"SMITH"}],"neow_cost":"PERCENT_DAMAGE","seed_source_timestamp":388670766175990,"circlet_count":0,"master_deck":["Strike_R","Strike_R","Strike_R","Defend_R","Defend_R","Defend_R","Bash","Sword Boomerang+1","Rage+1","Dual Wield+1","Inflame+1","Shrug It Off+1","Sword Boomerang+1","Shrug It Off","Offering","Shrug It Off","Rage+1","Armaments+1","Spot Weakness+1","Rage+1","Sword Boomerang+1","Sword Boomerang+1","Battle Trance+1","Dropkick+1","Shrug It Off+1"],"special_seed":0,"relics":["Burning Blood","Vajra","MawBank","Blood Vial","Boot","Coffee Dripper","Pen Nib","Molten Egg 2","Pear","Orrery","Mercury Hourglass","Juzu Bracelet","Incense Burner"],"potions_floor_usage":[50,50],"damage_taken":[{"damage":2.0,"enemies":"2 Louse","floor":1.0,"turns":3.0},{"damage":1.0,"enemies":"Cultist","floor":2.0,"turns":3.0},{"damage":7.0,"enemies":"Small Slimes","floor":4.0,"turns":3.0},{"damage":4.0,"enemies":"Looter","floor":7.0,"turns":3.0},{"damage":22.0,"enemies":"Lagavulin","floor":13.0,"turns":8.0},{"damage":26.0,"enemies":"Lots of Slimes","floor":14.0,"turns":3.0},{"damage":18.0,"enemies":"The Guardian","floor":16.0,"turns":6.0},{"damage":6.0,"enemies":"Shell Parasite","floor":18.0,"turns":4.0},{"damage":11.0,"enemies":"3 Byrds","floor":20.0,"turns":3.0},{"damage":4.0,"enemies":"Shelled Parasite and Fungi","floor":22.0,"turns":5.0},{"damage":0.0,"enemies":"Slavers","floor":23.0,"turns":1.0},{"damage":31.0,"enemies":"Snecko","floor":25.0,"turns":8.0},{"damage":15.0,"enemies":"Sentry and Sphere","floor":28.0,"turns":5.0},{"damage":19.0,"enemies":"Book of Stabbing","floor":30.0,"turns":4.0},{"damage":8.0,"enemies":"3 Cultists","floor":31.0,"turns":4.0},{"damage":41.0,"enemies":"Automaton","floor":33.0,"turns":8.0},{"damage":0.0,"enemies":"Orb Walker","floor":35.0,"turns":3.0},{"damage":18.0,"enemies":"3 Darklings","floor":37.0,"turns":3.0},{"damage":19.0,"enemies":"Writhing Mass","floor":38.0,"turns":3.0},{"damage":9,"enemies":"Jaw Worm Horde","floor":41,"turns":4},{"damage":7,"enemies":"4 Shapes","floor":48,"turns":4},{"damage":62,"enemies":"Donu and Deca","floor":50,"turns":7}],"seed_played":"-4981825655836383158","potions_obtained":[{"floor":2.0,"key":"LiquidBronze"},{"floor":13.0,"key":"LiquidBronze"},{"floor":14.0,"key":"Strength Potion"},{"floor":18.0,"key":"BloodPotion"},{"floor":20.0,"key":"SmokeBomb"},{"floor":22.0,"key":"Weak Potion"},{"floor":30.0,"key":"LiquidBronze"},{"floor":31.0,"key":"Strength Potion"},{"floor":36.0,"key":"FairyPotion"},{"floor":36.0,"key":"Swift Potion"},{"floor":38.0,"key":"Regen Potion"}],"is_trial":false,"path_per_floor":["M","M","?","M","$","R","M","R","T","?","$","R","E","M","R","B",null,"M","$","M","?","M","E","R","M","T","R","M","$","E","M","R","B",null,"M","?","M","M","$","R","M","R","T","T","$","?","R","M","R","B",null],"character_chosen":"IRONCLAD","items_purchased":["Inflame","Vajra","Shrug It Off","Sword Boomerang","Pen Nib","Regen Potion","Armaments","Incense Burner"],"campfire_rested":0,"item_purchase_floors":[5,5,5,5,19,29,29,45],"current_hp_per_floor":[60,65,65,64,64,64,66,66,66,66,66,66,52,34,34,24,80,80,80,75,67,71,79,79,55,55,55,48,48,59,59,59,26,90,90,90,78,67,67,67,66,66,66,66,66,66,66,67,67,25],"gold":52,"neow_bonus":"TWO_FIFTY_GOLD","is_prod":false,"is_daily":false,"chose_seed":false,"campfire_upgraded":11,"win_rate":0,"timestamp":1543649247,"path_taken":["M","M","?","M","$","R","?","R","T","?","$","R","E","M","R","BOSS","M","$","?","?","M","E","R","M","T","R","?","$","E","M","R","BOSS","M","?","M","?","$","R","M","R","T","?","$","?","R","M","R","BOSS"],"build_version":"2018-11-15","purchased_purges":2,"victory":true,"max_hp_per_floor":[80,80,80,80,80,80,80,80,80,80,80,80,80,80,80,80,80,80,80,80,80,80,80,80,80,80,80,80,80,90,90,90,90,90,90,90,90,90,90,90,90,90,90,90,90,90,90,90,90,90],"card_choices":[{"not_picked":["Heavy Blade","Headbutt"],"picked":"Sword Boomerang","floor":1.0},{"not_picked":["Shockwave","Flex"],"picked":"Rage","floor":2.0},{"not_picked":["Burning Pact","Clash"],"picked":"Dual Wield","floor":4.0},{"not_picked":["Thunderclap","Headbutt"],"picked":"Shrug It Off","floor":7.0},{"not_picked":["Thunderclap","Flame Barrier","Iron Wave"],"picked":"SKIP","floor":13.0},{"not_picked":["Perfected Strike","Warcry"],"picked":"Offering","floor":14.0},{"not_picked":["Anger+1","Twin Strike"],"picked":"Shrug It Off","floor":18.0},{"not_picked":["Fire Breathing","Bloodletting","Uppercut"],"picked":"SKIP","floor":20.0},{"not_picked":["Dual Wield","Body Slam","Pommel Strike"],"picked":"SKIP","floor":22.0},{"not_picked":["Dual Wield","Juggernaut"],"picked":"Rage","floor":25.0},{"not_picked":["Flex","Bloodletting","Thunderclap+1"],"picked":"SKIP","floor":28.0},{"not_picked":["True Grit","Entrench","Cleave+1"],"picked":"SKIP","floor":30.0},{"not_picked":["Warcry","Heavy Blade+1","Flex"],"picked":"SKIP","floor":31.0},{"not_picked":["Perfected Strike+1","Reckless Charge+1"],"picked":"Spot Weakness","floor":34.0},{"not_picked":["Rampage+1","Heavy Blade+1"],"picked":"Rage","floor":34.0},{"not_picked":["Blood for Blood+1","Seeing Red"],"picked":"Sword Boomerang+1","floor":34.0},{"not_picked":["Power Through","True Grit"],"picked":"Sword Boomerang+1","floor":34.0},{"not_picked":["Clash+1","Warcry"],"picked":"Battle Trance","floor":35.0},{"not_picked":["Dark Embrace","Clothesline+1","Flex"],"picked":"SKIP","floor":37.0},{"not_picked":["Wild Strike+1","Flex+1"],"picked":"Dropkick+1","floor":38.0},{"not_picked":["Wild Strike+1","Iron Wave+1"],"picked":"Shrug It Off+1","floor":41},{"not_picked":["Dual Wield","True Grit+1","Body Slam+1"],"picked":"SKIP","floor":48}],"player_experience":506162,"relics_obtained":[{"floor":9.0,"key":"MawBank"},{"floor":13.0,"key":"Boot"},{"floor":26.0,"key":"Molten Egg 2"},{"floor":30.0,"key":"Pear"},{"floor":43,"key":"Mercury Hourglass"},{"floor":44,"key":"Juzu Bracelet"}],"event_choices":[{"damage_healed":0.0,"max_hp_gain":0.0,"max_hp_loss":0.0,"gold_gain":0.0,"cards_transformed":["Defend_R"],"event_name":"Transmorgrifier","player_choice":"Transformed","floor":3.0,"gold_loss":0.0,"damage_taken":0.0,"cards_obtained":["Burning Pact"]},{"damage_healed":0.0,"max_hp_gain":0.0,"max_hp_loss":0.0,"gold_gain":0.0,"event_name":"WeMeetAgain","player_choice":"Gave Potion","floor":10.0,"gold_loss":0.0,"damage_taken":0.0,"relics_obtained":["Blood Vial"]},{"damage_healed":0.0,"max_hp_gain":0.0,"max_hp_loss":0.0,"gold_gain":0.0,"event_name":"Knowing Skull","player_choice":"","floor":21.0,"potions_obtained":[],"gold_loss":0.0,"damage_taken":8.0,"cards_obtained":[]},{"damage_healed":0.0,"max_hp_gain":0.0,"max_hp_loss":0.0,"gold_gain":0.0,"event_name":"Lab","player_choice":"Got Potions","floor":36.0,"gold_loss":0.0,"damage_taken":0.0},{"cards_removed":["Strike_R"],"damage_healed":0,"gold_gain":0,"player_choice":"Removed Attack","damage_taken":0,"max_hp_gain":0,"max_hp_loss":0,"event_name":"Falling","floor":46,"gold_loss":0}],"is_beta":false,"boss_relics":[{"not_picked":["Calling Bell","Empty Cage"],"picked":"Coffee Dripper"},{"not_picked":["Sozu","Mark of Pain"],"picked":"Orrery"}],"items_purged_floors":[5,19],"is_endless":false,"potions_floor_spawned":[2,13,14,18,20,22,30,31,38,41,48],"ascension_level":0}