{"gold_per_floor":[362,378,388,20,38,68,87,87,87,87,87,122,26,37,37,136,136,155,175,48,60,159,159,191,191,191,209,17,28,42,57,57,153,153,167,167,186,203,219,250,250,250,250,250,161,179,91,111,111,111],"floor_reached":51,"playtime":1927,"items_purged":[],"score":763,"play_id":"ef696053-e979-455b-a9f1-1ecbc135ade6","local_time":"20180728161403","is_ascension_mode":false,"campfire_choices":[{"data":"Armaments","floor":8.0,"key":"SMITH"},{"data":"Body Slam","floor":11.0,"key":"SMITH"},{"data":"Finesse","floor":15.0,"key":"SMITH"},{"floor":23.0,"key":"REST"},{"floor":25.0,"key":"REST"},{"floor":32.0,"key":"REST"},{"floor":41.0,"key":"REST"},{"floor":49,"key":"REST"}],"neow_cost":"TEN_PERCENT_HP_LOSS","seed_source_timestamp":157070049602517,"circlet_count":0,"master_deck":["Strike_R","Strike_R","Strike_R","Strike_R","Defend_R","Defend_R","Defend_R","Defend_R","Bash","Body Slam+1","Flame Barrier","Armaments+1","Inflame+1","Barricade+1","Finesse+1","Demon Form+1","Shrug It Off","Ghostly Armor","Demon Form+1","Body Slam+1","Body Slam+1","Offering","Iron Wave+1","Ghostly Armor","Panache+1","Good Instincts","Finesse","Battle Trance"],"special_seed":0,"relics":["Burning Blood","Frozen Egg 2","Bag of Preparation","Molten Egg 2","Blue Candle","Fusion Hammer","Meat on the Bone","Turnip","DollysMirror","Mark of Pain","Bottled Lightning","Bird Faced Urn","Shuriken"],"potions_floor_usage":[50,50,50],"damage_taken":[{"damage":6.0,"enemies":"Cultist","floor":1.0,"turns":3.0},{"damage":7.0,"enemies":"Small Slimes","floor":2.0,"turns":3.0},{"damage":7.0,"enemies":"2 Louse","floor":3.0,"turns":2.0},{"damage":15.0,"enemies":"Looter","floor":5.0,"turns":3.0},{"damage":34.0,"enemies":"Gremlin Nob","floor":6.0,"turns":5.0},{"damage":3.0,"enemies":"Lots of Slimes","floor":7.0,"turns":4.0},{"damage":17.0,"enemies":"3 Sentries","floor":12.0,"turns":8.0},{"damage":11.0,"enemies":"Gremlin Gang","floor":14.0,"turns":5.0},{"damage":5.0,"enemies":"Hexaghost","floor":16.0,"turns":9.0},{"damage":23.0,"enemies":"2 Thieves","floor":18.0,"turns":4.0},{"damage":2.0,"enemies":"Spheric Guardian","floor":19.0,"turns":5.0},{"damage":20.0,"enemies":"Cultist and Chosen","floor":21.0,"turns":6.0},{"damage":24.0,"enemies":"Gremlin Leader","floor":24.0,"turns":9.0},{"damage":22.0,"enemies":"Centurion and Healer","floor":27.0,"turns":6.0},{"damage":16.0,"enemies":"Sentry and Sphere","floor":29.0,"turns":5.0},{"damage":9.0,"enemies":"Snake Plant","floor":30.0,"turns":7.0},{"damage":13.0,"enemies":"Slaver and Parasite","floor":31.0,"turns":8.0},{"damage":45.0,"enemies":"Automaton","floor":33.0,"turns":9.0},{"damage":28.0,"enemies":"3 Shapes","floor":35.0,"turns":4.0},{"damage":26.0,"enemies":"3 Darklings","floor":37.0,"turns":5.0},{"damage":19.0,"enemies":"Transient","floor":38.0,"turns":5.0},{"damage":8.0,"enemies":"Spire Growth","floor":39.0,"turns":4.0},{"damage":21.0,"enemies":"Giant Head","floor":40.0,"turns":7.0},{"damage":0.0,"floor":42.0,"turns":7.0},{"damage":10,"enemies":"Maw","floor":46,"turns":7},{"damage":37,"enemies":"Sphere and 2 Shapes","floor":48,"turns":7},{"damage":44,"enemies":"Time Eater","floor":50,"turns":7}],"seed_played":"1273741597517993183","potions_obtained":[{"floor":2.0,"key":"GamblersBrew"},{"floor":5.0,"key":"SkillPotion"},{"floor":6.0,"key":"PowerPotion"},{"floor":12.0,"key":"BloodPotion"},{"floor":14.0,"key":"PowerPotion"},{"floor":30.0,"key":"Weak Potion"},{"floor":35.0,"key":"Regen Potion"}],"is_trial":false,"path_per_floor":["M","M","M","$","M","E","M","R","T","?","R","E","$","M","R","B",null,"M","M","$","M","?","R","E","R","T","M","$","M","M","M","R","B",null,"M","?","M","M","M","E","R","?","T","?","$","M","$","M","R","B"],"character_chosen":"IRONCLAD","items_purchased":["Frozen Egg 2","Flame Barrier","Armaments","Finesse","Shrug It Off","Ghostly Armor","DollysMirror","Good Instincts","Finesse"],"campfire_rested":5,"item_purchase_floors":[4,4,4,13,20,20,28,45,47],"current_hp_per_floor":[72,71,70,70,61,33,36,36,36,60,60,49,49,44,44,45,72,55,59,59,45,45,66,48,69,69,53,53,43,52,45,66,39,72,50,50,42,41,51,48,69,72,72,72,72,72,72,51,72,52],"gold":111,"neow_bonus":"TWO_FIFTY_GOLD","is_prod":false,"is_daily":false,"chose_seed":false,"campfire_upgraded":3,"win_rate":0,"timestamp":1532783643,"path_taken":["M","M","M","$","M","E","M","R","T","?","R","E","$","M","R","BOSS","M","M","$","M","?","R","E","R","T","M","$","?","M","M","R","BOSS","M","?","M","M","M","E","R","?","T","?","$","M","$","M","R","BOSS"],"build_version":"2018-07-26","purchased_purges":0,"victory":true,"max_hp_per_floor":[72,72,72,72,72,72,72,72,72,72,72,72,72,72,72,72,72,72,72,72,72,72,72,72,72,72,72,72,72,72,72,72,72,72,72,72,72,72,72,72,72,72,72,72,72,72,72,72,72,72],"card_choices":[{"not_picked":["Flex","Clash","Feel No Pain"],"picked":"SKIP","floor":1.0},{"not_picked":["Pommel Strike","Thunderclap","Anger"],"picked":"SKIP","floor":2.0},{"not_picked":["Reckless Charge","Pummel"],"picked":"Body Slam","floor":3.0},{"not_picked":["Pommel Strike","Uppercut"],"picked":"Inflame+1","floor":5.0},{"not_picked":["Ghostly Armor","Sword Boomerang"],"picked":"Barricade+1","floor":6.0},{"not_picked":["Headbutt","Cleave","Twin Strike"],"picked":"SKIP","floor":7.0},{"not_picked":["Perfected Strike+1","Uppercut+1","Sword Boomerang+1"],"picked":"SKIP","floor":12.0},{"not_picked":["Infernal Blade","Sword Boomerang+1","Armaments"],"picked":"SKIP","floor":14.0},{"not_picked":["Offering","Limit Break"],"picked":"Demon Form+1","floor":16.0},{"not_picked":["Thunderclap+1","Pommel Strike+1","Twin Strike+1"],"picked":"SKIP","floor":18.0},{"not_picked":["Perfected Strike+1","Pommel Strike+1","Rampage+1"],"picked":"SKIP","floor":19.0},{"not_picked":["Thunderclap+1","Armaments","Sword Boomerang+1"],"picked":"SKIP","floor":21.0},{"not_picked":["Clothesline+1","Rage","Spot Weakness"],"picked":"SKIP","floor":24.0},{"not_picked":["Warcry+1","Twin Strike+1","Power Through"],"picked":"SKIP","floor":27.0},{"not_picked":["Clash+1","Rupture+1","Sever Soul+1"],"picked":"SKIP","floor":29.0},{"not_picked":["Havoc","Corruption+1"],"picked":"Body Slam+1","floor":30.0},{"not_picked":["Iron Wave+1","Sword Boomerang+1"],"picked":"Body Slam+1","floor":31.0},{"not_picked":["Double Tap","Brutality+1"],"picked":"Offering","floor":33.0},{"not_picked":["Headbutt+1","Rampage+1"],"picked":"Iron Wave+1","floor":35.0},{"not_picked":["Rampage+1","Flex","Corruption+1"],"picked":"SKIP","floor":37.0},{"not_picked":["Pommel Strike+1","Wild Strike+1","Disarm+1"],"picked":"SKIP","floor":38.0},{"not_picked":["Immolate+1","Second Wind+1","Clash+1"],"picked":"SKIP","floor":39.0},{"not_picked":["Headbutt+1","Exhume","Disarm+1"],"picked":"SKIP","floor":40.0},{"not_picked":["Clothesline+1","Uppercut+1"],"picked":"Ghostly Armor","floor":42.0},{"not_picked":["Dark Shackles","Swift Strike+1"],"picked":"Panache+1","floor":44.0},{"not_picked":["Combust+1","Headbutt+1","Wild Strike+1"],"picked":"SKIP","floor":46},{"not_picked":["Clash+1","Heavy Blade+1"],"picked":"Battle Trance","floor":48}],"player_experience":250838,"relics_obtained":[{"floor":6.0,"key":"Bag of Preparation"},{"floor":9.0,"key":"Molten Egg 2"},{"floor":12.0,"key":"Blue Candle"},{"floor":24.0,"key":"Meat on the Bone"},{"floor":26.0,"key":"Turnip"},{"floor":40.0,"key":"Bottled Lightning"},{"floor":42.0,"key":"Bird Faced Urn"},{"floor":43.0,"key":"Shuriken"}],"event_choices":[{"event_name":"Big Fish","player_choice":"Banana","floor":10.0,"damage_taken":0.0},{"event_name":"Nest","player_choice":"Stole From Cult","floor":22.0,"damage_taken":0.0},{"event_name":"Purifier","player_choice":"One Purge","floor":36.0,"damage_taken":0.0},{"event_name":"MindBloom","player_choice":"Fight","floor":42.0,"damage_taken":0.0},{"event_name":"SensoryStone","player_choice":"Memory 1","floor":44.0,"damage_taken":0.0}],"is_beta":false,"boss_relics":[{"not_picked":["Empty Cage","Snecko Eye"],"picked":"Fusion Hammer"},{"not_picked":["Pandora\u0027s Box","Lizard Tail"],"picked":"Mark of Pain"}],"items_purged_floors":[],"is_endless":false,"potions_floor_spawned":[2,5,6,12,14,16,18,21,24,30,31,35,40,42],"ascension_level":0}