{"gold_per_floor":[14,28,28,28,38,38,38,38,61,93,113,113,134,99,99,197,197,210,210,210,85,96,129,142,142,220,233,251,251,63,75,75,174,174,191,209,226,81,101,131,131,144,171,186,186,186,211,89,89,89],"floor_reached":51,"playtime":1794,"items_purged":[],"score":727,"play_id":"dd254e61-c967-4b80-b81d-352d1bc21217","local_time":"20180806122818","is_ascension_mode":false,"campfire_choices":[{"data":"Zap","floor":6.0,"key":"SMITH"},{"data":"Static Discharge","floor":12.0,"key":"SMITH"},{"data":"Dualcast","floor":15.0,"key":"SMITH"},{"data":"Defragment","floor":25.0,"key":"SMITH"},{"data":"Reboot","floor":29.0,"key":"SMITH"},{"data":"Panache","floor":32.0,"key":"SMITH"},{"floor":41.0,"key":"REST"},{"floor":45.0,"key":"REST"},{"floor":49.0,"key":"REST"}],"neow_cost":"NO_GOLD","seed_source_timestamp":328717584938999,"circlet_count":0,"master_deck":["Strike_B+1","Strike_B+1","Strike_B+1","Strike_B+1","Defend_B+1","Defend_B+1","Defend_B+1","Defend_B+1","Zap+1","Dualcast+1","Echo Form+1","Leap+1","Auto Shields","Static Discharge+1","Steam","Reboot+1","Defragment+1","Conserve Battery","Conserve Battery","Panache+1","Reboot+1","Steam+1","Stack+1"],"special_seed":0,"relics":["Cracked Core","Whetstone","Dream Catcher","Odd Mushroom","Busted Crown","Bronze Scales","Toxic Egg 2","Lizard Tail","Oddly Smooth Stone","Gremlin Horn","Potion Belt","Lantern"],"potions_floor_usage":[50,50,50,50],"damage_taken":[{"damage":0.0,"enemies":"Cultist","floor":1.0,"turns":4.0},{"damage":0.0,"enemies":"Jaw Worm","floor":2.0,"turns":5.0},{"damage":0.0,"enemies":"2 Louse","floor":5.0,"turns":2.0},{"damage":16.0,"enemies":"3 Sentries","floor":10.0,"turns":7.0},{"damage":0.0,"enemies":"Looter","floor":11.0,"turns":3.0},{"damage":1.0,"floor":13.0,"turns":3.0},{"damage":28.0,"enemies":"The Guardian","floor":16.0,"turns":11.0},{"damage":10.0,"enemies":"Spheric Guardian","floor":18.0,"turns":4.0},{"damage":4.0,"enemies":"Shell Parasite","floor":22.0,"turns":5.0},{"damage":9.0,"enemies":"Slavers","floor":23.0,"turns":3.0},{"damage":1.0,"enemies":"Centurion and Healer","floor":24.0,"turns":7.0},{"damage":11.0,"enemies":"Snake Plant","floor":27.0,"turns":3.0},{"damage":3.0,"enemies":"Snecko","floor":28.0,"turns":5.0},{"damage":7.0,"enemies":"Slaver and Parasite","floor":31.0,"turns":5.0},{"damage":6.0,"enemies":"Champ","floor":33.0,"turns":9.0},{"damage":3.0,"enemies":"Flame Bruiser 1 Orb","floor":35.0,"turns":5.0},{"damage":4.0,"enemies":"3 Darklings","floor":36.0,"turns":4.0},{"damage":11.0,"enemies":"Sphere and 2 Shapes","floor":37.0,"turns":3.0},{"damage":11.0,"enemies":"4 Shapes","floor":39.0,"turns":4.0},{"damage":34.0,"enemies":"Giant Head","floor":40.0,"turns":8.0},{"damage":0.0,"enemies":"Flame Bruiser 2 Orb","floor":42.0,"turns":6.0},{"damage":1.0,"enemies":"Maw","floor":44.0,"turns":8.0},{"damage":30.0,"enemies":"2 Orb Walkers","floor":47.0,"turns":3.0},{"damage":60,"enemies":"Awakened One","floor":50,"turns":12}],"seed_played":"6569470830777484402","potions_obtained":[{"floor":1.0,"key":"AttackPotion"},{"floor":5.0,"key":"Fire Potion"},{"floor":11.0,"key":"AttackPotion"},{"floor":16.0,"key":"Dexterity Potion"},{"floor":18.0,"key":"PowerPotion"},{"floor":23.0,"key":"PowerPotion"},{"floor":27.0,"key":"Swift Potion"}],"is_trial":false,"path_per_floor":["M","M","$","?","M","R","$","?","T","E","M","R","?","?","R","B",null,"M","$","?","$","M","E","M","R","T","M","M","R","$","M","R","B",null,"M","M","M","$","M","E","R","M","T","M","R","?","E","$","R","B"],"character_chosen":"DEFECT","items_purchased":["Defragment","Conserve Battery","Panache","Oddly Smooth Stone","PowerPotion","EssenceOfSteel"],"campfire_rested":3,"item_purchase_floors":[21,21,30,38,48,48],"current_hp_per_floor":[75,75,75,60,60,60,60,60,60,44,44,44,43,61,61,33,75,65,65,65,65,61,52,51,51,51,40,37,37,37,30,30,24,75,72,68,57,57,46,12,34,34,34,33,55,55,25,25,47,37],"gold":89,"neow_bonus":"THREE_RARE_CARDS","is_prod":false,"is_daily":false,"chose_seed":false,"campfire_upgraded":6,"win_rate":0,"timestamp":1533547698,"path_taken":["M","M","$","?","M","R","$","?","T","E","M","R","?","?","R","BOSS","M","$","?","$","M","E","M","R","T","M","M","R","$","M","R","BOSS","M","M","M","$","M","E","R","M","T","M","R","?","E","$","R","BOSS"],"build_version":"2018-08-02","purchased_purges":0,"victory":true,"max_hp_per_floor":[75,75,75,75,75,75,75,75,75,75,75,75,75,75,75,75,75,75,75,75,75,75,75,75,75,75,75,75,75,75,75,75,75,75,75,75,75,75,75,75,75,75,75,75,75,75,75,75,75,75],"card_choices":[{"not_picked":["Thunder Strike","Amplify"],"picked":"Echo Form","floor":0.0},{"not_picked":["Melter","Storm"],"picked":"Leap","floor":1.0},{"not_picked":["Sunder","Turbo","Doom and Gloom"],"picked":"SKIP","floor":2.0},{"not_picked":["Chaos","Scrape"],"picked":"Auto Shields","floor":5.0},{"not_picked":["Steam Power","Fusion"],"picked":"Static Discharge","floor":10.0},{"not_picked":["Leap","Chaos"],"picked":"Steam","floor":11.0},{"not_picked":["Multi-Cast","All For One"],"picked":"Reboot","floor":16.0},{"not_picked":["Genetic Algorithm"],"picked":"SKIP","floor":18.0},{"not_picked":["Consume+1"],"picked":"SKIP","floor":22.0},{"not_picked":[],"picked":"Conserve Battery","floor":23.0},{"not_picked":["Steam Power"],"picked":"SKIP","floor":24.0},{"not_picked":["Hello World+1"],"picked":"SKIP","floor":27.0},{"not_picked":["Turbo+1"],"picked":"SKIP","floor":28.0},{"not_picked":["Beam Cell+1"],"picked":"SKIP","floor":31.0},{"not_picked":["Force Field+1"],"picked":"SKIP","floor":35.0},{"not_picked":["Cold Snap+1"],"picked":"SKIP","floor":36.0},{"not_picked":["Coolheaded+1"],"picked":"SKIP","floor":37.0},{"not_picked":["Darkness+1"],"picked":"SKIP","floor":39.0},{"not_picked":[],"picked":"Reboot+1","floor":40.0},{"not_picked":["Doom and Gloom+1"],"picked":"SKIP","floor":42.0},{"not_picked":["Rebound"],"picked":"SKIP","floor":44.0},{"not_picked":[],"picked":"Steam+1","floor":45.0},{"not_picked":["Turbo+1"],"picked":"SKIP","floor":47.0},{"not_picked":[],"picked":"Stack+1","floor":49.0}],"player_experience":294997,"relics_obtained":[{"floor":9.0,"key":"Whetstone"},{"floor":10.0,"key":"Dream Catcher"},{"floor":13.0,"key":"Odd Mushroom"},{"floor":23.0,"key":"Bronze Scales"},{"floor":26.0,"key":"Toxic Egg 2"},{"floor":40.0,"key":"Gremlin Horn"},{"floor":43.0,"key":"Potion Belt"},{"floor":47.0,"key":"Lantern"}],"event_choices":[{"event_name":"Shining Light","player_choice":"Entered Light","floor":4.0,"damage_taken":0.0},{"event_name":"Match and Keep!","player_choice":"0 cards matched","floor":8.0,"damage_taken":0.0},{"event_name":"Mushrooms","player_choice":"Fought Mushrooms","floor":13.0,"damage_taken":0.0},{"event_name":"The Cleric","player_choice":"Healed","floor":14.0,"damage_taken":0.0},{"event_name":"Back to Basics","player_choice":"Simplicity","floor":20.0,"damage_taken":0.0},{"event_name":"SensoryStone","player_choice":"Memory 1","floor":46.0,"damage_taken":0.0}],"is_beta":false,"boss_relics":[{"not_picked":["Inserter","Philosopher\u0027s Stone"],"picked":"Busted Crown"},{"not_picked":["Runic Dome","Snecko Eye"],"picked":"Lizard Tail"}],"items_purged_floors":[],"is_endless":false,"potions_floor_spawned":[1,5,11,16,18,23,27,35,39,40,42],"ascension_level":0}