{"gold_per_floor":[116,116,40,59,71,104,104,122,122,122,134,154,166,98,98,196,196,216,242,242,261,11,11,11,23,23,56,56,56,87,97,97,192,192,205,205,14,24,38,73,93,108,108,108,33,33,63,81,81,81,81,81,31,65,65],"floor_reached":55,"playtime":1252,"items_purged":["Shame"],"score":769,"play_id":"5e4d7e71-bb98-441b-84b8-10b66d502a55","local_time":"20190724165245","is_ascension_mode":false,"campfire_choices":[{"data":"Whirlwind","floor":7.0,"key":"SMITH"},{"data":"Inflame","floor":15.0,"key":"SMITH"},{"data":"Limit Break","floor":23.0,"key":"SMITH"},{"data":"Heavy Blade","floor":32.0,"key":"SMITH"},{"data":"Demon Form","floor":46.0,"key":"SMITH"},{"floor":49.0,"key":"RECALL"},{"data":"Bash","floor":52.0,"key":"SMITH"}],"neow_cost":"NONE","seed_source_timestamp":83336899610300,"circlet_count":0,"master_deck":["Strike_R+1","Strike_R+1","Strike_R+1","Defend_R+1","Defend_R+1","Defend_R+1","Defend_R+1","Bash+1","Whirlwind+1","Shrug It Off","Reaper","Inflame+1","Limit Break+1","Heavy Blade+1","Demon Form+1","Limit Break+1","Battle Trance+1","Clumsy"],"special_seed":0,"relics":["Black Blood","Happy Flower","Centennial Puzzle","Ginger","Strawberry","Toxic Egg 2","Pantograph","Darkstone Periapt","Sundial","Ice Cream","Cursed Key","Brimstone","Lantern","Frozen Egg 2","Gremlin Horn"],"potions_floor_usage":[55,55,55],"damage_taken":[{"damage":2.0,"enemies":"2 Louse","floor":1.0,"turns":2.0},{"damage":6.0,"enemies":"Jaw Worm","floor":4.0,"turns":3.0},{"damage":6.0,"enemies":"Cultist","floor":5.0,"turns":3.0},{"damage":52.0,"enemies":"Lagavulin","floor":6.0,"turns":8.0},{"damage":0.0,"enemies":"Exordium Wildlife","floor":8.0,"turns":3.0},{"damage":0.0,"enemies":"Large Slime","floor":11.0,"turns":5.0},{"damage":10.0,"enemies":"Looter","floor":12.0,"turns":2.0},{"damage":5.0,"enemies":"Exordium Wildlife","floor":13.0,"turns":2.0},{"damage":25.0,"enemies":"Slime Boss","floor":16.0,"turns":7.0},{"damage":2.0,"enemies":"Chosen","floor":18.0,"turns":3.0},{"damage":4.0,"enemies":"3 Byrds","floor":21.0,"turns":4.0},{"damage":13.0,"enemies":"Snake Plant","floor":25.0,"turns":6.0},{"damage":49.0,"enemies":"Book of Stabbing","floor":27.0,"turns":6.0},{"damage":30.0,"enemies":"Slavers","floor":30.0,"turns":3.0},{"damage":12.0,"enemies":"Snecko","floor":31.0,"turns":4.0},{"damage":46.0,"enemies":"Champ","floor":33.0,"turns":7.0},{"damage":12.0,"enemies":"Orb Walker","floor":35.0,"turns":4.0},{"damage":6.0,"enemies":"3 Shapes","floor":38.0,"turns":4.0},{"damage":47.0,"enemies":"Writhing Mass","floor":39.0,"turns":4.0},{"damage":51.0,"enemies":"Reptomancer","floor":40.0,"turns":4.0},{"damage":0.0,"enemies":"3 Darklings","floor":41.0,"turns":2.0},{"damage":14.0,"enemies":"Sphere and 2 Shapes","floor":42.0,"turns":2.0},{"damage":7.0,"enemies":"Giant Head","floor":47.0,"turns":4.0},{"damage":47.0,"enemies":"Spire Growth","floor":48.0,"turns":4.0},{"damage":76.0,"enemies":"Donu and Deca","floor":50.0,"turns":4.0},{"damage":53.0,"enemies":"Shield and Spear","floor":54.0,"turns":4.0},{"damage":257,"enemies":"The Heart","floor":55,"turns":5}],"seed_played":"-1428683867864864214","potions_obtained":[{"floor":4.0,"key":"Ancient Potion"},{"floor":11.0,"key":"Dexterity Potion"},{"floor":18.0,"key":"Energy Potion"},{"floor":25.0,"key":"PowerPotion"},{"floor":33.0,"key":"SneckoOil"},{"floor":39.0,"key":"Swift Potion"},{"floor":40.0,"key":"BloodPotion"},{"floor":48.0,"key":"BloodPotion"}],"is_trial":false,"path_per_floor":["M","?","$","M","M","E","R","M","T","T","M","M","M","$","R","B",null,"M","T","?","M","$","R","$","M","T","E","?","?","E","M","R","B",null,"M","?","$","M","M","E","M","M","T","?","$","R","E","M","R","B",null,"R","$","E","B"],"character_chosen":"IRONCLAD","items_purchased":["Whirlwind","Inflame","Toxic Egg 2","Brimstone","Strength Potion"],"campfire_rested":0,"item_purchase_floors":[3,14,22,37,53],"current_hp_per_floor":[88,81,81,81,81,35,35,49,49,49,63,59,68,68,68,63,88,88,95,95,95,95,95,95,92,92,69,75,75,55,63,63,76,101,99,99,99,101,64,67,77,73,79,79,79,79,107,88,88,85,107,107,107,107,0],"gold":65,"neow_bonus":"TEN_PERCENT_HP_BONUS","is_prod":false,"is_daily":false,"chose_seed":false,"campfire_upgraded":6,"win_rate":0,"timestamp":1563976365,"path_taken":["M","?","$","M","M","E","R","M","T","?","M","M","M","$","R","BOSS","M","?","?","M","$","R","$","M","T","E","?","?","E","M","R","BOSS","M","?","$","?","M","E","M","M","T","?","$","R","E","M","R","BOSS","R","$","E","BOSS"],"build_version":"2019-07-17","purchased_purges":1,"victory":false,"max_hp_per_floor":[88,88,88,88,88,88,88,88,88,88,88,88,88,88,88,88,88,88,95,95,95,95,95,95,95,95,95,101,101,101,101,101,101,101,101,101,101,101,101,101,101,101,107,107,107,107,107,107,107,107,107,107,107,107,107],"card_choices":[{"not_picked":["Iron Wave","Flex","Heavy Blade"],"picked":"SKIP","floor":1.0},{"not_picked":["Wild Strike","Twin Strike"],"picked":"Shrug It Off","floor":4.0},{"not_picked":["Clothesline","Reckless Charge","Pommel Strike"],"picked":"SKIP","floor":5.0},{"not_picked":["Armaments","Uppercut"],"picked":"Reaper","floor":6.0},{"not_picked":["Perfected Strike","Sentinel","Heavy Blade"],"picked":"SKIP","floor":8.0},{"not_picked":["Wild Strike","Flex","Cleave"],"picked":"SKIP","floor":11.0},{"not_picked":["True Grit","Sever Soul","Shockwave"],"picked":"SKIP","floor":12.0},{"not_picked":["Flex","Heavy Blade","Ghostly Armor"],"picked":"SKIP","floor":13.0},{"not_picked":["Feed","Offering"],"picked":"Limit Break","floor":16.0},{"not_picked":["Havoc","Armaments","Flex"],"picked":"SKIP","floor":18.0},{"not_picked":["Dual Wield","Power Through"],"picked":"Heavy Blade","floor":21.0},{"not_picked":["Rupture","Wild Strike","Flame Barrier+1"],"picked":"SKIP","floor":25.0},{"not_picked":["Blood for Blood","Clash","Warcry+1"],"picked":"SKIP","floor":27.0},{"not_picked":["Cleave+1","Evolve","Pummel"],"picked":"SKIP","floor":30.0},{"not_picked":["Havoc+1","Heavy Blade+1","Perfected Strike"],"picked":"SKIP","floor":31.0},{"not_picked":["Immolate","Exhume+1"],"picked":"Demon Form","floor":33.0},{"not_picked":["Rampage","Iron Wave","Pommel Strike"],"picked":"SKIP","floor":35.0},{"not_picked":["Warcry+1","Pommel Strike+1","Combust+1"],"picked":"SKIP","floor":38.0},{"not_picked":["Warcry+1","Inflame+1","Burning Pact+1"],"picked":"SKIP","floor":39.0},{"not_picked":["Power Through+1","True Grit+1","Bludgeon"],"picked":"SKIP","floor":40.0},{"not_picked":["Uppercut+1","Twin Strike+1"],"picked":"Battle Trance+1","floor":41.0},{"not_picked":["Blood for Blood","Whirlwind","Warcry+1"],"picked":"SKIP","floor":42.0},{"not_picked":["Havoc+1","Clothesline","Armaments+1"],"picked":"SKIP","floor":47.0},{"not_picked":["Second Wind+1","Armaments+1","Pummel+1"],"picked":"SKIP","floor":48.0},{"not_picked":["Wild Strike","Seeing Red+1","Havoc+1"],"picked":"SKIP","floor":54.0}],"player_experience":753360,"relics_obtained":[{"floor":6.0,"key":"Happy Flower"},{"floor":9.0,"key":"Centennial Puzzle"},{"floor":10.0,"key":"Ginger"},{"floor":19.0,"key":"Strawberry"},{"floor":26.0,"key":"Pantograph"},{"floor":27.0,"key":"Darkstone Periapt"},{"floor":30.0,"key":"Ice Cream"},{"floor":40.0,"key":"Lantern"},{"floor":47.0,"key":"Frozen Egg 2"},{"floor":54.0,"key":"Gremlin Horn"}],"event_choices":[{"cards_removed":["Strike_R"],"damage_healed":0.0,"max_hp_gain":0.0,"max_hp_loss":0.0,"gold_gain":0.0,"event_name":"Golden Wing","player_choice":"Card Removal","floor":2.0,"gold_loss":0.0,"damage_taken":7.0},{"damage_healed":0.0,"max_hp_gain":0.0,"max_hp_loss":0.0,"gold_gain":0.0,"event_name":"Back to Basics","player_choice":"Simplicity","floor":20.0,"gold_loss":0.0,"damage_taken":0.0,"cards_upgraded":["Strike_R","Strike_R","Strike_R","Strike_R","Defend_R","Defend_R","Defend_R","Defend_R"]},{"damage_healed":0.0,"max_hp_gain":0.0,"max_hp_loss":0.0,"gold_gain":0.0,"event_name":"Addict","player_choice":"Stole Relic","floor":28.0,"gold_loss":0.0,"damage_taken":0.0,"relics_obtained":["Sundial"],"cards_obtained":["Shame"]},{"damage_healed":0.0,"max_hp_gain":0.0,"max_hp_loss":0.0,"gold_gain":0.0,"event_name":"Cursed Tome","player_choice":"Ignored","floor":29.0,"gold_loss":0.0,"damage_taken":0.0},{"damage_healed":0.0,"max_hp_gain":0.0,"max_hp_loss":0.0,"gold_gain":0.0,"event_name":"Duplicator","player_choice":"Copied","floor":36.0,"gold_loss":0.0,"damage_taken":0.0,"cards_obtained":["Limit Break"]},{"cards_removed":["Strike_R"],"damage_healed":0.0,"max_hp_gain":0.0,"max_hp_loss":0.0,"gold_gain":0.0,"event_name":"Falling","player_choice":"Removed Attack","floor":44.0,"gold_loss":0.0,"damage_taken":0.0}],"is_beta":false,"boss_relics":[{"not_picked":["Astrolabe","Lizard Tail"],"picked":"Black Blood"},{"not_picked":["Philosopher\u0027s Stone","Calling Bell"],"picked":"Cursed Key"}],"items_purged_floors":[45],"is_endless":false,"potions_floor_spawned":[4,11,18,25,33,39,40,48],"killed_by":"The Heart","ascension_level":0}