{"gold_per_floor":[111,131,2,18,18,18,34,34,34,54,54,64,89,89,89,187,187,197,117,54,54,64,64,80,111,111,128,161,21,41,97,97,198,198,217,97,112,131,147,147,158,173,173,206,206,238,98,133,133,133],"floor_reached":51,"playtime":1873,"items_purged":["Strike_R","Strike_R","Strike_R","Iron Wave","Iron Wave"],"score":849,"play_id":"27e5ecbc-f386-49fb-9526-8eba8298a4fd","local_time":"20190727203119","is_ascension_mode":false,"campfire_choices":[{"data":"Body Slam","floor":6,"key":"SMITH"},{"data":"Flame Barrier","floor":8,"key":"SMITH"},{"data":"Shrug It Off","floor":15,"key":"SMITH"},{"data":"Entrench","floor":23,"key":"SMITH"},{"data":"Juggernaut","floor":32,"key":"SMITH"},{"data":"Entrench","floor":40,"key":"SMITH"},{"data":"Juggernaut","floor":49,"key":"SMITH"}],"neow_cost":"PERCENT_DAMAGE","seed_source_timestamp":78376970276400,"circlet_count":0,"master_deck":["Defend_R","Defend_R","Defend_R","Defend_R","Bash","Flame Barrier+1","Body Slam+1","Shrug It Off","Shrug It Off+1","Juggernaut+1","Entrench+1","Juggernaut+1","Shrug It Off+1","Entrench+1","Body Slam+1"],"relics":["Burning Blood","The Courier","Runic Pyramid","Paper Frog","FossilizedHelix","Strawberry","Tiny Chest","Busted Crown","Magic Flower","Ginger","Bottled Flame","StoneCalendar"],"potions_floor_usage":[30,33],"damage_taken":[{"damage":5,"enemies":"Cultist","floor":1,"turns":4},{"damage":3,"enemies":"Jaw Worm","floor":2,"turns":6},{"damage":0,"enemies":"Small Slimes","floor":4,"turns":4},{"damage":4,"enemies":"Exordium Wildlife","floor":7,"turns":5},{"damage":2,"enemies":"Looter","floor":10,"turns":3},{"damage":6,"enemies":"Exordium Thugs","floor":12,"turns":7},{"damage":16,"enemies":"3 Sentries","floor":13,"turns":12},{"damage":25,"enemies":"The Guardian","floor":16,"turns":12},{"damage":2,"enemies":"Chosen","floor":18,"turns":4},{"damage":0,"enemies":"Spheric Guardian","floor":22,"turns":4},{"damage":2,"enemies":"Snecko","floor":24,"turns":5},{"damage":16,"enemies":"Gremlin Leader","floor":25,"turns":6},{"damage":17,"enemies":"Centurion and Healer","floor":27,"turns":6},{"damage":14,"enemies":"Book of Stabbing","floor":28,"turns":7},{"damage":6,"enemies":"3 Cultists","floor":30,"turns":7},{"damage":33,"enemies":"Gremlin Leader","floor":31,"turns":7},{"damage":35,"enemies":"Collector","floor":33,"turns":15},{"damage":14,"enemies":"3 Darklings","floor":35,"turns":6},{"damage":0,"enemies":"Orb Walker","floor":37,"turns":3},{"damage":0,"enemies":"Spire Growth","floor":38,"turns":4},{"damage":0,"enemies":"Jaw Worm Horde","floor":39,"turns":4},{"damage":0,"enemies":"Maw","floor":41,"turns":6},{"damage":0,"enemies":"Sphere and 2 Shapes","floor":42,"turns":5},{"damage":13,"enemies":"Nemesis","floor":44,"turns":7},{"damage":0,"enemies":"Giant Head","floor":46,"turns":5},{"damage":25,"enemies":"Reptomancer","floor":48,"turns":4},{"damage":30,"enemies":"Time Eater","floor":50,"turns":9}],"seed_played":"7863067941203058893","potions_obtained":[{"floor":1,"key":"Regen Potion"},{"floor":7,"key":"Dexterity Potion"},{"floor":13,"key":"GamblersBrew"},{"floor":30,"key":"Fruit Juice"},{"floor":33,"key":"Block Potion"},{"floor":38,"key":"GamblersBrew"}],"is_trial":false,"path_per_floor":["M","M","$","M","$","R","M","R","T","M","$","M","E","?","R","B",null,"M","$","$","?","M","R","M","E","T","M","E","$","M","E","R","B",null,"M","$","M","M","M","R","M","M","T","E","?","E","$","E","R","B",null],"character_chosen":"IRONCLAD","items_purchased":["Shrug It Off","Entrench","Iron Wave"],"campfire_rested":0,"item_purchase_floors":[3,20,29],"current_hp_per_floor":[57,60,60,66,66,66,68,68,68,72,72,72,62,54,54,35,80,80,80,80,80,80,80,80,70,70,59,58,58,63,36,36,7,92,84,84,90,92,92,92,92,92,92,88,88,92,92,76,76,55],"gold":133,"neow_bonus":"REMOVE_TWO","is_prod":false,"is_daily":false,"chose_seed":false,"campfire_upgraded":7,"win_rate":0,"timestamp":1564248679,"path_taken":["M","M","?","M","$","R","M","R","T","M","$","M","E","?","R","BOSS","M","?","$","?","M","R","M","E","T","M","E","?","M","E","R","BOSS","M","$","M","M","M","R","M","M","T","E","?","E","$","E","R","BOSS"],"build_version":"2019-07-17","purchased_purges":5,"victory":true,"max_hp_per_floor":[80,80,80,80,80,80,80,80,80,80,80,80,80,80,80,80,80,80,80,80,80,80,80,80,80,80,80,87,87,92,92,92,92,92,92,92,92,92,92,92,92,92,92,92,92,92,92,92,92,92],"card_choices":[{"not_picked":["Corruption","Carnage"],"picked":"Flame Barrier","floor":1},{"not_picked":["True Grit","Armaments"],"picked":"Body Slam","floor":2},{"not_picked":["Sever Soul","Dual Wield","Wild Strike"],"picked":"SKIP","floor":4},{"not_picked":["Feel No Pain","Hemokinesis"],"picked":"Shrug It Off","floor":7},{"not_picked":["Dropkick","Havoc","Burning Pact"],"picked":"SKIP","floor":10},{"not_picked":["Wild Strike","Ghostly Armor","Flex"],"picked":"SKIP","floor":12},{"not_picked":["Reckless Charge","Uppercut","Bludgeon"],"picked":"SKIP","floor":13},{"not_picked":["Berserk","Demon Form"],"picked":"Juggernaut","floor":16},{"not_picked":["Pommel Strike+1","Blood for Blood+1"],"picked":"Iron Wave","floor":18},{"not_picked":["Sword Boomerang","Armaments+1","Sentinel+1"],"picked":"SKIP","floor":22},{"not_picked":["Hemokinesis","Cleave+1","Twin Strike+1"],"picked":"SKIP","floor":24},{"not_picked":["Dark Embrace","Bloodletting","Pummel+1"],"picked":"SKIP","floor":25},{"not_picked":["Blood for Blood","Spot Weakness","Intimidate"],"picked":"SKIP","floor":27},{"not_picked":["True Grit+1","Clothesline+1","Headbutt"],"picked":"SKIP","floor":28},{"not_picked":["Iron Wave","Clothesline","Corruption"],"picked":"SKIP","floor":30},{"not_picked":["Flex","Berserk","Hemokinesis+1"],"picked":"SKIP","floor":31},{"not_picked":["Fiend Fire","Limit Break"],"picked":"Juggernaut","floor":33},{"not_picked":[],"picked":"Shrug It Off+1","floor":35},{"not_picked":["Uppercut+1"],"picked":"SKIP","floor":37},{"not_picked":[],"picked":"Entrench","floor":38},{"not_picked":["Infernal Blade"],"picked":"SKIP","floor":39},{"not_picked":["Shrug It Off+1"],"picked":"SKIP","floor":41},{"not_picked":[],"picked":"Body Slam+1","floor":42},{"not_picked":["Heavy Blade+1"],"picked":"SKIP","floor":44},{"not_picked":["Pommel Strike+1"],"picked":"SKIP","floor":46},{"not_picked":["Limit Break"],"picked":"SKIP","floor":48}],"player_experience":777668,"relics_obtained":[{"floor":13,"key":"The Courier"},{"floor":25,"key":"Paper Frog"},{"floor":26,"key":"FossilizedHelix"},{"floor":28,"key":"Strawberry"},{"floor":31,"key":"Tiny Chest"},{"floor":43,"key":"Magic Flower"},{"floor":44,"key":"Ginger"},{"floor":46,"key":"Bottled Flame"},{"floor":48,"key":"StoneCalendar"}],"event_choices":[{"damage_healed":0,"gold_gain":0,"player_choice":"Damaged","damage_taken":8,"max_hp_gain":0,"max_hp_loss":0,"event_name":"Wheel of Change","floor":14,"gold_loss":0},{"damage_healed":0,"gold_gain":0,"player_choice":"Ignored","damage_taken":0,"max_hp_gain":0,"max_hp_loss":0,"event_name":"Vampires","floor":21,"gold_loss":0},{"damage_healed":0,"gold_gain":0,"player_choice":"Memory 1","damage_taken":0,"max_hp_gain":0,"max_hp_loss":0,"event_name":"SensoryStone","floor":45,"gold_loss":0}],"is_beta":false,"boss_relics":[{"not_picked":["Philosopher\u0027s Stone","Mark of Pain"],"picked":"Runic Pyramid"},{"not_picked":["Velvet Choker","Eternal Feather"],"picked":"Busted Crown"}],"items_purged_floors":[3,19,29,36,47],"is_endless":false,"potions_floor_spawned":[1,7,13,22,27,28,30,33,38,41,44,48],"ascension_level":0}