{"gold_per_floor":[115,115,129,129,61,61,61,61,86,121,141,180,180,199,199,199],"floor_reached":16,"playtime":284,"items_purged":[],"score":108,"play_id":"4f28e7f2-ef73-4970-9c04-a9d796a48385","local_time":"20180730233341","is_ascension_mode":false,"campfire_choices":[{"data":"Defragment","floor":6.0,"key":"SMITH"},{"data":"Self Repair","floor":13.0,"key":"SMITH"},{"data":"Static Discharge","floor":15.0,"key":"SMITH"}],"neow_cost":"NONE","seed_source_timestamp":124919343010498,"circlet_count":0,"master_deck":["Strike_B","Strike_B","Strike_B","Strike_B","Defend_B","Defend_B","Defend_B","Defend_B","Zap+1","Dualcast","Buffer","Ball Lightning","Self Repair+1","Defragment+1","Decay","Hologram","Conserve Battery","Static Discharge+1"],"special_seed":0,"relics":["Cracked Core","Golden Idol","Vajra","Letter Opener","Ancient Tea Set"],"potions_floor_usage":[16],"damage_taken":[{"damage":0.0,"enemies":"2 Louse","floor":1.0,"turns":1.0},{"damage":1.0,"enemies":"Cultist","floor":3.0,"turns":3.0},{"damage":19.0,"enemies":"3 Sentries","floor":10.0,"turns":5.0},{"damage":2.0,"enemies":"Small Slimes","floor":11.0,"turns":2.0},{"damage":16.0,"enemies":"Gremlin Nob","floor":12.0,"turns":4.0},{"damage":5.0,"enemies":"Looter","floor":14.0,"turns":2.0},{"damage":46,"enemies":"Slime Boss","floor":16,"turns":5}],"seed_played":"-7602075879279548429","potions_obtained":[{"floor":3.0,"key":"FocusPotion"},{"floor":10.0,"key":"Swift Potion"},{"floor":11.0,"key":"Ancient Potion"}],"is_trial":false,"path_per_floor":["M","$","M","?","$","R","?","?","T","E","M","E","R","M","R"],"character_chosen":"DEFECT","items_purchased":["Defragment"],"campfire_rested":0,"item_purchase_floors":[5],"current_hp_per_floor":[75,75,74,74,74,74,69,69,69,57,55,46,46,41,41,0],"gold":199,"neow_bonus":"ONE_RANDOM_RARE_CARD","is_prod":false,"is_daily":false,"chose_seed":false,"campfire_upgraded":3,"win_rate":0,"timestamp":1532982821,"path_taken":["M","$","M","?","$","R","?","?","T","E","M","E","R","M","R","BOSS"],"build_version":"2018-07-26","purchased_purges":0,"victory":false,"max_hp_per_floor":[75,75,75,75,75,75,69,69,69,69,69,69,69,69,69,69],"card_choices":[{"not_picked":["Recycle","Cold Snap"],"picked":"Ball Lightning","floor":1.0},{"not_picked":["Turbo","Reprogram"],"picked":"Self Repair","floor":3.0},{"not_picked":["Reinforced Body","Rebound"],"picked":"Hologram","floor":10.0},{"not_picked":["Tempest","Go for the Eyes","Coolheaded"],"picked":"SKIP","floor":11.0},{"not_picked":["Sweeping Beam","Hologram"],"picked":"Conserve Battery","floor":12.0},{"not_picked":["Redo","Recycle"],"picked":"Static Discharge","floor":14.0}],"player_experience":273815,"relics_obtained":[{"floor":9.0,"key":"Vajra"},{"floor":10.0,"key":"Letter Opener"},{"floor":12.0,"key":"Ancient Tea Set"}],"event_choices":[{"event_name":"Accursed Blacksmith","player_choice":"Forge","floor":4.0,"damage_taken":0.0},{"event_name":"Golden Idol","player_choice":"Lose Max HP","floor":7.0,"damage_taken":0.0},{"event_name":"Wheel of Change","player_choice":"Curse","floor":8.0,"damage_taken":0.0}],"is_beta":false,"boss_relics":[],"items_purged_floors":[],"is_endless":false,"potions_floor_spawned":[3,10,11],"killed_by":"Slime Boss","ascension_level":0}