{"path_per_floor":["M","?","M","M","$","E","R","M","T","?","R","E","M","E","R","B",null,"M","M","$","M","M","R","E","M","T","?","M","R","?","M","R"],"character_chosen":"THE_SILENT","items_purchased":["Dramatic Entrance","Dodge and Roll","Accuracy","Regen Potion"],"gold_per_floor":[118,118,134,150,21,46,46,58,58,133,133,160,173,198,198,293,293,309,322,92,106,116,116,148,168,168,168,168,168,268,278,278,278],"floor_reached":33,"campfire_rested":4,"playtime":2328,"item_purchase_floors":[5,5,20,20],"current_hp_per_floor":[62,62,62,59,59,50,50,39,39,28,49,36,38,17,39,3,62,49,30,30,17,42,42,17,14,14,14,6,31,31,24,49,0],"items_purged":["Defend_G"],"gold":278,"score":401,"play_id":"4b2e7764-e5c6-4109-a19d-1f9465eda352","local_time":"20180625124932","is_prod":false,"is_daily":false,"chose_seed":false,"is_ascension_mode":true,"campfire_upgraded":2,"win_rate":0,"timestamp":1529923772,"campfire_choices":[{"data":"Neutralize","floor":7,"key":"SMITH"},{"floor":11,"key":"REST"},{"floor":15,"key":"REST"},{"data":"Accuracy","floor":23,"key":"SMITH"},{"floor":29,"key":"REST"},{"floor":32,"key":"REST"}],"path_taken":["M","?","M","M","$","E","R","?","T","?","R","E","M","E","R","BOSS","M","M","$","M","M","R","E","M","T","?","M","R","?","M","R","BOSS"],"build_version":"2018-06-21","seed_source_timestamp":18765077286497,"purchased_purges":1,"circlet_count":0,"victory":false,"master_deck":["Defend_G","Defend_G","Defend_G","Defend_G","Strike_G","Strike_G","Strike_G","Strike_G","Survivor","Neutralize+1","Dagger Spray","Slice","Infinite Blades","Caltrops","Dramatic Entrance","Dodge and Roll","Infinite Blades","Predator","Quick Slash","Venomology","Backflip","Backstab","PiercingWail+1","Dash+1","Accuracy+1","Malaise","Backstab+1","Decay"],"max_hp_per_floor":[70,70,70,70,70,70,70,70,70,70,70,72,74,74,74,74,80,80,80,80,80,82,82,82,84,84,84,84,84,84,86,86,86],"relics":["Lizard Tail","Singing Bowl","Matryoshka","Girya","Mummified Hand","Orrery","Ancient Tea Set","Lantern","Bottled Lightning"],"card_choices":[{"not_picked":["Blade Dance","Quick Slash"],"picked":"Dagger Spray","floor":1},{"not_picked":["Leg Sweep","Dagger Spray"],"picked":"Infinite Blades","floor":3},{"not_picked":["Bane","Acrobatics"],"picked":"Caltrops","floor":4},{"not_picked":["Poisoned Stab","Phantasmal Killer"],"picked":"Infinite Blades","floor":6},{"not_picked":["Flechettes","Underhanded Strike"],"picked":"Predator","floor":8},{"not_picked":["Flying Knee","Dodge and Roll","Slice"],"picked":"Singing Bowl","floor":12},{"not_picked":["Flechettes","Infinite Blades","Cloak And Dagger"],"picked":"Singing Bowl","floor":13},{"not_picked":["Flying Knee","Endless Agony"],"picked":"Quick Slash","floor":14},{"not_picked":["Burst","Die Die Die"],"picked":"Venomology","floor":16},{"not_picked":["Infinite Blades","Deflect"],"picked":"Backflip","floor":17},{"not_picked":["Cloak And Dagger","Bane","Reflex"],"picked":"Singing Bowl","floor":17},{"not_picked":["Prepared","PiercingWail","Deflect"],"picked":"Singing Bowl","floor":17},{"not_picked":["Slice","Outmaneuver","Dagger Throw"],"picked":"Singing Bowl","floor":17},{"not_picked":["Deadly Poison","Sucker Punch"],"picked":"Backstab","floor":17},{"not_picked":["Underhanded Strike","Flying Knee"],"picked":"PiercingWail+1","floor":18},{"not_picked":["Cloak And Dagger","Crippling Poison+1"],"picked":"Dash+1","floor":19},{"not_picked":["Distraction","Dodge and Roll"],"picked":"Malaise","floor":21},{"not_picked":["Underhanded Strike","Doppelganger","Deadly Poison"],"picked":"Singing Bowl","floor":22},{"not_picked":["Flechettes+1","PiercingWail"],"picked":"Backstab+1","floor":24},{"not_picked":["PiercingWail","Calculated Gamble","Finisher"],"picked":"Singing Bowl","floor":25},{"not_picked":["Sucker Punch","Night Terror","Poisoned Stab+1"],"picked":"Singing Bowl","floor":31}],"player_experience":480234,"potions_floor_usage":[6,18,19,19,21,21,22,22,24,25,28,28,31,31,33],"damage_taken":[{"damage":1,"enemies":"Jaw Worm","floor":1,"turns":8},{"damage":0,"enemies":"Cultist","floor":3,"turns":5},{"damage":3,"enemies":"Small Slimes","floor":4,"turns":4},{"damage":9,"enemies":"3 Sentries","floor":6,"turns":6},{"damage":11,"enemies":"2 Fungi Beasts","floor":8,"turns":4},{"damage":15,"enemies":"Gremlin Nob","floor":12,"turns":4},{"damage":0,"enemies":"Looter","floor":13,"turns":2},{"damage":21,"enemies":"3 Sentries","floor":14,"turns":7},{"damage":36,"enemies":"Hexaghost","floor":16,"turns":10},{"damage":13,"enemies":"Shell Parasite","floor":18,"turns":7},{"damage":19,"enemies":"Spheric Guardian","floor":19,"turns":6},{"damage":28,"enemies":"Snake Plant","floor":21,"turns":7},{"damage":18,"enemies":"Centurion and Healer","floor":22,"turns":5},{"damage":25,"enemies":"Book of Stabbing","floor":24,"turns":6},{"damage":5,"enemies":"3 Cultists","floor":25,"turns":5},{"damage":8,"enemies":"Snake Plant","floor":28,"turns":4},{"damage":24,"enemies":"Centurion and Healer","floor":31,"turns":6},{"damage":69,"enemies":"Automaton","floor":33,"turns":6}],"relics_obtained":[{"floor":6,"key":"Singing Bowl"},{"floor":9,"key":"Matryoshka"},{"floor":12,"key":"Girya"},{"floor":14,"key":"Mummified Hand"},{"floor":24,"key":"Ancient Tea Set"},{"floor":26,"key":"Lantern"},{"floor":26,"key":"Bottled Lightning"}],"event_choices":[{"event_name":"Living Wall","player_choice":"Change","floor":2,"damage_taken":0},{"event_name":"World of Goop","player_choice":"Gather Gold","floor":10,"damage_taken":0},{"event_name":"Forgotten Altar","player_choice":"Smashed Altar","floor":27,"damage_taken":0},{"event_name":"Golden Shrine","player_choice":"Pray","floor":30,"damage_taken":0}],"boss_relics":[{"not_picked":["Fusion Hammer","Calling Bell"],"picked":"Orrery"}],"items_purged_floors":[20],"is_endless":false,"potions_floor_spawned":[1,6,16,19,21,22],"seed_played":"-5696565212871204685","killed_by":"Automaton","ascension_level":6,"potions_obtained":[{"floor":1,"key":"Explosive Potion"},{"floor":6,"key":"SmokeBomb"},{"floor":16,"key":"Energy Potion"},{"floor":19,"key":"Strength Potion"},{"floor":21,"key":"Poison Potion"},{"floor":22,"key":"Weak Potion"}],"is_trial":false}