{"gold_per_floor":[119,119,119,139,152,152,187,200,200,200,214,20,37,64,64,163,163,183,282,127,127,127,127,146,159,159,159,173,173,113,125,125,228,228,245,245,245,37,50,50,61,61,85,85,9,25,25,35,35,35],"floor_reached":51,"playtime":1627,"items_purged":["Strike_R","Strike_R"],"score":657,"play_id":"87b39cda-3277-47ee-90ba-e90d8e7b7e44","local_time":"20190621124442","is_ascension_mode":false,"campfire_choices":[{"data":"Spot Weakness","floor":6.0,"key":"SMITH"},{"data":"Iron Wave","floor":10.0,"key":"SMITH"},{"data":"Uppercut","floor":15.0,"key":"SMITH"},{"data":"Bash","floor":23.0,"key":"SMITH"},{"data":"Reaper","floor":27.0,"key":"SMITH"},{"data":"Spot Weakness","floor":32.0,"key":"SMITH"},{"data":"Spot Weakness","floor":40.0,"key":"SMITH"},{"data":"Sword Boomerang","floor":42,"key":"SMITH"},{"floor":47,"key":"REST"},{"floor":49,"key":"REST"}],"neow_cost":"NONE","seed_source_timestamp":653316914174000,"circlet_count":0,"master_deck":["Strike_R","Strike_R","Defend_R","Defend_R","Defend_R","Bash+1","Iron Wave+1","Spot Weakness+1","Uppercut+1","Dropkick","Sword Boomerang+1","Reaper+1","Shrug It Off","Twin Strike","Spot Weakness+1","Feed","Impatience","Dark Shackles","Spot Weakness+1","Parasite","Mind Blast"],"special_seed":0,"relics":["Black Blood","Ornamental Fan","The Courier","Matryoshka","Pantograph","MealTicket","Gremlin Horn","Self Forming Clay","MutagenicStrength","Busted Crown","Smiling Mask","Blood Vial"],"potions_floor_usage":[50],"damage_taken":[{"damage":0.0,"enemies":"2 Louse","floor":1.0,"turns":3.0},{"damage":10.0,"enemies":"Cultist","floor":4.0,"turns":4.0},{"damage":1.0,"enemies":"Jaw Worm","floor":5.0,"turns":3.0},{"damage":34.0,"enemies":"3 Sentries","floor":7.0,"turns":8.0},{"damage":14.0,"enemies":"3 Louse","floor":8.0,"turns":4.0},{"damage":5.0,"enemies":"Gremlin Gang","floor":11.0,"turns":4.0},{"damage":4.0,"enemies":"Blue Slaver","floor":13.0,"turns":3.0},{"damage":9.0,"enemies":"Gremlin Nob","floor":14.0,"turns":4.0},{"damage":41.0,"enemies":"Hexaghost","floor":16.0,"turns":10.0},{"damage":35.0,"enemies":"2 Thieves","floor":18.0,"turns":4.0},{"damage":38.0,"enemies":"Colosseum Slavers","floor":21.0,"turns":3.0},{"damage":2.0,"enemies":"Chosen","floor":24.0,"turns":3.0},{"damage":33.0,"enemies":"Centurion and Healer","floor":25.0,"turns":6.0},{"damage":26.0,"enemies":"Cultist and Chosen","floor":28.0,"turns":5.0},{"damage":29.0,"enemies":"Snake Plant","floor":31.0,"turns":5.0},{"damage":82.0,"enemies":"Collector","floor":33.0,"turns":10.0},{"damage":19.0,"enemies":"3 Shapes","floor":35.0,"turns":8.0},{"damage":12.0,"enemies":"3 Darklings","floor":39.0,"turns":5.0},{"damage":14,"enemies":"Writhing Mass","floor":41,"turns":5},{"damage":94,"enemies":"Sphere and 2 Shapes","floor":46,"turns":8},{"damage":0,"enemies":"Transient","floor":48,"turns":5},{"damage":102,"enemies":"Time Eater","floor":50,"turns":9}],"seed_played":"3170096853772000181","potions_obtained":[{"floor":4.0,"key":"FearPotion"},{"floor":8.0,"key":"Explosive Potion"},{"floor":11.0,"key":"LiquidBronze"},{"floor":18.0,"key":"AttackPotion"},{"floor":24.0,"key":"FearPotion"},{"floor":31.0,"key":"SpeedPotion"},{"floor":35.0,"key":"SkillPotion"},{"floor":46,"key":"Explosive Potion"}],"is_trial":false,"path_per_floor":["M","$","?","M","M","R","E","M","T","R","M","$","M","E","R","B",null,"M","?","$","?","?","R","M","M","T","R","M","?","$","M","R","B",null,"M","?","?","$","M","R","M","R","T","?","$","M","R","M","R","B",null],"character_chosen":"IRONCLAD","items_purchased":["Matryoshka","MealTicket","Dark Shackles","Spot Weakness","Mind Blast"],"campfire_rested":2,"item_purchase_floors":[12,20,38,38,45],"current_hp_per_floor":[80,80,80,76,80,80,52,44,44,44,45,45,47,44,44,34,80,72,72,72,52,80,80,80,57,57,57,51,51,66,53,53,18,80,74,74,64,79,77,77,83,83,83,83,83,11,36,48,73,19],"gold":35,"neow_bonus":"THREE_CARDS","is_prod":false,"is_daily":false,"chose_seed":false,"campfire_upgraded":8,"win_rate":0,"timestamp":1561110282,"path_taken":["M","$","?","M","M","R","E","M","T","R","M","$","M","E","R","BOSS","M","?","$","?","?","R","M","?","T","R","M","?","$","M","R","BOSS","M","?","?","$","M","R","M","R","T","?","$","M","R","M","R","BOSS"],"build_version":"2019-01-23","purchased_purges":2,"victory":true,"max_hp_per_floor":[80,80,80,80,80,80,80,80,80,80,80,80,80,80,80,80,80,80,80,80,80,80,80,80,80,80,80,80,80,80,80,80,80,80,83,83,83,83,83,83,83,83,83,83,83,86,86,86,86,86],"card_choices":[{"not_picked":["Heavy Blade","Perfected Strike"],"picked":"Iron Wave","floor":0.0},{"not_picked":["Heavy Blade","Rage","Armaments"],"picked":"SKIP","floor":1.0},{"not_picked":["Cleave","Pommel Strike"],"picked":"Spot Weakness","floor":4.0},{"not_picked":["Seeing Red","Disarm","Havoc"],"picked":"SKIP","floor":5.0},{"not_picked":["Second Wind","Offering","Bloodletting"],"picked":"SKIP","floor":7.0},{"not_picked":["Armaments","Anger","Carnage"],"picked":"SKIP","floor":8.0},{"not_picked":["Clothesline","Uppercut","Offering"],"picked":"SKIP","floor":11.0},{"not_picked":["Clothesline","Offering"],"picked":"Uppercut","floor":11.0},{"not_picked":["Pommel Strike","Headbutt"],"picked":"Dropkick","floor":13.0},{"not_picked":["Fiend Fire","Perfected Strike"],"picked":"Sword Boomerang","floor":14.0},{"not_picked":["Fiend Fire","Brutality"],"picked":"Reaper","floor":16.0},{"not_picked":["Headbutt","Clash"],"picked":"Shrug It Off","floor":18.0},{"not_picked":["Ghostly Armor+1","Wild Strike"],"picked":"Twin Strike","floor":24.0},{"not_picked":["Clash","Immolate","Thunderclap"],"picked":"SKIP","floor":25.0},{"not_picked":["Perfected Strike","Anger"],"picked":"Spot Weakness","floor":28.0},{"not_picked":["Rupture","Perfected Strike","Anger+1"],"picked":"SKIP","floor":31.0},{"not_picked":["Fiend Fire","Berserk"],"picked":"Feed","floor":33.0},{"not_picked":["Corruption"],"picked":"SKIP","floor":35.0},{"not_picked":[],"picked":"Impatience","floor":37.0},{"not_picked":["Headbutt+1"],"picked":"SKIP","floor":39.0},{"not_picked":["Corruption+1"],"picked":"SKIP","floor":41},{"not_picked":["Perfected Strike"],"picked":"SKIP","floor":46},{"not_picked":["Pommel Strike"],"picked":"SKIP","floor":48}],"player_experience":636682,"relics_obtained":[{"floor":7.0,"key":"Ornamental Fan"},{"floor":9.0,"key":"The Courier"},{"floor":14.0,"key":"Pantograph"},{"floor":26.0,"key":"Gremlin Horn"},{"floor":26.0,"key":"Self Forming Clay"},{"floor":43,"key":"Smiling Mask"},{"floor":43,"key":"Blood Vial"}],"event_choices":[{"cards_removed":["Strike_R"],"damage_healed":0.0,"max_hp_gain":0.0,"max_hp_loss":0.0,"gold_gain":0.0,"event_name":"Wheel of Change","player_choice":"Card Removal","floor":3.0,"gold_loss":0.0,"damage_taken":0.0},{"damage_healed":0.0,"max_hp_gain":0.0,"max_hp_loss":0.0,"gold_gain":99.0,"event_name":"Nest","player_choice":"Stole From Cult","floor":19.0,"gold_loss":0.0,"damage_taken":0.0},{"damage_healed":0.0,"max_hp_gain":0.0,"max_hp_loss":0.0,"gold_gain":0.0,"event_name":"Colosseum","player_choice":"Fight","floor":21.0,"gold_loss":0.0,"damage_taken":0.0},{"damage_healed":0.0,"max_hp_gain":0.0,"max_hp_loss":0.0,"gold_gain":0.0,"event_name":"Colosseum","player_choice":"Fled From Nobs","floor":21.0,"gold_loss":0.0,"damage_taken":0.0},{"damage_healed":28.0,"max_hp_gain":0.0,"max_hp_loss":0.0,"gold_gain":0.0,"event_name":"Wheel of Change","player_choice":"Full Heal","floor":22.0,"gold_loss":0.0,"damage_taken":0.0},{"damage_healed":0.0,"max_hp_gain":0.0,"max_hp_loss":0.0,"gold_gain":0.0,"event_name":"Drug Dealer","player_choice":"Inject Mutagens","floor":29.0,"gold_loss":0.0,"damage_taken":0.0,"relics_obtained":["MutagenicStrength"]},{"cards_removed":["Defend_R"],"damage_healed":0.0,"max_hp_gain":0.0,"max_hp_loss":0.0,"gold_gain":0.0,"event_name":"Falling","player_choice":"Removed Skill","floor":36.0,"gold_loss":0.0,"damage_taken":0.0},{"damage_healed":0.0,"max_hp_gain":0.0,"max_hp_loss":0.0,"gold_gain":0.0,"event_name":"SensoryStone","player_choice":"Memory 3","floor":37.0,"gold_loss":0.0,"damage_taken":10.0},{"damage_healed":0,"gold_gain":0,"player_choice":"Ignored","damage_taken":0,"max_hp_gain":0,"max_hp_loss":0,"event_name":"Tomb of Lord Red Mask","floor":44,"gold_loss":0}],"is_beta":false,"boss_relics":[{"not_picked":["White Beast Statue","Cursed Key"],"picked":"Black Blood"},{"not_picked":["Sozu","Snecko Eye"],"picked":"Busted Crown"}],"items_purged_floors":[30,38],"is_endless":false,"potions_floor_spawned":[4,8,11,18,24,31,35,46],"ascension_level":0}