{"gold_per_floor":[116,21,21,35,11,39,59,75,75,89,114,126,126,51,51,148,148,166,185,65,164,9,9,38,52,52,52,62,77,77,77,77,180,180,192,243,243,260,275,275,285,313,359,102,102,26,26,107,107,107],"floor_reached":51,"playtime":2415,"items_purged":["Strike_B","Parasite"],"score":755,"play_id":"f8ed50e0-f3e8-46ea-9479-5162c4aeb466","local_time":"20190126084418","is_ascension_mode":false,"campfire_choices":[{"data":"Zap","floor":13,"key":"SMITH"},{"data":"Conserve Battery","floor":15,"key":"SMITH"},{"data":"Electrodynamics","floor":23,"key":"SMITH"},{"floor":27,"key":"REST"},{"data":"Defragment","floor":30,"key":"SMITH"},{"floor":32,"key":"REST"},{"data":"Rainbow","floor":40,"key":"SMITH"},{"data":"Leap","floor":45,"key":"SMITH"},{"data":"Loop","floor":47,"key":"SMITH"},{"data":"Go for the Eyes","floor":49,"key":"SMITH"}],"neow_cost":"NONE","seed_source_timestamp":52185594346025,"circlet_count":0,"master_deck":["Strike_B","Strike_B","Defend_B","Defend_B","Defend_B+1","Defend_B","Zap+1","Sweeping Beam","Conserve Battery+1","Go for the Eyes+1","Tempest","Compile Driver","Skim+1","Doom and Gloom+1","Ball Lightning+1","Barrage+1","Barrage+1","Electrodynamics+1","Cold Snap+1","Glacier+1","Capacitor","FTL+1","Leap+1","Defragment+1","Lockon+1","Rainbow+1","Leap","Chill+1","Auto Shields+1","Cold Snap+1","Go for the Eyes+1","Thunder Strike+1","Loop+1"],"relics":["Cracked Core","Molten Egg 2","Dodecahedron","Kunai","Inserter","War Paint","Juzu Bracelet","Mercury Hourglass","Eternal Feather","Mango","Strawberry","Centennial Puzzle","Blue Candle"],"potions_floor_usage":[10,11,11,33,36,41,50],"damage_taken":[{"damage":2,"enemies":"Jaw Worm","floor":1,"turns":5},{"damage":4,"enemies":"Cultist","floor":4,"turns":3},{"damage":14,"enemies":"Lagavulin","floor":6,"turns":6},{"damage":2,"enemies":"Small Slimes","floor":7,"turns":3},{"damage":2,"enemies":"Blue Slaver","floor":8,"turns":3},{"damage":0,"enemies":"Lots of Slimes","floor":10,"turns":2},{"damage":5,"enemies":"3 Sentries","floor":11,"turns":3},{"damage":0,"enemies":"Large Slime","floor":12,"turns":2},{"damage":0,"enemies":"Slime Boss","floor":16,"turns":4},{"damage":14,"enemies":"Shell Parasite","floor":18,"turns":4},{"damage":15,"enemies":"2 Thieves","floor":19,"turns":3},{"damage":30,"enemies":"Gremlin Leader","floor":24,"turns":6},{"damage":15,"enemies":"Snecko","floor":25,"turns":3},{"damage":5,"enemies":"Centurion and Healer","floor":28,"turns":6},{"damage":2,"enemies":"Sentry and Sphere","floor":29,"turns":6},{"damage":6,"enemies":"Champ","floor":33,"turns":10},{"damage":0,"enemies":"Orb Walker","floor":35,"turns":3},{"damage":50,"enemies":"2 Orb Walkers","floor":36,"turns":4},{"damage":9,"enemies":"3 Shapes","floor":38,"turns":4},{"damage":1,"enemies":"Maw","floor":39,"turns":9},{"damage":12,"enemies":"Writhing Mass","floor":41,"turns":6},{"damage":26,"enemies":"Reptomancer","floor":42,"turns":8},{"damage":30,"enemies":"Donu and Deca","floor":50,"turns":11}],"seed_played":"5860497400852494301","potions_obtained":[{"floor":1,"key":"Explosive Potion"},{"floor":7,"key":"Fire Potion"},{"floor":8,"key":"GamblersBrew"},{"floor":16,"key":"Weak Potion"},{"floor":19,"key":"FairyPotion"},{"floor":29,"key":"Dexterity Potion"},{"floor":35,"key":"Swift Potion"},{"floor":38,"key":"Swift Potion"}],"is_trial":false,"path_per_floor":["M","$","?","M","$","E","M","M","T","M","E","M","R","$","R","B",null,"M","M","$","?","$","R","E","M","T","R","M","M","R","?","R","B",null,"M","?","?","M","M","R","M","E","T","$","R","$","R","T","R","B",null],"character_chosen":"DEFECT","items_purchased":["Conserve Battery","Go for the Eyes","Compile Driver","Capacitor","FTL+1","War Paint","Thunder Strike+1","Loop"],"campfire_rested":2,"item_purchase_floors":[2,2,5,20,20,22,44,46],"current_hp_per_floor":[80,80,80,76,76,62,60,58,58,58,53,53,53,53,53,53,82,68,53,53,53,53,53,23,8,8,32,27,25,25,25,49,43,82,82,46,84,75,74,84,72,53,53,53,71,71,88,88,88,58],"gold":107,"neow_bonus":"TEN_PERCENT_HP_BONUS","is_prod":false,"is_daily":false,"chose_seed":false,"campfire_upgraded":8,"win_rate":0.0,"timestamp":1548488658,"path_taken":["M","$","?","?","$","E","M","M","T","M","E","M","R","$","R","BOSS","M","M","$","?","$","R","E","M","T","R","M","M","R","?","R","BOSS","M","?","?","M","M","R","M","E","T","$","R","$","R","?","R","BOSS"],"build_version":"2019-01-23","purchased_purges":2,"victory":true,"max_hp_per_floor":[82,82,82,82,82,82,82,82,82,82,82,82,82,82,82,82,82,82,82,82,82,82,82,82,82,82,82,82,82,82,82,82,82,82,82,96,84,84,84,84,84,91,91,88,88,88,88,88,88,88],"card_choices":[{"not_picked":["Doom and Gloom","Coolheaded"],"picked":"Sweeping Beam","floor":1},{"not_picked":["Gash","Melter"],"picked":"Tempest","floor":4},{"not_picked":["Double Energy","Reinforced Body"],"picked":"Skim","floor":6},{"not_picked":["Hologram","Consume"],"picked":"Doom and Gloom+1","floor":7},{"not_picked":["Steam","Conserve Battery"],"picked":"Ball Lightning+1","floor":8},{"not_picked":["Coolheaded","Streamline+1"],"picked":"Barrage+1","floor":10},{"not_picked":["Amplify","Barrage+1","Steam Power"],"picked":"SKIP","floor":11},{"not_picked":["Amplify","Steam Power"],"picked":"Barrage+1","floor":11},{"not_picked":["Sweeping Beam+1","Stack","Hologram"],"picked":"SKIP","floor":12},{"not_picked":["Seek","Buffer"],"picked":"Electrodynamics","floor":16},{"not_picked":["Gash+1","Conserve Battery+1"],"picked":"Cold Snap+1","floor":18},{"not_picked":["Steam","Gash+1"],"picked":"Glacier+1","floor":19},{"not_picked":["Coolheaded","Sweeping Beam+1","Streamline+1"],"picked":"SKIP","floor":24},{"not_picked":["Lockon+1","Beam Cell+1","Storm"],"picked":"SKIP","floor":25},{"not_picked":["Stack","Tempest"],"picked":"Leap","floor":28},{"not_picked":["Double Energy+1","Storm"],"picked":"Defragment","floor":29},{"not_picked":["Machine Learning","Seek"],"picked":"Rainbow","floor":33},{"not_picked":["Hologram","Steam+1","Compile Driver+1"],"picked":"SKIP","floor":35},{"not_picked":["Compile Driver+1","Gash+1"],"picked":"Leap","floor":36},{"not_picked":["Doom and Gloom+1","Compile Driver+1"],"picked":"Chill+1","floor":38},{"not_picked":["Compile Driver+1","Beam Cell+1"],"picked":"Auto Shields+1","floor":39},{"not_picked":["Gash+1","Compile Driver+1"],"picked":"Cold Snap+1","floor":41},{"not_picked":["Aggregate+1","Melter+1"],"picked":"Go for the Eyes+1","floor":42}],"player_experience":227420,"relics_obtained":[{"floor":6,"key":"Molten Egg 2"},{"floor":9,"key":"Dodecahedron"},{"floor":11,"key":"Kunai"},{"floor":24,"key":"Juzu Bracelet"},{"floor":26,"key":"Mercury Hourglass"},{"floor":36,"key":"Mango"},{"floor":42,"key":"Strawberry"},{"floor":43,"key":"Centennial Puzzle"},{"floor":48,"key":"Blue Candle"}],"event_choices":[{"cards_removed":["Strike_B"],"damage_healed":0,"gold_gain":0,"player_choice":"Purged","damage_taken":0,"max_hp_gain":0,"max_hp_loss":0,"event_name":"Purifier","floor":3,"gold_loss":0},{"damage_healed":0,"gold_gain":99,"player_choice":"Stole From Cult","damage_taken":0,"max_hp_gain":0,"max_hp_loss":0,"event_name":"Nest","floor":21,"gold_loss":0},{"damage_healed":0,"gold_gain":0,"cards_transformed":["Dualcast"],"player_choice":"Transformed","damage_taken":0,"max_hp_gain":0,"max_hp_loss":0,"event_name":"Transmorgrifier","floor":31,"gold_loss":0,"cards_obtained":["Lockon"]},{"damage_healed":0,"gold_gain":0,"player_choice":"Fight","damage_taken":0,"max_hp_gain":0,"max_hp_loss":0,"event_name":"Mysterious Sphere","floor":36,"gold_loss":0},{"damage_healed":84,"gold_gain":0,"player_choice":"Heal","damage_taken":0,"max_hp_gain":0,"max_hp_loss":12,"event_name":"The Moai Head","floor":37,"gold_loss":0}],"is_beta":false,"boss_relics":[{"not_picked":["Coffee Dripper","Orrery"],"picked":"Inserter"},{"not_picked":["Lizard Tail","Black Star"],"picked":"Eternal Feather"}],"items_purged_floors":[14,44],"is_endless":false,"potions_floor_spawned":[1,7,8,16,19,29,35,38],"ascension_level":0}