{"gold_per_floor":[112,19,33,33,50,50,81,100,100,115,132,132,142,156,156,255,255,268,279,30,30,30,30,60,60,60,60,86,86],"floor_reached":29,"playtime":1784,"items_purged":[],"score":265,"play_id":"f62d91a1-cd5b-4914-9cf7-dfad00e06cc5","local_time":"20180725222955","is_ascension_mode":false,"campfire_choices":[{"data":"Armaments","floor":6.0,"key":"SMITH"},{"data":"Inflame","floor":12.0,"key":"SMITH"},{"data":"Body Slam","floor":15.0,"key":"SMITH"},{"data":"Body Slam","floor":23.0,"key":"SMITH"},{"floor":25,"key":"REST"},{"data":"Armaments","floor":27,"key":"SMITH"}],"neow_cost":"","seed_source_timestamp":15262894608303,"circlet_count":0,"master_deck":["Strike_R","Strike_R","Strike_R","Strike_R","Strike_R","Defend_R","Defend_R","Defend_R","Defend_R","Bash","Iron Wave","Armaments+1","Evolve","Body Slam+1","Inflame+1","Shrug It Off","Ghostly Armor","Armaments+1","Body Slam+1","Inflame+1"],"special_seed":0,"relics":["Burning Blood","Omamori","Bottled Flame","Runic Pyramid","Matryoshka","Gremlin Horn","Centennial Puzzle","Bottled Lightning","Smiling Mask"],"potions_floor_usage":[24,28],"damage_taken":[{"damage":15.0,"enemies":"Cultist","floor":1.0,"turns":4.0},{"damage":0.0,"enemies":"2 Louse","floor":3.0,"turns":3.0},{"damage":2.0,"enemies":"Small Slimes","floor":5.0,"turns":4.0},{"damage":26.0,"enemies":"Gremlin Nob","floor":7.0,"turns":5.0},{"damage":12.0,"enemies":"Gremlin Gang","floor":8.0,"turns":5.0},{"damage":12.0,"enemies":"Exordium Wildlife","floor":10.0,"turns":6.0},{"damage":9.0,"enemies":"Blue Slaver","floor":11.0,"turns":4.0},{"damage":8.0,"enemies":"Gremlin Gang","floor":13.0,"turns":6.0},{"damage":11.0,"enemies":"Lots of Slimes","floor":14.0,"turns":5.0},{"damage":25.0,"enemies":"Hexaghost","floor":16.0,"turns":12.0},{"damage":5.0,"enemies":"Chosen","floor":18.0,"turns":5.0},{"damage":8.0,"enemies":"Spheric Guardian","floor":19.0,"turns":10.0},{"damage":53,"enemies":"Book of Stabbing","floor":24,"turns":7},{"damage":8,"enemies":"Gremlin Leader","floor":28,"turns":7},{"damage":0,"enemies":"Snecko","floor":29,"turns":5}],"seed_played":"4791350805948037323","potions_obtained":[{"floor":3.0,"key":"Strength Potion"},{"floor":13.0,"key":"SteroidPotion"},{"floor":14.0,"key":"EssenceOfSteel"},{"floor":16.0,"key":"Explosive Potion"},{"floor":19.0,"key":"FearPotion"},{"floor":28,"key":"SteroidPotion"}],"is_trial":false,"path_per_floor":["M","$","M","$","M","R","E","M","T","M","M","R","M","M","R","B",null,"M","M","$","?","$","R","E","R","T","R","E"],"character_chosen":"IRONCLAD","items_purchased":["Armaments","Evolve","Matryoshka"],"campfire_rested":1,"item_purchase_floors":[2,2,20],"current_hp_per_floor":[71,71,77,77,80,80,60,54,54,48,45,45,43,38,38,19,80,80,78,78,63,63,63,16,41,41,41,39,39],"gold":86,"neow_bonus":"","is_prod":false,"is_daily":false,"chose_seed":false,"campfire_upgraded":5,"win_rate":0,"timestamp":1532546995,"path_taken":["M","$","M","$","M","R","E","M","T","M","M","R","M","M","R","BOSS","M","M","$","?","$","R","E","R","T","R","E","M"],"build_version":"2018-07-19v2","purchased_purges":0,"victory":false,"max_hp_per_floor":[80,80,80,80,80,80,80,80,80,80,80,80,80,80,80,80,80,80,80,80,85,85,85,85,85,85,85,85,85],"card_choices":[{"not_picked":["Warcry","Sword Boomerang"],"picked":"Iron Wave","floor":1.0},{"not_picked":["Headbutt","Perfected Strike","Clothesline"],"picked":"SKIP","floor":3.0},{"not_picked":["Havoc","Dual Wield","Pommel Strike"],"picked":"SKIP","floor":5.0},{"not_picked":["Pummel","Thunderclap"],"picked":"Body Slam","floor":7.0},{"not_picked":["Evolve","Clothesline"],"picked":"Inflame","floor":8.0},{"not_picked":["Havoc","Feel No Pain"],"picked":"Shrug It Off","floor":10.0},{"not_picked":["Armaments","Headbutt"],"picked":"Ghostly Armor","floor":11.0},{"not_picked":["Heavy Blade","Havoc","Sever Soul"],"picked":"SKIP","floor":13.0},{"not_picked":["Wild Strike","Brutality"],"picked":"Armaments","floor":14.0},{"not_picked":["True Grit","Feel No Pain","Thunderclap"],"picked":"SKIP","floor":18.0},{"not_picked":["Shrug It Off","Cleave"],"picked":"Body Slam","floor":19.0},{"not_picked":["Cleave","Shrug It Off"],"picked":"Inflame+1","floor":24},{"not_picked":["Searing Blow","Power Through+1","Pommel Strike"],"picked":"SKIP","floor":28}],"player_experience":213701,"relics_obtained":[{"floor":7.0,"key":"Omamori"},{"floor":9.0,"key":"Bottled Flame"},{"floor":24,"key":"Gremlin Horn"},{"floor":26,"key":"Centennial Puzzle"},{"floor":26,"key":"Bottled Lightning"},{"floor":28,"key":"Smiling Mask"}],"event_choices":[{"event_name":"Forgotten Altar","player_choice":"Shed Blood","floor":21.0,"damage_taken":0.0}],"is_beta":false,"boss_relics":[{"not_picked":["Black Blood","White Beast Statue"],"picked":"Runic Pyramid"}],"items_purged_floors":[],"is_endless":false,"potions_floor_spawned":[3,13,14,16,19,28],"killed_by":"Snecko","ascension_level":0}