{"gold_per_floor":[365,440,453,453,380,395,241,241,268,285,59,72,84,59,59,159,159,178,188,188,200,200,200,53,66,66,66,84,95,95,112,112,208,258,274,274,29,29,45,45,58,78,78,78,78,89,108,123,123,123],"floor_reached":50,"playtime":1137,"items_purged":[],"score":465,"play_id":"fe7cd819-7170-4903-8e2d-898b50f02035","local_time":"20180815032259","is_ascension_mode":false,"campfire_choices":[{"floor":8.0,"key":"REST"},{"data":"Inflame","floor":15.0,"key":"SMITH"},{"data":"Sword Boomerang","floor":23.0,"key":"SMITH"},{"data":"Whirlwind","floor":30.0,"key":"SMITH"},{"data":"Ghostly Armor","floor":32.0,"key":"SMITH"},{"data":"Double Tap","floor":40.0,"key":"SMITH"},{"data":"Sword Boomerang","floor":49,"key":"SMITH"}],"neow_cost":"PERCENT_DAMAGE","seed_source_timestamp":37433777071502,"circlet_count":0,"master_deck":["Strike_R","Strike_R","Strike_R","Strike_R+1","Defend_R","Defend_R","Defend_R+1","Defend_R","Bash","Cleave","Whirlwind+1","Battle Trance","Inflame+1","Shrug It Off+1","Sword Boomerang+1","Fire Breathing+1","Ghostly Armor+1","Double Tap+1","Sword Boomerang","Inflame+1","Inflame","Sword Boomerang+1","Ghostly Armor+1","Sword Boomerang+1"],"special_seed":0,"relics":["Burning Blood","Anchor","Dream Catcher","Lantern","Coffee Dripper","Question Card","Bag of Marbles","Paper Frog","Tiny House","Bottled Tornado","Pen Nib","FaceOfCleric"],"potions_floor_usage":[47,47,50,50],"damage_taken":[{"damage":4.0,"enemies":"Small Slimes","floor":1.0,"turns":6.0},{"damage":6.0,"enemies":"Jaw Worm","floor":3.0,"turns":3.0},{"damage":7.0,"enemies":"2 Louse","floor":6.0,"turns":2.0},{"damage":0.0,"enemies":"Gremlin Gang","floor":10.0,"turns":2.0},{"damage":9.0,"enemies":"Exordium Thugs","floor":12.0,"turns":4.0},{"damage":0.0,"enemies":"3 Louse","floor":13.0,"turns":2.0},{"damage":42.0,"enemies":"The Guardian","floor":16.0,"turns":14.0},{"damage":10.0,"enemies":"Spheric Guardian","floor":18.0,"turns":3.0},{"damage":0.0,"enemies":"3 Byrds","floor":19.0,"turns":2.0},{"damage":11.0,"enemies":"Centurion and Healer","floor":21.0,"turns":4.0},{"damage":1.0,"enemies":"3 Cultists","floor":25.0,"turns":3.0},{"damage":11.0,"enemies":"Snake Plant","floor":28.0,"turns":2.0},{"damage":0.0,"enemies":"Cultist and Chosen","floor":29.0,"turns":2.0},{"damage":10.0,"enemies":"Centurion and Healer","floor":31.0,"turns":3.0},{"damage":59.0,"enemies":"Automaton","floor":33.0,"turns":10.0},{"damage":45.0,"enemies":"3 Darklings","floor":35.0,"turns":4.0},{"damage":0.0,"enemies":"Orb Walker","floor":39.0,"turns":2.0},{"damage":32.0,"enemies":"4 Shapes","floor":41.0,"turns":3.0},{"damage":0.0,"enemies":"3 Darklings","floor":42.0,"turns":1.0},{"damage":6.0,"enemies":"Spire Growth","floor":46.0,"turns":4.0},{"damage":20,"enemies":"Maw","floor":47,"turns":5},{"damage":0,"enemies":"Transient","floor":48,"turns":5},{"damage":58,"enemies":"Time Eater","floor":50,"turns":4}],"seed_played":"-7528132721468817877","potions_obtained":[{"floor":6.0,"key":"Swift Potion"},{"floor":10.0,"key":"Dexterity Potion"},{"floor":16.0,"key":"Strength Potion"},{"floor":21.0,"key":"BloodPotion"},{"floor":25.0,"key":"SteroidPotion"},{"floor":29.0,"key":"Block Potion"},{"floor":33.0,"key":"Poison Potion"},{"floor":35.0,"key":"SteroidPotion"},{"floor":47,"key":"PowerPotion"}],"is_trial":false,"path_per_floor":["M","?","M","?","$","M","$","R","T","M","$","M","M","$","R","B",null,"M","M","?","M","?","R","$","M","T","$","M","M","R","M","R","B",null,"M","?","$","?","M","R","M","M","T","$","?","M","M","M","R"],"character_chosen":"IRONCLAD","items_purchased":["Whirlwind","Anchor","Inflame","Lantern","Sword Boomerang","Bag of Marbles","Bottled Tornado"],"campfire_rested":1,"item_purchase_floors":[5,7,11,11,14,24,37],"current_hp_per_floor":[58,47,47,31,31,30,30,54,54,60,60,57,63,63,63,27,80,76,80,80,75,75,75,75,80,80,80,75,80,80,76,76,23,85,46,46,46,46,52,52,26,32,32,32,32,33,20,27,27,0],"gold":123,"neow_bonus":"TWO_FIFTY_GOLD","is_prod":false,"is_daily":false,"chose_seed":false,"campfire_upgraded":6,"win_rate":0,"timestamp":1534292579,"path_taken":["M","?","M","?","$","?","$","R","T","M","?","M","M","$","R","BOSS","M","M","?","M","?","R","$","M","T","$","M","?","R","M","R","BOSS","M","?","$","?","M","R","?","M","T","$","?","M","M","M","R","BOSS"],"build_version":"2018-08-09","purchased_purges":0,"victory":false,"max_hp_per_floor":[80,80,80,80,80,80,80,80,80,80,80,80,80,80,80,80,80,80,80,80,80,80,80,80,80,80,80,80,80,80,80,80,80,85,85,85,85,85,85,85,85,85,85,85,85,86,87,88,88,88],"card_choices":[{"not_picked":["Pommel Strike","Intimidate"],"picked":"Cleave","floor":1.0},{"not_picked":["Headbutt","Spot Weakness","Armaments"],"picked":"SKIP","floor":3.0},{"not_picked":["Sentinel","Shrug It Off","Metallicize"],"picked":"SKIP","floor":6.0},{"not_picked":["Flex","Warcry"],"picked":"Battle Trance","floor":10.0},{"not_picked":["Brutality","Power Through"],"picked":"Shrug It Off","floor":12.0},{"not_picked":["Clash","Intimidate","True Grit"],"picked":"SKIP","floor":13.0},{"not_picked":["Ghostly Armor+1","Power Through","Wild Strike+1"],"picked":"SKIP","floor":18.0},{"not_picked":["Burning Pact+1","Power Through+1"],"picked":"Fire Breathing+1","floor":19.0},{"not_picked":["Uppercut","Feel No Pain","Wild Strike+1"],"picked":"SKIP","floor":21.0},{"not_picked":["Twin Strike","Hemokinesis+1","Seeing Red","Flex"],"picked":"SKIP","floor":25.0},{"not_picked":["Anger","Shockwave","Sentinel","Clash"],"picked":"SKIP","floor":28.0},{"not_picked":["Heavy Blade","True Grit","Body Slam"],"picked":"Ghostly Armor","floor":29.0},{"not_picked":["Fiend Fire","Headbutt","Twin Strike+1","Clash"],"picked":"SKIP","floor":31.0},{"not_picked":["Juggernaut","Exhume","Brutality"],"picked":"Double Tap","floor":33.0},{"not_picked":["Body Slam","Pummel+1","Armaments"],"picked":"Sword Boomerang","floor":34.0},{"not_picked":["Flex","Sever Soul","Twin Strike+1","Burning Pact+1"],"picked":"SKIP","floor":35.0},{"not_picked":["Bloodletting","Iron Wave","Cleave"],"picked":"Inflame","floor":39.0},{"not_picked":["Iron Wave","Spot Weakness+1","Second Wind+1","Clothesline"],"picked":"SKIP","floor":41.0},{"not_picked":["Headbutt+1","Iron Wave","Carnage","Blood for Blood+1"],"picked":"SKIP","floor":42.0},{"not_picked":["Intimidate+1","Warcry","Anger+1"],"picked":"Sword Boomerang+1","floor":46.0},{"not_picked":["Body Slam+1","Double Tap","Warcry"],"picked":"Ghostly Armor+1","floor":47},{"not_picked":["Havoc+1","Battle Trance+1","Heavy Blade"],"picked":"Sword Boomerang","floor":48}],"player_experience":309201,"relics_obtained":[{"floor":9.0,"key":"Dream Catcher"},{"floor":26.0,"key":"Paper Frog"},{"floor":43.0,"key":"Pen Nib"}],"event_choices":[{"event_name":"World of Goop","player_choice":"Gather Gold","floor":2.0,"damage_taken":0.0},{"event_name":"Shining Light","player_choice":"Entered Light","floor":4.0,"damage_taken":0.0},{"event_name":"Bonfire Elementals","player_choice":"BASIC","floor":20.0,"damage_taken":0.0},{"event_name":"The Mausoleum","player_choice":"Yes","floor":22.0,"damage_taken":0.0},{"event_name":"Tomb of Lord Red Mask","player_choice":"Ignored","floor":36.0,"damage_taken":0.0},{"event_name":"Duplicator","player_choice":"One dupe","floor":38.0,"damage_taken":0.0},{"event_name":"FaceTrader","player_choice":"Trade","floor":45.0,"damage_taken":0.0}],"is_beta":false,"boss_relics":[{"not_picked":["Philosopher\u0027s Stone","Empty Cage"],"picked":"Coffee Dripper"},{"not_picked":["White Beast Statue","Snecko Eye"],"picked":"Tiny House"}],"items_purged_floors":[],"is_endless":false,"potions_floor_spawned":[6,10,16,21,25,29,33,35,42,47],"killed_by":"Time Eater","ascension_level":0}