{"gold_per_floor":[214,214,231,94,109,109,139,139,187,198,218,231,231,250,250,353,353,369,384,77,95,112,112,112,131,154,189,23,23,39,39,39,39],"floor_reached":33,"playtime":1177,"items_purged":["Pain"],"score":271,"play_id":"de6472a4-544f-4d73-ad03-92f23b730bdc","local_time":"20180731014834","is_ascension_mode":false,"campfire_choices":[{"data":"Zap","floor":6.0,"key":"SMITH"},{"data":"Storm","floor":8.0,"key":"SMITH"},{"data":"Loop","floor":15,"key":"SMITH"},{"data":"Capacitor","floor":23,"key":"SMITH"},{"floor":29,"key":"REST"},{"floor":32,"key":"REST"}],"neow_cost":"NONE","seed_source_timestamp":132141487663377,"circlet_count":0,"master_deck":["Strike_B","Strike_B","Strike_B","Strike_B","Defend_B","Defend_B","Defend_B","Defend_B","Zap+1","Dualcast","Steam","Storm+1","Auto Shields","Ball Lightning","Hologram","Leap","Leap","Loop+1","Buffer","Capacitor+1","Conserve Battery+1","Hologram+1","Skim+1","Loop+1","Loop","Leap+1"],"special_seed":0,"relics":["Cracked Core","Art of War","Anchor","Cursed Key","Toxic Egg 2","Orichalcum","Matryoshka"],"potions_floor_usage":[27,27,33],"damage_taken":[{"damage":1.0,"enemies":"Cultist","floor":1.0,"turns":4.0},{"damage":3.0,"enemies":"Jaw Worm","floor":3.0,"turns":4.0},{"damage":1.0,"enemies":"2 Louse","floor":5.0,"turns":4.0},{"damage":25.0,"enemies":"Lagavulin","floor":7.0,"turns":6.0},{"damage":4.0,"enemies":"Exordium Thugs","floor":10.0,"turns":5.0},{"damage":0.0,"enemies":"Looter","floor":11.0,"turns":3.0},{"damage":0.0,"enemies":"Exordium Wildlife","floor":12.0,"turns":3.0},{"damage":1,"enemies":"Large Slime","floor":14,"turns":6},{"damage":12,"enemies":"The Guardian","floor":16,"turns":12},{"damage":2,"enemies":"Shell Parasite","floor":18,"turns":6},{"damage":16,"enemies":"3 Byrds","floor":19,"turns":4},{"damage":2,"enemies":"Centurion and Healer","floor":21,"turns":8},{"damage":11,"enemies":"Snake Plant","floor":22,"turns":5},{"damage":3,"enemies":"Snecko","floor":25,"turns":6},{"damage":35,"enemies":"Slavers","floor":27,"turns":7},{"damage":0,"enemies":"Chosen and Byrds","floor":30,"turns":6},{"damage":77,"enemies":"Collector","floor":33,"turns":12}],"seed_played":"6564594345292342136","potions_obtained":[{"floor":1.0,"key":"Swift Potion"},{"floor":7.0,"key":"Fire Potion"},{"floor":16,"key":"Poison Potion"}],"is_trial":false,"path_per_floor":["M","$","M","$","M","R","E","R","T","M","M","M","?","M","R","B",null,"M","M","$","M","M","R","$","M","T","E","$","R","M","?","R"],"character_chosen":"DEFECT","items_purchased":["Storm","Auto Shields","Toxic Egg 2","Conserve Battery+1","Loop","Leap+1"],"campfire_rested":2,"item_purchase_floors":[4,4,20,20,28,28],"current_hp_per_floor":[74,74,71,71,70,70,45,45,45,41,41,41,41,40,40,28,75,73,57,57,55,44,44,44,41,41,6,6,28,28,28,50,0],"gold":39,"neow_bonus":"HUNDRED_GOLD","is_prod":false,"is_daily":false,"chose_seed":false,"campfire_upgraded":4,"win_rate":0,"timestamp":1532990914,"path_taken":["M","$","?","?","M","R","E","R","T","M","M","M","?","M","R","BOSS","M","M","$","M","M","R","$","M","T","E","$","R","M","?","R","BOSS"],"build_version":"2018-07-26","purchased_purges":1,"victory":false,"max_hp_per_floor":[75,75,75,75,75,75,75,75,75,75,75,75,75,75,75,75,75,75,75,75,75,75,75,75,75,75,75,75,75,75,75,75,75],"card_choices":[{"not_picked":["Fusion","Rebound","Redo"],"picked":"SKIP","floor":1.0},{"not_picked":["Coolheaded","Sweeping Beam"],"picked":"Steam","floor":3.0},{"not_picked":["Redo","Recycle"],"picked":"Ball Lightning","floor":5.0},{"not_picked":["Meteor Strike","Chaos","Turbo"],"picked":"SKIP","floor":7.0},{"not_picked":["Go for the Eyes","Beam Cell"],"picked":"Hologram","floor":10.0},{"not_picked":["Steam","Compile Driver"],"picked":"Leap","floor":11.0},{"not_picked":["Chill","Steam"],"picked":"Leap","floor":12.0},{"not_picked":["Hello World","Force Field"],"picked":"Loop","floor":14},{"not_picked":["Multi-Cast","Fission"],"picked":"Buffer","floor":16},{"not_picked":["Coolheaded","Melter","Sweeping Beam"],"picked":"SKIP","floor":18},{"not_picked":["Conserve Battery","Turbo"],"picked":"Capacitor","floor":19},{"not_picked":["BootSequence+1","Stack+1"],"picked":"Hologram+1","floor":21},{"not_picked":["Compile Driver","Reprogram+1","Rip and Tear+1"],"picked":"SKIP","floor":22},{"not_picked":["Reprogram+1","Heatsinks"],"picked":"Skim+1","floor":25},{"not_picked":["Gash+1","Chill+1"],"picked":"Loop+1","floor":27},{"not_picked":["Compile Driver","Streamline+1","Coolheaded+1"],"picked":"SKIP","floor":30}],"player_experience":280527,"relics_obtained":[{"floor":7.0,"key":"Art of War"},{"floor":9.0,"key":"Anchor"},{"floor":26,"key":"Orichalcum"},{"floor":27,"key":"Matryoshka"}],"event_choices":[{"event_name":"Golden Wing","player_choice":"Ignored","floor":13.0,"damage_taken":0.0},{"event_name":"Vampires","player_choice":"Ignored","floor":31,"damage_taken":0}],"is_beta":false,"boss_relics":[{"not_picked":["Astrolabe","Snecko Eye"],"picked":"Cursed Key"}],"items_purged_floors":[28],"is_endless":false,"potions_floor_spawned":[1,7,16,18,25],"killed_by":"Collector","ascension_level":0}