{"gold_per_floor":[12,12,12,28,28,89,107,157,157,207,250,270,93,106,106,106],"floor_reached":16,"playtime":334,"items_purged":["Strike_R"],"score":102,"play_id":"84b3193f-5524-4889-a317-4cfedda8370c","local_time":"20190729105410","is_ascension_mode":false,"campfire_choices":[{"data":"1","floor":15,"key":"LIFT"}],"neow_cost":"NO_GOLD","seed_source_timestamp":8611802249200,"circlet_count":0,"master_deck":["Strike_R","Strike_R","Strike_R","Strike_R","Defend_R","Defend_R","Defend_R","Defend_R","Bash","Limit Break+1","Twin Strike","Shrug It Off","Rage","Heavy Blade"],"special_seed":0,"relics":["Burning Blood","SsserpentHead","Paper Frog","Golden Idol","Girya"],"potions_floor_usage":[11,11],"damage_taken":[{"damage":11.0,"enemies":"2 Louse","floor":1.0,"turns":3.0},{"damage":15,"enemies":"Small Slimes","floor":4,"turns":4},{"damage":5,"enemies":"Cultist","floor":6,"turns":4},{"damage":10,"enemies":"2 Fungi Beasts","floor":7,"turns":4},{"damage":52,"enemies":"Lagavulin","floor":11,"turns":7},{"damage":3,"enemies":"3 Louse","floor":12,"turns":4},{"damage":5,"enemies":"Large Slime","floor":14,"turns":4},{"damage":18,"enemies":"Hexaghost","floor":16,"turns":9}],"seed_played":"3241943316960922169","potions_obtained":[{"floor":4,"key":"Poison Potion"},{"floor":6,"key":"Regen Potion"}],"is_trial":false,"path_per_floor":["M","?","?","M","$","M","M","?","T","?","E","M","$","M","R","B"],"character_chosen":"IRONCLAD","items_purchased":["Rage","Heavy Blade"],"campfire_rested":0,"item_purchase_floors":[13,13],"current_hp_per_floor":[75,75,75,66,66,67,63,63,63,43,12,15,15,16,16,0],"gold":106,"neow_bonus":"THREE_RARE_CARDS","is_prod":false,"is_daily":false,"chose_seed":false,"campfire_upgraded":0,"win_rate":0,"timestamp":1564386850,"path_taken":["M","?","?","M","$","?","M","?","T","?","E","M","$","M","R","BOSS"],"build_version":"2019-07-17","purchased_purges":1,"victory":false,"max_hp_per_floor":[80,80,80,80,80,80,80,80,80,80,80,80,80,80,80,80],"card_choices":[{"not_picked":["Feed","Barricade"],"picked":"Limit Break","floor":0.0},{"not_picked":["Iron Wave","Blood for Blood","Second Wind"],"picked":"SKIP","floor":1.0},{"not_picked":["Pommel Strike","Havoc","Thunderclap"],"picked":"SKIP","floor":4},{"not_picked":["Headbutt","Wild Strike"],"picked":"Twin Strike","floor":6},{"not_picked":["Rupture","True Grit"],"picked":"Shrug It Off","floor":7},{"not_picked":["Fire Breathing","Evolve","Twin Strike"],"picked":"SKIP","floor":11},{"not_picked":["Wild Strike","Blood for Blood","Reckless Charge"],"picked":"SKIP","floor":12},{"not_picked":["Hemokinesis","Fire Breathing","Combust"],"picked":"SKIP","floor":14}],"player_experience":794388,"relics_obtained":[{"floor":9,"key":"Paper Frog"},{"floor":11,"key":"Girya"}],"event_choices":[{"damage_healed":0.0,"max_hp_gain":0.0,"max_hp_loss":0.0,"gold_gain":0.0,"event_name":"Living Wall","player_choice":"Grow","floor":2.0,"gold_loss":0.0,"damage_taken":0.0,"cards_upgraded":["Limit Break"]},{"damage_healed":0.0,"max_hp_gain":0.0,"max_hp_loss":0.0,"gold_gain":0.0,"event_name":"FaceTrader","player_choice":"Trade","floor":3.0,"gold_loss":0.0,"damage_taken":0.0,"relics_obtained":["SsserpentHead"]},{"damage_healed":0,"gold_gain":0,"player_choice":"Leave","damage_taken":0,"max_hp_gain":0,"max_hp_loss":0,"event_name":"The Cleric","floor":8,"gold_loss":0},{"damage_healed":0,"gold_gain":0,"player_choice":"Take Damage","damage_taken":20,"relics_obtained":["Golden Idol"],"max_hp_gain":0,"max_hp_loss":0,"event_name":"Golden Idol","floor":10,"gold_loss":0}],"is_beta":false,"boss_relics":[],"items_purged_floors":[13],"is_endless":false,"potions_floor_spawned":[4,6],"killed_by":"Hexaghost","ascension_level":0}