{"gold_per_floor":[109,119,119,119,136,136,154,164,213,244,254,284,284,315,315,315],"floor_reached":16,"playtime":539,"items_purged":[],"score":122,"play_id":"59cf386a-fbe1-400f-9062-eb85074a1249","local_time":"20181021034943","is_ascension_mode":false,"campfire_choices":[{"data":"Body Slam","floor":6.0,"key":"SMITH"},{"data":"Body Slam","floor":13.0,"key":"SMITH"},{"data":"Ghostly Armor","floor":15.0,"key":"SMITH"}],"neow_cost":"NONE","seed_source_timestamp":1624642401686,"circlet_count":0,"master_deck":["Strike_R","Strike_R","Strike_R","Strike_R","Defend_R","Defend_R","Defend_R","Defend_R","Bash","Shrug It Off","Body Slam+1","Body Slam+1","Ghostly Armor+1"],"special_seed":0,"relics":["Burning Blood","Lantern","Frozen Egg 2","Omamori","Matryoshka"],"potions_floor_usage":[16,16,16],"damage_taken":[{"damage":8.0,"enemies":"2 Louse","floor":1.0,"turns":3.0},{"damage":3.0,"enemies":"Small Slimes","floor":2.0,"turns":3.0},{"damage":0.0,"enemies":"Jaw Worm","floor":5.0,"turns":4.0},{"damage":3.0,"enemies":"2 Fungi Beasts","floor":7.0,"turns":4.0},{"damage":10.0,"enemies":"Exordium Wildlife","floor":8.0,"turns":4.0},{"damage":14.0,"enemies":"3 Sentries","floor":10.0,"turns":12.0},{"damage":2.0,"enemies":"Blue Slaver","floor":11.0,"turns":3.0},{"damage":14.0,"enemies":"Gremlin Nob","floor":12.0,"turns":3.0},{"damage":26.0,"enemies":"3 Sentries","floor":14.0,"turns":11.0},{"damage":53,"enemies":"Slime Boss","floor":16,"turns":9}],"seed_played":"6174185423952520409","potions_obtained":[{"floor":2.0,"key":"BloodPotion"},{"floor":10.0,"key":"Block Potion"},{"floor":12.0,"key":"Energy Potion"},{"floor":14.0,"key":"EssenceOfSteel"}],"is_trial":false,"path_per_floor":["M","M","?","$","M","R","M","M","T","E","M","E","R","E","R"],"character_chosen":"IRONCLAD","items_purchased":[],"campfire_rested":0,"item_purchase_floors":[],"current_hp_per_floor":[78,80,73,73,79,79,80,76,76,68,72,64,64,44,44,0],"gold":315,"neow_bonus":"THREE_CARDS","is_prod":false,"is_daily":false,"chose_seed":false,"campfire_upgraded":3,"win_rate":0,"timestamp":1540082983,"path_taken":["M","M","?","$","M","R","M","M","T","E","M","E","R","E","R","BOSS"],"build_version":"2018-10-18","purchased_purges":0,"victory":false,"max_hp_per_floor":[80,80,80,80,80,80,80,80,80,80,80,80,80,80,80,80],"card_choices":[{"not_picked":["Cleave","Pommel Strike"],"picked":"Shrug It Off","floor":0.0},{"not_picked":["Clash","Twin Strike"],"picked":"Body Slam","floor":1.0},{"not_picked":["Pommel Strike","True Grit","Iron Wave"],"picked":"SKIP","floor":2.0},{"not_picked":["Sword Boomerang","Twin Strike","Dark Embrace"],"picked":"SKIP","floor":5.0},{"not_picked":["Second Wind","Dual Wield","Rampage"],"picked":"SKIP","floor":7.0},{"not_picked":["Cleave","Twin Strike","Rage"],"picked":"SKIP","floor":8.0},{"not_picked":["Searing Blow","Sword Boomerang","Shockwave"],"picked":"SKIP","floor":10.0},{"not_picked":["Twin Strike","Headbutt"],"picked":"Body Slam","floor":11.0},{"not_picked":["Iron Wave","Seeing Red","Body Slam"],"picked":"SKIP","floor":12.0},{"not_picked":["Body Slam","Twin Strike"],"picked":"Ghostly Armor","floor":14.0}],"player_experience":411727,"relics_obtained":[{"floor":9.0,"key":"Lantern"},{"floor":10.0,"key":"Frozen Egg 2"},{"floor":12.0,"key":"Omamori"},{"floor":14.0,"key":"Matryoshka"}],"event_choices":[{"cards_removed":["Strike_R"],"damage_healed":0.0,"max_hp_gain":0.0,"max_hp_loss":0.0,"gold_gain":0.0,"event_name":"Golden Wing","player_choice":"Card Removal","floor":3.0,"gold_loss":0.0,"damage_taken":7.0}],"is_beta":false,"boss_relics":[],"items_purged_floors":[],"is_endless":false,"potions_floor_spawned":[2,10,12,14],"killed_by":"Slime Boss","ascension_level":0}