{"gold_per_floor":[114,36,36,54,54,54,82,82,156,156,186,186,60,72,72,175,175,188,208,10,20,20,20,31,31,100,111,111,124,134,54,54,54],"floor_reached":33,"playtime":723,"items_purged":["Strike_R","Writhe"],"score":280,"play_id":"902b2244-4e1d-47aa-87ce-a17931918be7","local_time":"20190713225856","is_ascension_mode":false,"campfire_choices":[{"data":"Spot Weakness","floor":6.0,"key":"SMITH"},{"data":"Defend_R","floor":8.0,"key":"SMITH"},{"data":"Defend_R","floor":10.0,"key":"SMITH"},{"data":"Defend_R","floor":12.0,"key":"SMITH"},{"data":"Defend_R","floor":15.0,"key":"SMITH"},{"data":"Blind","floor":23,"key":"SMITH"},{"data":"Sword Boomerang","floor":25,"key":"SMITH"},{"data":"Bash","floor":32,"key":"SMITH"}],"neow_cost":"NONE","seed_source_timestamp":255580776881300,"circlet_count":0,"master_deck":["Strike_R","Strike_R","Strike_R","Strike_R","Defend_R+1","Defend_R+1","Defend_R+1","Defend_R+1","Bash+1","Spot Weakness+1","Headbutt","Inflame","Evolve","Sword Boomerang+1","Offering","Armaments+1","Blind+1","Necronomicurse"],"special_seed":0,"relics":["Burning Blood","NeowsBlessing","Pear","Mercury Hourglass","The Courier","Lizard Tail","Orichalcum","Necronomicon","Ornamental Fan","Ancient Tea Set"],"potions_floor_usage":[19,27,33],"damage_taken":[{"damage":0.0,"enemies":"Jaw Worm","floor":1.0,"turns":1.0},{"damage":0.0,"enemies":"Cultist","floor":4.0,"turns":1.0},{"damage":0.0,"enemies":"Lagavulin","floor":7.0,"turns":1.0},{"damage":28.0,"enemies":"Gremlin Nob","floor":11.0,"turns":4.0},{"damage":0.0,"enemies":"2 Louse","floor":14.0,"turns":2.0},{"damage":52.0,"enemies":"Hexaghost","floor":16.0,"turns":9.0},{"damage":22.0,"enemies":"Spheric Guardian","floor":18.0,"turns":5.0},{"damage":21,"enemies":"2 Thieves","floor":19,"turns":3},{"damage":30,"enemies":"Centurion and Healer","floor":21,"turns":7},{"damage":12,"enemies":"Shelled Parasite and Fungi","floor":24,"turns":5},{"damage":21,"enemies":"Snake Plant","floor":27,"turns":4},{"damage":29,"enemies":"3 Cultists","floor":29,"turns":6},{"damage":18,"enemies":"Centurion and Healer","floor":30,"turns":6},{"damage":47,"enemies":"Collector","floor":33,"turns":3}],"seed_played":"-4487369606649559235","potions_obtained":[{"floor":1.0,"key":"Dexterity Potion"},{"floor":7.0,"key":"Dexterity Potion"},{"floor":16.0,"key":"SkillPotion"},{"floor":21,"key":"BloodPotion"},{"floor":29,"key":"PowerPotion"}],"is_trial":false,"path_per_floor":["M","$","?","M","$","R","E","R","T","R","E","R","$","M","R","B",null,"M","M","$","M","?","R","M","R","T","M","?","M","M","$","R","B"],"character_chosen":"IRONCLAD","items_purchased":["Spot Weakness","Evolve","Sword Boomerang","Blind","Orichalcum"],"campfire_rested":0,"item_purchase_floors":[2,13,13,20,20],"current_hp_per_floor":[80,80,80,80,80,80,90,90,90,90,68,68,68,74,74,28,90,74,59,59,35,19,19,13,13,13,20,20,50,38,38,38,0],"gold":54,"neow_bonus":"THREE_ENEMY_KILL","is_prod":false,"is_daily":false,"chose_seed":false,"campfire_upgraded":8,"win_rate":0,"timestamp":1563047936,"path_taken":["M","$","?","M","$","R","E","R","T","R","E","R","?","M","R","BOSS","M","M","$","M","?","R","M","R","T","M","?","M","M","$","R","BOSS"],"build_version":"2019-07-05","purchased_purges":2,"victory":false,"max_hp_per_floor":[80,80,80,80,80,80,90,90,90,90,90,90,90,90,90,90,90,90,90,90,90,90,90,90,90,90,90,90,90,90,90,90,90],"card_choices":[{"not_picked":["Reckless Charge","Clash","Pommel Strike"],"picked":"SKIP","floor":1.0},{"not_picked":["Clash","Pommel Strike","Wild Strike"],"picked":"SKIP","floor":4.0},{"not_picked":["Entrench","Pommel Strike"],"picked":"Headbutt","floor":7.0},{"not_picked":["Combust","Seeing Red"],"picked":"Inflame","floor":11.0},{"not_picked":["Pommel Strike","Fire Breathing","Inflame"],"picked":"SKIP","floor":14.0},{"not_picked":["Juggernaut","Bludgeon"],"picked":"Offering","floor":16.0},{"not_picked":["Searing Blow+1","Inflame","Clothesline"],"picked":"SKIP","floor":18.0},{"not_picked":["Shrug It Off","Clash"],"picked":"Armaments+1","floor":19},{"not_picked":["Pommel Strike","Combust","Perfected Strike"],"picked":"SKIP","floor":21},{"not_picked":["Warcry","Carnage","Iron Wave+1"],"picked":"SKIP","floor":24},{"not_picked":["Body Slam","Armaments","True Grit+1"],"picked":"SKIP","floor":27},{"not_picked":["Body Slam+1","Reckless Charge+1","Perfected Strike"],"picked":"SKIP","floor":29},{"not_picked":["Hemokinesis+1","Metallicize+1","Offering"],"picked":"SKIP","floor":30}],"player_experience":704705,"relics_obtained":[{"floor":7.0,"key":"Pear"},{"floor":9.0,"key":"Mercury Hourglass"},{"floor":11.0,"key":"The Courier"},{"floor":22,"key":"Necronomicon"},{"floor":26,"key":"Ornamental Fan"}],"event_choices":[{"damage_healed":0.0,"max_hp_gain":0.0,"max_hp_loss":0.0,"gold_gain":0.0,"event_name":"NoteForYourself","player_choice":"Ignored","floor":3.0,"gold_loss":0.0,"damage_taken":0.0},{"damage_healed":0,"gold_gain":0,"player_choice":"Obtained Book","damage_taken":16,"max_hp_gain":0,"max_hp_loss":0,"event_name":"Cursed Tome","floor":22,"gold_loss":0},{"damage_healed":0,"gold_gain":0,"player_choice":"Opened","damage_taken":0,"relics_obtained":["Ancient Tea Set"],"max_hp_gain":0,"max_hp_loss":0,"event_name":"The Mausoleum","floor":28,"gold_loss":0,"cards_obtained":["Writhe"]}],"is_beta":false,"boss_relics":[{"not_picked":["Astrolabe","Snecko Eye"],"picked":"Lizard Tail"}],"items_purged_floors":[13,31],"is_endless":false,"potions_floor_spawned":[1,7,16,21,24,29],"killed_by":"Collector","ascension_level":0}