{"path_per_floor":["M","M","$","?","?","M","?","M","T","?","M","R","M","M","R","B",null,"M","?","M","M","?","R","$","R","T","R","?","M","?","M","R","B",null,"M","M","$","?","?","R","?","M","T","M","M","R","E","M","R","B"],"character_chosen":"IRONCLAD","items_purchased":["Battle Trance","Cleave","Armaments","Whetstone"],"gold_per_floor":[211,231,29,29,29,39,114,131,131,131,145,145,157,167,167,268,268,285,285,305,324,324,324,57,57,81,81,81,93,93,108,108,207,207,225,240,115,115,0,0,353,369,369,380,399,399,426,441,441,441],"floor_reached":51,"campfire_rested":1,"playtime":5633,"current_hp_per_floor":[80,80,80,80,64,67,56,51,51,26,32,32,38,37,37,9,80,74,59,38,52,52,52,52,52,52,52,52,57,41,51,51,19,59,53,59,59,59,59,59,59,59,59,59,59,59,54,48,59,59],"items_purged":["Strike_R","Normality","Normality"],"gold":441,"score":547,"play_id":"145e64a6-61ea-404f-852a-76655485abc6","is_prod":false,"is_daily":false,"is_ascension_mode":false,"campfire_upgraded":8,"path_taken":["M","M","$","?","?","M","?","M","T","?","M","R","?","M","R","BOSS","M","?","M","M","?","R","$","R","T","R","?","M","?","?","R","BOSS","M","?","$","?","?","R","?","M","T","M","?","R","E","?","R","BOSS"],"build_version":"2018-02-05-BETA1","purchased_purges":3,"victory":true,"master_deck":["Defend_R","Defend_R","Defend_R","Defend_R","Bash","Metallicize+1","Shockwave+1","Battle Trance+1","Cleave+1","Clash+1","Headbutt","Disarm+1","Shrug It Off+1","Brutality+1","Blood for Blood","Bite","Bite+1","Bite","Bite","Bite","Armaments+1","Reaper","Flame Barrier+1","Writhe","Thunderclap+1","Inflame","Disarm+1"],"max_hp_per_floor":[80,80,80,80,80,80,80,80,80,80,80,80,80,80,80,80,80,80,85,85,85,59,59,59,59,59,59,59,59,59,59,59,59,59,59,59,59,59,59,59,59,59,59,59,59,59,59,59,59,59],"relics":["Burning Blood","Ice Cream","Blue Candle","Calling Bell","Gremlin Horn","Shuriken","Self Forming Clay","Whetstone","Bag of Marbles","Enchiridion","Cursed Key","Red Mask","Old Coin","Thread and Needle","Bag of Preparation"],"card_choices":[{"not_picked":["Havoc","Pummel"],"picked":"Metallicize"},{"not_picked":["Spot Weakness","Fire Breathing"],"picked":"Shockwave"},{"not_picked":["Hemokinesis","Sword Boomerang"],"picked":"Clash"},{"not_picked":["Double Tap","Rupture"],"picked":"Headbutt"},{"not_picked":["Clash","Flex"],"picked":"Disarm"},{"not_picked":["Metallicize","Wild Strike"],"picked":"Shrug It Off"},{"not_picked":["Berserk","Immolate"],"picked":"Brutality"},{"not_picked":["Wild Strike","Entrench"],"picked":"Blood for Blood"},{"not_picked":["Demon Form","Impervious"],"picked":"Reaper"},{"not_picked":["Pommel Strike","Flex"],"picked":"Flame Barrier"},{"not_picked":["Sever Soul","Headbutt"],"picked":"Thunderclap"},{"not_picked":["Anger","Corruption"],"picked":"Inflame"},{"not_picked":["Clothesline","Clash"],"picked":"Disarm"}],"player_experience":265567,"potions_floor_usage":[11,16,16,20,21,21,29,33,33,41,47,50,50],"damage_taken":[{"damage":6,"enemies":"Cultist","floor":1,"turns":3},{"damage":5,"enemies":"Small Slimes","floor":2,"turns":4},{"damage":3,"enemies":"2 Louse","floor":6,"turns":3},{"damage":11,"enemies":"Large Slime","floor":8,"turns":7},{"damage":0,"enemies":"2 Fungi Beasts","floor":11,"turns":2},{"damage":0,"enemies":"3 Louse","floor":13,"turns":2},{"damage":7,"enemies":"Exordium Thugs","floor":14,"turns":2},{"damage":34,"enemies":"Hexaghost","floor":16,"turns":12},{"damage":12,"enemies":"3 Byrds","floor":18,"turns":7},{"damage":27,"enemies":"Chosen","floor":20,"turns":7},{"damage":7,"enemies":"Snake Plant","floor":21,"turns":6},{"damage":15,"enemies":"Centurion and Healer","floor":29,"turns":4},{"damage":6,"enemies":"Snecko","floor":31,"turns":5},{"damage":89,"enemies":"Automaton","floor":33,"turns":14},{"damage":17,"enemies":"Orb Walker","floor":35,"turns":2},{"damage":6,"enemies":"3 Darklings","floor":36,"turns":4},{"damage":33,"enemies":"Mysterious Sphere","floor":41,"turns":8},{"damage":16,"enemies":"Spire Growth","floor":42,"turns":6},{"damage":8,"enemies":"4 Shapes","floor":44,"turns":4},{"damage":7,"enemies":"3 Darklings","floor":45,"turns":4},{"damage":29,"enemies":"Giant Head","floor":47,"turns":9},{"damage":23,"enemies":"Sphere and 2 Shapes","floor":48,"turns":4},{"damage":13,"enemies":"Time Eater","floor":50,"turns":13}],"event_choices":[{"event_name":"Living Wall","player_choice":"Grow","floor":4,"damage_taken":0},{"event_name":"Shining Light","player_choice":"Entered Light","floor":5,"damage_taken":0},{"event_name":"World of Goop","player_choice":"Gather Gold","floor":7,"damage_taken":0},{"event_name":"Scrap Ooze","player_choice":"success","floor":10,"damage_taken":25},{"event_name":"Forgotten Altar","player_choice":"Shed Blood","floor":19,"damage_taken":0},{"event_name":"Vampires","player_choice":"Became a vampire","floor":22,"damage_taken":0},{"event_name":"The Lab","player_choice":"Got Potions","floor":28,"damage_taken":0},{"event_name":"Cursed Tome","player_choice":"Obtained Book","floor":30,"damage_taken":0},{"event_name":"Fountain of Cleansing","player_choice":"Removed Curse","floor":38,"damage_taken":0},{"event_name":"Tomb of Lord Red Mask","player_choice":"Paid","floor":39,"damage_taken":0},{"event_name":"Mysterious Sphere","player_choice":"Fight","floor":41,"damage_taken":0}],"boss_relics":[{"not_picked":["Question Card","Pandora\u0027s Box"],"picked":"Calling Bell"},{"not_picked":["Velvet Choker","Black Blood"],"picked":"Cursed Key"}],"potions_floor_spawned":[8,13,14,16,18,20,33,41,42,47,48],"seed_played":"-2267889809769739508","ascension_level":0,"is_trial":false}