{"gold_per_floor":[116,126,137,87,42,42,59,90,159,159,159,185,205,205,205,310,310,328,342,357,57,75,75,94,94,119,119,133,133,148,5,5,100,100,118,144,144,157,168,168,185,202,202,202,202,202,202],"floor_reached":47,"playtime":1412,"items_purged":[],"score":464,"play_id":"c162b9d4-fdc6-4e6a-aac0-5e4e0323b94f","local_time":"20190126162211","is_ascension_mode":false,"campfire_choices":[{"data":"Armaments","floor":6,"key":"SMITH"},{"data":"Demon Form","floor":10,"key":"SMITH"},{"floor":15,"key":"REST"},{"data":"Sword Boomerang","floor":27,"key":"SMITH"},{"data":"Feed","floor":29,"key":"SMITH"},{"floor":32,"key":"REST"},{"data":"Reaper","floor":40,"key":"SMITH"},{"data":"Battle Trance","floor":44,"key":"SMITH"}],"neow_cost":"TEN_PERCENT_HP_LOSS","seed_source_timestamp":585583859966862,"circlet_count":0,"master_deck":["Strike_R","Strike_R","Strike_R","Strike_R","Defend_R","Defend_R","Defend_R","Defend_R","Bash","Feed+1","Sword Boomerang+1","Battle Trance+1","Armaments+1","Whirlwind","Demon Form+1","Double Tap+1","Shrug It Off","Reaper+1","Shrug It Off"],"relics":["Black Blood","Calipers","Darkstone Periapt","PreservedInsect","Sozu","Magic Flower","Boot","Pen Nib","Smiling Mask","Oddly Smooth Stone","Letter Opener"],"potions_floor_usage":[8,8,8,22],"damage_taken":[{"damage":3,"enemies":"Small Slimes","floor":1,"turns":3},{"damage":0,"enemies":"2 Louse","floor":2,"turns":3},{"damage":6,"enemies":"Cultist","floor":3,"turns":3},{"damage":3,"enemies":"Exordium Wildlife","floor":7,"turns":4},{"damage":19,"enemies":"Lagavulin","floor":8,"turns":5},{"damage":41,"enemies":"3 Sentries","floor":12,"turns":6},{"damage":7,"enemies":"Blue Slaver","floor":13,"turns":3},{"damage":22,"enemies":"Slime Boss","floor":16,"turns":6},{"damage":30,"enemies":"Spheric Guardian","floor":18,"turns":6},{"damage":30,"enemies":"2 Thieves","floor":19,"turns":4},{"damage":8,"enemies":"Centurion and Healer","floor":20,"turns":4},{"damage":25,"enemies":"Snake Plant","floor":22,"turns":3},{"damage":17,"enemies":"Cultist and Chosen","floor":24,"turns":6},{"damage":13,"enemies":"Centurion and Healer","floor":28,"turns":6},{"damage":25,"enemies":"Sentry and Sphere","floor":30,"turns":4},{"damage":39,"enemies":"Champ","floor":33,"turns":8},{"damage":22,"enemies":"3 Shapes","floor":35,"turns":9},{"damage":39,"enemies":"3 Darklings","floor":38,"turns":4},{"damage":50,"enemies":"Transient","floor":39,"turns":5},{"damage":41,"enemies":"Maw","floor":41,"turns":9},{"damage":51,"enemies":"Spire Growth","floor":42,"turns":6},{"damage":21,"enemies":"Writhing Mass","floor":47,"turns":2}],"seed_played":"-780964954132111504","potions_obtained":[{"floor":2,"key":"EntropicBrew"},{"floor":7,"key":"Block Potion"},{"floor":13,"key":"LiquidBronze"}],"is_trial":false,"path_per_floor":["M","M","M","?","$","R","M","E","T","R","$","E","M","?","R","B",null,"M","M","M","$","M","?","M","?","T","R","M","R","M","$","R","B",null,"M","T","$","M","M","R","M","M","T","R","T","?","M"],"character_chosen":"IRONCLAD","items_purchased":["Armaments","Magic Flower","Pen Nib"],"campfire_rested":2,"item_purchase_floors":[5,21,31],"current_hp_per_floor":[72,75,75,75,75,75,78,68,68,68,68,33,36,36,61,45,85,64,40,41,41,25,55,47,47,47,47,43,43,27,27,54,24,91,95,95,95,95,76,76,77,47,47,47,47,90,69],"gold":202,"neow_bonus":"THREE_RARE_CARDS","is_prod":false,"is_daily":false,"chose_seed":false,"campfire_upgraded":6,"win_rate":0,"timestamp":1548512531,"path_taken":["M","M","M","?","$","R","M","E","T","R","$","E","M","?","R","BOSS","M","M","?","$","M","?","M","?","T","R","M","R","?","$","R","BOSS","M","?","$","M","?","R","M","M","T","R","?","?","M"],"build_version":"2019-01-23","purchased_purges":0,"victory":false,"max_hp_per_floor":[72,75,75,75,75,75,78,81,81,81,81,81,85,85,85,85,85,88,88,91,91,91,91,91,91,91,91,91,91,91,91,91,91,91,95,95,95,95,95,95,99,103,103,103,103,90,90],"card_choices":[{"not_picked":["Bludgeon","Fiend Fire"],"picked":"Feed","floor":0},{"not_picked":["Havoc","Pommel Strike"],"picked":"Sword Boomerang","floor":1},{"not_picked":["Fire Breathing","Clothesline"],"picked":"Battle Trance","floor":2},{"not_picked":["Bloodletting","Iron Wave","Hemokinesis"],"picked":"SKIP","floor":3},{"not_picked":["Sword Boomerang","Iron Wave"],"picked":"Whirlwind","floor":7},{"not_picked":["Thunderclap","Clash"],"picked":"Demon Form","floor":8},{"not_picked":["Inflame","Disarm","Iron Wave"],"picked":"SKIP","floor":12},{"not_picked":["Wild Strike","Uppercut","Clothesline"],"picked":"SKIP","floor":13},{"not_picked":["Juggernaut","Brutality"],"picked":"Double Tap","floor":16},{"not_picked":["Heavy Blade+1","Anger","Clash+1"],"picked":"SKIP","floor":18},{"not_picked":["Perfected Strike","Carnage","Cleave+1"],"picked":"SKIP","floor":19},{"not_picked":["Havoc+1","Dropkick","Evolve+1"],"picked":"SKIP","floor":20},{"not_picked":["Hemokinesis+1","Clash+1","Body Slam"],"picked":"SKIP","floor":22},{"not_picked":["Wild Strike","Iron Wave"],"picked":"Shrug It Off","floor":24},{"not_picked":["Uppercut+1","Cleave","Warcry"],"picked":"SKIP","floor":28},{"not_picked":["Clothesline","Flex","Perfected Strike"],"picked":"SKIP","floor":30},{"not_picked":["Barricade","Impervious"],"picked":"Reaper","floor":33},{"not_picked":["Disarm+1","Perfected Strike+1","Havoc+1"],"picked":"SKIP","floor":35},{"not_picked":["Uppercut","Feel No Pain+1"],"picked":"Shrug It Off","floor":38},{"not_picked":["Power Through","Intimidate","Body Slam+1"],"picked":"SKIP","floor":39},{"not_picked":["Cleave+1","Clothesline+1","Dual Wield"],"picked":"SKIP","floor":41},{"not_picked":["Perfected Strike","Clothesline","Anger"],"picked":"SKIP","floor":42}],"player_experience":575425,"relics_obtained":[{"floor":8,"key":"Calipers"},{"floor":9,"key":"Darkstone Periapt"},{"floor":12,"key":"PreservedInsect"},{"floor":26,"key":"Boot"},{"floor":36,"key":"Smiling Mask"},{"floor":43,"key":"Oddly Smooth Stone"},{"floor":45,"key":"Letter Opener"}],"event_choices":[{"cards_removed":["Strike_R"],"damage_healed":0,"gold_gain":0,"player_choice":"Card Removal","damage_taken":0,"max_hp_gain":0,"max_hp_loss":0,"event_name":"The Cleric","floor":4,"gold_loss":50},{"damage_healed":0,"gold_gain":0,"player_choice":"Leave","damage_taken":0,"max_hp_gain":0,"max_hp_loss":0,"event_name":"FaceTrader","floor":14,"gold_loss":0},{"damage_healed":30,"gold_gain":0,"player_choice":"Heal","damage_taken":0,"max_hp_gain":0,"max_hp_loss":0,"event_name":"The Library","floor":23,"gold_loss":0},{"damage_healed":0,"gold_gain":0,"player_choice":"Forge","damage_taken":0,"max_hp_gain":0,"max_hp_loss":0,"event_name":"Accursed Blacksmith","floor":25,"gold_loss":0,"cards_upgraded":["Double Tap"]},{"damage_healed":90,"gold_gain":0,"player_choice":"Heal","damage_taken":0,"max_hp_gain":0,"max_hp_loss":13,"event_name":"The Moai Head","floor":46,"gold_loss":0}],"is_beta":false,"boss_relics":[{"not_picked":["Eternal Feather","Astrolabe"],"picked":"Sozu"},{"not_picked":["Runic Cube","Snecko Eye"],"picked":"Black Blood"}],"items_purged_floors":[],"is_endless":false,"potions_floor_spawned":[2,7,13,18,22,30,35,38],"killed_by":"Writhing Mass","ascension_level":0}