{"gold_per_floor":[215,215,234,409,103,116,116,39,63,74,74,109,128,128,128,223,223,239,274,274,70,29,29,55,55,55,81,92,17,31,45,45,142,142,159,171,182,22,34,51,68,85,108,127,127,127,127,141,141,141,141,141,17,46,46],"floor_reached":55,"playtime":1890,"items_purged":["Doubt","Strike_B","Strike_B+1","Strike_B+1","Parasite"],"score":686,"play_id":"31cd7268-7963-44ef-9ed8-4990d171a46e","local_time":"20190724191740","is_ascension_mode":false,"campfire_choices":[{"data":"Zap","floor":7.0,"key":"SMITH"},{"data":"Storm","floor":11.0,"key":"SMITH"},{"data":"Capacitor","floor":15.0,"key":"SMITH"},{"data":"Defragment","floor":23.0,"key":"SMITH"},{"data":"Storm","floor":25.0,"key":"SMITH"},{"floor":32.0,"key":"DIG"},{"floor":46.0,"key":"DIG"},{"floor":49.0,"key":"RECALL"},{"floor":52.0,"key":"DIG"}],"neow_cost":"NONE","seed_source_timestamp":0,"circlet_count":0,"master_deck":["Defend_B+1","Defend_B+1","Defend_B+1","Defend_B+1","Zap+1","Dualcast","Hologram","Conserve Battery","Capacitor+1","Storm+1","Steam","Storm+1","Defragment+1","Finesse","Echo Form+1","Consume+1","Force Field","Steam","Self Repair+1","Static Discharge+1","Static Discharge+1","Force Field","Storm+1"],"special_seed":0,"relics":["Cracked Core","Membership Card","Bag of Preparation","Bronze Scales","Pear","Runic Pyramid","Red Mask","Runic Capacitor","DataDisk","Frozen Egg 2","Shovel","Peace Pipe","Velvet Choker","Art of War","Oddly Smooth Stone","Bottled Lightning","Gremlin Horn"],"potions_floor_usage":[55,55,55],"damage_taken":[{"damage":1.0,"enemies":"Jaw Worm","floor":1.0,"turns":4.0},{"damage":0.0,"enemies":"Small Slimes","floor":3.0,"turns":3.0},{"damage":0.0,"enemies":"2 Louse","floor":6.0,"turns":3.0},{"damage":1.0,"enemies":"Exordium Wildlife","floor":10.0,"turns":4.0},{"damage":20.0,"enemies":"Gremlin Nob","floor":12.0,"turns":4.0},{"damage":3.0,"enemies":"Red Slaver","floor":13.0,"turns":3.0},{"damage":19.0,"enemies":"Hexaghost","floor":16.0,"turns":8.0},{"damage":5.0,"enemies":"3 Byrds","floor":18.0,"turns":3.0},{"damage":22.0,"enemies":"Masked Bandits","floor":19.0,"turns":5.0},{"damage":0.0,"enemies":"Book of Stabbing","floor":24.0,"turns":5.0},{"damage":9.0,"enemies":"Gremlin Leader","floor":27.0,"turns":4.0},{"damage":0.0,"enemies":"Chosen","floor":28.0,"turns":3.0},{"damage":7.0,"enemies":"Snake Plant","floor":30.0,"turns":3.0},{"damage":8.0,"enemies":"Shelled Parasite and Fungi","floor":31.0,"turns":4.0},{"damage":12.0,"enemies":"Champ","floor":33.0,"turns":7.0},{"damage":6.0,"enemies":"3 Shapes","floor":35.0,"turns":3.0},{"damage":12.0,"enemies":"Orb Walker","floor":36.0,"turns":3.0},{"damage":0.0,"enemies":"Transient","floor":37.0,"turns":5.0},{"damage":5.0,"enemies":"4 Shapes","floor":39.0,"turns":4.0},{"damage":10.0,"enemies":"3 Darklings","floor":40.0,"turns":4.0},{"damage":15.0,"enemies":"Sphere and 2 Shapes","floor":41.0,"turns":4.0},{"damage":0.0,"enemies":"Transient","floor":42.0,"turns":5.0},{"damage":0.0,"enemies":"4 Shapes","floor":44.0,"turns":3.0},{"damage":0.0,"enemies":"Writhing Mass","floor":48.0,"turns":4.0},{"damage":30.0,"enemies":"Donu and Deca","floor":50.0,"turns":6.0},{"damage":49.0,"enemies":"Shield and Spear","floor":54.0,"turns":6.0},{"damage":66,"enemies":"The Heart","floor":55,"turns":5}],"seed_played":"8816831049721207823","potions_obtained":[{"floor":1.0,"key":"EssenceOfSteel"},{"floor":3.0,"key":"Fire Potion"},{"floor":16.0,"key":"EssenceOfSteel"},{"floor":27.0,"key":"EssenceOfSteel"},{"floor":28.0,"key":"AttackPotion"},{"floor":31.0,"key":"Explosive Potion"},{"floor":33.0,"key":"Regen Potion"},{"floor":39.0,"key":"Energy Potion"},{"floor":54.0,"key":"Dexterity Potion"}],"is_trial":false,"path_per_floor":["M","?","M","?","$","M","R","$","T","M","R","E","M","?","R","B",null,"M","?","?","$","$","R","E","R","T","E","M","$","M","M","R","B",null,"M","M","M","$","M","M","M","M","T","M","?","R","$","M","R","B",null,"R","$","E","B"],"character_chosen":"DEFECT","items_purchased":["Membership Card","Bag of Preparation","Ball Lightning","Defragment","Runic Capacitor","Finesse","Force Field","Art of War","Steam","Self Repair+1","Force Field"],"campfire_rested":0,"item_purchase_floors":[5,5,8,21,21,22,38,38,38,38,53],"current_hp_per_floor":[74,59,59,59,59,59,59,59,59,58,58,48,45,38,38,19,85,80,58,58,58,58,58,58,58,58,49,49,49,42,34,34,22,85,79,67,67,67,72,82,67,85,85,85,85,85,85,85,85,65,85,85,82,58,0],"gold":46,"neow_bonus":"HUNDRED_GOLD","is_prod":false,"is_daily":false,"chose_seed":false,"campfire_upgraded":5,"win_rate":0,"timestamp":1563985060,"path_taken":["M","?","M","?","$","M","R","$","T","M","R","E","M","?","R","BOSS","M","?","?","?","$","R","E","R","T","E","M","$","?","M","R","BOSS","M","M","M","$","M","M","?","M","T","M","?","R","$","?","R","BOSS","R","$","E","BOSS"],"build_version":"2019-07-17","purchased_purges":5,"victory":false,"max_hp_per_floor":[75,75,75,75,75,75,75,75,75,75,75,85,85,85,85,85,85,85,85,85,85,85,85,85,85,85,85,85,85,85,85,85,85,85,85,85,85,85,85,85,85,85,85,85,85,85,85,85,85,85,85,85,82,82,82],"card_choices":[{"not_picked":["Darkness","Rebound"],"picked":"Hologram","floor":1.0},{"not_picked":["White Noise","Hologram"],"picked":"Conserve Battery","floor":3.0},{"not_picked":["Leap","Rebound"],"picked":"Capacitor","floor":6.0},{"not_picked":["BootSequence","Rebound"],"picked":"Storm","floor":10.0},{"not_picked":["Fusion","Steam Power","Streamline"],"picked":"SKIP","floor":12.0},{"not_picked":["Rebound","Rip and Tear","Blizzard"],"picked":"SKIP","floor":13.0},{"not_picked":["Conserve Battery+1","Glacier"],"picked":"Steam","floor":18.0},{"not_picked":["Ball Lightning","Barrage+1"],"picked":"Storm","floor":19.0},{"not_picked":["Lockon","Darkness","Thunder Strike"],"picked":"SKIP","floor":24.0},{"not_picked":["Darkness+1","Core Surge","Cold Snap"],"picked":"SKIP","floor":27.0},{"not_picked":["Redo","Sweeping Beam+1","Compile Driver"],"picked":"SKIP","floor":28.0},{"not_picked":["Consume","Reprogram","Glacier"],"picked":"SKIP","floor":30.0},{"not_picked":["Streamline","Stack","Beam Cell+1"],"picked":"SKIP","floor":31.0},{"not_picked":["Buffer+1","Machine Learning+1"],"picked":"Echo Form+1","floor":33.0},{"not_picked":["Hologram","Recycle"],"picked":"Consume+1","floor":35.0},{"not_picked":["Beam Cell","Hologram","Conserve Battery"],"picked":"SKIP","floor":36.0},{"not_picked":["Ball Lightning+1","Sweeping Beam+1","Skim"],"picked":"SKIP","floor":37.0},{"not_picked":["Rip and Tear+1","Conserve Battery+1","Heatsinks+1"],"picked":"SKIP","floor":39.0},{"not_picked":["Gash+1","Skim"],"picked":"Static Discharge+1","floor":40.0},{"not_picked":["Coolheaded+1","Self Repair+1","Conserve Battery"],"picked":"SKIP","floor":41.0},{"not_picked":["Sweeping Beam+1","Recycle+1","Cold Snap+1"],"picked":"SKIP","floor":42.0},{"not_picked":["Beam Cell+1","Turbo+1"],"picked":"Static Discharge+1","floor":44.0},{"not_picked":["All For One","Coolheaded","Redo"],"picked":"SKIP","floor":48.0},{"not_picked":["Cold Snap","Steam Power"],"picked":"Storm+1","floor":54.0}],"player_experience":760204,"relics_obtained":[{"floor":9.0,"key":"Bronze Scales"},{"floor":12.0,"key":"Pear"},{"floor":19.0,"key":"Red Mask"},{"floor":24.0,"key":"DataDisk"},{"floor":26.0,"key":"Frozen Egg 2"},{"floor":27.0,"key":"Shovel"},{"floor":32.0,"key":"Peace Pipe"},{"floor":46.0,"key":"Oddly Smooth Stone"},{"floor":52.0,"key":"Bottled Lightning"},{"floor":54.0,"key":"Gremlin Horn"}],"event_choices":[{"damage_healed":0.0,"max_hp_gain":0.0,"max_hp_loss":0.0,"gold_gain":0.0,"event_name":"Shining Light","player_choice":"Entered Light","floor":2.0,"gold_loss":0.0,"damage_taken":15.0,"cards_upgraded":["Defend_B","Strike_B"]},{"damage_healed":0.0,"max_hp_gain":0.0,"max_hp_loss":0.0,"gold_gain":175.0,"event_name":"Liars Game","player_choice":"AGREE","floor":4.0,"gold_loss":0.0,"damage_taken":0.0,"cards_obtained":["Doubt"]},{"cards_removed":["Strike_B"],"damage_healed":0.0,"max_hp_gain":0.0,"max_hp_loss":0.0,"gold_gain":0.0,"event_name":"Golden Wing","player_choice":"Card Removal","floor":14.0,"gold_loss":0.0,"damage_taken":7.0},{"damage_healed":0.0,"max_hp_gain":0.0,"max_hp_loss":0.0,"gold_gain":0.0,"event_name":"Masked Bandits","player_choice":"Fought Bandits","floor":19.0,"gold_loss":0.0,"damage_taken":0.0},{"damage_healed":0.0,"max_hp_gain":0.0,"max_hp_loss":0.0,"gold_gain":0.0,"event_name":"Back to Basics","player_choice":"Simplicity","floor":20.0,"gold_loss":0.0,"damage_taken":0.0,"cards_upgraded":["Strike_B","Defend_B","Defend_B","Defend_B"]},{"cards_removed":["Ball Lightning"],"damage_healed":0.0,"max_hp_gain":0.0,"max_hp_loss":0.0,"gold_gain":0.0,"event_name":"Purifier","player_choice":"Purged","floor":45.0,"gold_loss":0.0,"damage_taken":0.0}],"is_beta":false,"boss_relics":[{"not_picked":["Pandora\u0027s Box","Orrery"],"picked":"Runic Pyramid"},{"not_picked":["Tiny House","Calling Bell"],"picked":"Velvet Choker"}],"items_purged_floors":[5,8,21,29,53],"is_endless":false,"potions_floor_spawned":[1,3,16,27,28,31,33,36,39,41,44,48,54],"killed_by":"The Heart","ascension_level":0}