{"gold_per_floor":[118,118,118,133,133,133,408,408,485,504,144,144,75,87,87,185,185,201,201],"floor_reached":19,"playtime":588,"items_purged":["Regret"],"score":155,"play_id":"d487c949-7acb-4e65-baf0-c3960e23edfe","local_time":"20181120041645","is_ascension_mode":false,"campfire_choices":[{"data":"Zap","floor":6,"key":"SMITH"},{"data":"Seek","floor":8,"key":"SMITH"},{"data":"Self Repair","floor":12,"key":"SMITH"},{"data":"Self Repair","floor":15,"key":"SMITH"}],"neow_cost":"NONE","seed_source_timestamp":14926868991207,"circlet_count":0,"master_deck":["Strike_B","Strike_B","Strike_B","Strike_B+1","Defend_B","Defend_B","Defend_B+1","Defend_B","Zap+1","Dualcast","Seek+1","Conserve Battery","Self Repair+1","Self Repair+1","Echo Form"],"relics":["Cracked Core","Shuriken","Cables","Sozu"],"potions_floor_usage":[19,19],"damage_taken":[{"damage":0,"enemies":"Small Slimes","floor":1,"turns":4},{"damage":0,"enemies":"2 Louse","floor":4,"turns":3},{"damage":7,"enemies":"Cultist","floor":10,"turns":3},{"damage":5,"enemies":"Large Slime","floor":14,"turns":5},{"damage":31,"enemies":"The Guardian","floor":16,"turns":12},{"damage":15,"enemies":"Chosen","floor":18,"turns":5},{"damage":33,"enemies":"Colosseum Slavers","floor":19,"turns":4},{"damage":34,"enemies":"Colosseum Nobs","floor":19,"turns":4}],"seed_played":"2676651788770944470","potions_obtained":[{"floor":4,"key":"Dexterity Potion"},{"floor":16,"key":"AttackPotion"}],"is_trial":false,"path_per_floor":["M","?","$","M","?","R","?","R","T","M","$","R","$","M","R","B",null,"M","?"],"character_chosen":"DEFECT","items_purchased":["Self Repair","Cables","Self Repair"],"campfire_rested":0,"item_purchase_floors":[11,11,13],"current_hp_per_floor":[75,80,80,80,64,64,64,64,64,57,57,57,57,69,69,58,80,80,46],"gold":201,"neow_bonus":"ONE_RANDOM_RARE_CARD","is_prod":false,"is_daily":false,"chose_seed":false,"campfire_upgraded":4,"win_rate":0,"timestamp":1542680205,"path_taken":["M","?","$","M","?","R","?","R","T","?","$","R","$","M","R","BOSS","M","?"],"build_version":"2018-11-15","purchased_purges":1,"victory":false,"max_hp_per_floor":[75,80,80,80,80,80,80,80,80,80,80,80,80,80,80,80,80,80,80],"card_choices":[{"not_picked":["Turbo","Barrage","Reprogram"],"picked":"SKIP","floor":1},{"not_picked":["Hologram","Barrage"],"picked":"Conserve Battery","floor":4},{"not_picked":["Scrape","Streamline","Storm"],"picked":"SKIP","floor":10},{"not_picked":["Capacitor","Blizzard","Streamline"],"picked":"SKIP","floor":14},{"not_picked":["Biased Cognition","Meteor Strike"],"picked":"Echo Form","floor":16},{"not_picked":["Rebound","Beam Cell","Sweeping Beam"],"picked":"SKIP","floor":18}],"player_experience":485972,"relics_obtained":[{"floor":9,"key":"Shuriken"}],"event_choices":[{"damage_healed":0,"gold_gain":0,"player_choice":"Donut","damage_taken":0,"max_hp_gain":5,"max_hp_loss":0,"event_name":"Big Fish","floor":2,"gold_loss":0},{"damage_healed":0,"gold_gain":0,"player_choice":"Entered Light","damage_taken":16,"max_hp_gain":0,"max_hp_loss":0,"event_name":"Shining Light","floor":5,"gold_loss":0,"cards_upgraded":["Strike_B","Defend_B"]},{"damage_healed":0,"gold_gain":275,"player_choice":"Desecrate","damage_taken":0,"max_hp_gain":0,"max_hp_loss":0,"event_name":"Golden Shrine","floor":7,"gold_loss":0,"cards_obtained":["Regret"]},{"damage_healed":0,"gold_gain":0,"player_choice":"Fight","damage_taken":0,"max_hp_gain":0,"max_hp_loss":0,"event_name":"Colosseum","floor":19,"gold_loss":0},{"damage_healed":0,"gold_gain":0,"player_choice":"Fought Nobs","damage_taken":0,"max_hp_gain":0,"max_hp_loss":0,"event_name":"Colosseum","floor":19,"gold_loss":0}],"is_beta":false,"boss_relics":[{"not_picked":["Black Star","Eternal Feather"],"picked":"Sozu"}],"items_purged_floors":[11],"is_endless":false,"potions_floor_spawned":[4,16],"killed_by":"Colosseum Nobs","ascension_level":0}