{"gold_per_floor":[366,380,380,14,32,48,48,64,64,64,83,83,83,83,83,83],"floor_reached":16,"playtime":320,"items_purged":["Parasite"],"score":92,"play_id":"7abb32a7-3b00-4527-a569-044320b53dad","local_time":"20181112180028","is_ascension_mode":false,"campfire_choices":[{"data":"Armaments","floor":7,"key":"SMITH"},{"data":"Defend_R","floor":12,"key":"SMITH"},{"data":"Defend_R","floor":15,"key":"SMITH"}],"neow_cost":"CURSE","seed_source_timestamp":374477459135277,"circlet_count":0,"master_deck":["Strike_R","Strike_R","Strike_R","Strike_R","Strike_R","Defend_R","Defend_R","Defend_R+1","Defend_R+1","Bash","Armaments+1"],"relics":["Burning Blood","Golden Idol","FossilizedHelix","Calipers"],"potions_floor_usage":[16],"damage_taken":[{"damage":9,"enemies":"Small Slimes","floor":1,"turns":4},{"damage":7,"enemies":"2 Louse","floor":2,"turns":2},{"damage":0,"enemies":"Cultist","floor":5,"turns":3},{"damage":9,"enemies":"Blue Slaver","floor":6,"turns":4},{"damage":4,"enemies":"3 Louse","floor":8,"turns":4},{"damage":10,"enemies":"Looter","floor":11,"turns":3},{"damage":75,"enemies":"Hexaghost","floor":16,"turns":13}],"seed_played":"-4142744032081859751","potions_obtained":[{"floor":1,"key":"GamblersBrew"},{"floor":8,"key":"FearPotion"},{"floor":11,"key":"BloodPotion"}],"is_trial":false,"path_per_floor":["M","M","?","$","M","M","R","M","T","?","M","R","$","?","R","B"],"character_chosen":"IRONCLAD","items_purchased":["FossilizedHelix"],"campfire_rested":0,"item_purchase_floors":[4],"current_hp_per_floor":[77,76,74,71,71,68,68,70,70,70,66,66,66,66,66,0],"gold":83,"neow_bonus":"TWO_FIFTY_GOLD","is_prod":false,"is_daily":false,"chose_seed":false,"campfire_upgraded":3,"win_rate":0,"timestamp":1542038428,"path_taken":["M","M","?","$","M","M","R","M","T","?","M","R","$","?","R","BOSS"],"build_version":"2018-11-08","purchased_purges":1,"victory":false,"max_hp_per_floor":[80,80,74,71,71,71,71,71,71,71,71,71,71,71,71,71],"card_choices":[{"not_picked":["True Grit","Rampage","Cleave"],"picked":"SKIP","floor":1},{"not_picked":["Anger","Headbutt","Flex"],"picked":"SKIP","floor":2},{"not_picked":["Shrug It Off","Second Wind"],"picked":"Armaments","floor":5},{"not_picked":["Wild Strike","Rage","Armaments"],"picked":"SKIP","floor":6},{"not_picked":["Entrench","Perfected Strike","True Grit"],"picked":"SKIP","floor":8},{"not_picked":["Headbutt","Heavy Blade","Reckless Charge"],"picked":"SKIP","floor":11}],"player_experience":463600,"relics_obtained":[{"floor":9,"key":"Calipers"}],"event_choices":[{"damage_healed":0,"gold_gain":0,"player_choice":"Lose Max HP","damage_taken":0,"relics_obtained":["Golden Idol"],"max_hp_gain":0,"max_hp_loss":6,"event_name":"Golden Idol","floor":3,"gold_loss":0},{"damage_healed":0,"gold_gain":0,"player_choice":"Leave","damage_taken":0,"max_hp_gain":0,"max_hp_loss":0,"event_name":"The Cleric","floor":10,"gold_loss":0},{"damage_healed":0,"gold_gain":0,"player_choice":"Ignored","damage_taken":0,"max_hp_gain":0,"max_hp_loss":0,"event_name":"Transmorgrifier","floor":14,"gold_loss":0}],"is_beta":false,"boss_relics":[],"items_purged_floors":[4],"is_endless":false,"potions_floor_spawned":[1,8,11],"killed_by":"Hexaghost","ascension_level":0}