{"gold_per_floor":[20,20,38,51,63,63,63,63,63,83,95,20,49,66,66,163,163,163,88,2,2,2,2,2,2,2,2,2,2,2,2,2,2],"floor_reached":33,"playtime":986,"items_purged":["Strike_R"],"score":261,"play_id":"7457604d-fdec-4c30-9aec-ec510edf9646","local_time":"20190723184439","is_ascension_mode":false,"campfire_choices":[{"data":"Deep Breath","floor":6.0,"key":"SMITH"},{"data":"Strike_R","floor":8.0,"key":"SMITH"},{"data":"Rampage","floor":15.0,"key":"SMITH"},{"data":"Finesse","floor":28.0,"key":"SMITH"},{"data":"Anger","floor":32.0,"key":"SMITH"}],"neow_cost":"NO_GOLD","seed_source_timestamp":3918027323500,"circlet_count":0,"master_deck":["Strike_R","Strike_R","Strike_R+1","Defend_R","Defend_R","Defend_R","Defend_R","Bash","Jack Of All Trades+1","Deep Breath+1","Rampage+1","Anger+1","Finesse+1","RitualDagger"],"special_seed":0,"relics":["Burning Blood","Bag of Marbles","Odd Mushroom","Ectoplasm","Darkstone Periapt","Anchor"],"potions_floor_usage":[33,33],"damage_taken":[{"damage":0.0,"enemies":"Small Slimes","floor":1.0,"turns":4.0},{"damage":1.0,"enemies":"Jaw Worm","floor":3.0,"turns":3.0},{"damage":5.0,"enemies":"2 Louse","floor":4.0,"turns":2.0},{"damage":17.0,"enemies":"Looter","floor":5.0,"turns":4.0},{"damage":13.0,"enemies":"Gremlin Gang","floor":10.0,"turns":4.0},{"damage":19.0,"enemies":"Large Slime","floor":11.0,"turns":4.0},{"damage":15.0,"enemies":"The Mushroom Lair","floor":13.0,"turns":5.0},{"damage":0.0,"enemies":"2 Fungi Beasts","floor":14.0,"turns":2.0},{"damage":39.0,"enemies":"Hexaghost","floor":16.0,"turns":10.0},{"damage":5.0,"enemies":"Chosen","floor":18.0,"turns":4.0},{"damage":17.0,"enemies":"Spheric Guardian","floor":22.0,"turns":5.0},{"damage":26.0,"enemies":"Book of Stabbing","floor":23.0,"turns":6.0},{"damage":8.0,"enemies":"Snecko","floor":24.0,"turns":4.0},{"damage":19.0,"enemies":"Snake Plant","floor":27.0,"turns":6.0},{"damage":8.0,"enemies":"Centurion and Healer","floor":30.0,"turns":5.0},{"damage":10.0,"enemies":"Snecko","floor":31.0,"turns":3.0},{"damage":63,"enemies":"Automaton","floor":33,"turns":8}],"seed_played":"1594339320054225943","potions_obtained":[{"floor":1.0,"key":"Fire Potion"},{"floor":4.0,"key":"Block Potion"},{"floor":5.0,"key":"Weak Potion"},{"floor":14.0,"key":"Ancient Potion"},{"floor":16.0,"key":"EssenceOfSteel"},{"floor":18.0,"key":"BloodPotion"},{"floor":27.0,"key":"Fire Potion"},{"floor":31.0,"key":"BloodPotion"}],"is_trial":false,"path_per_floor":["M","?","M","M","M","R","$","R","T","M","M","$","?","M","R","B",null,"M","?","$","?","M","E","M","?","T","M","R","?","M","M","R","B"],"character_chosen":"IRONCLAD","items_purchased":["Finesse"],"campfire_rested":0,"item_purchase_floors":[20],"current_hp_per_floor":[80,80,80,80,69,69,69,69,69,62,49,49,40,46,46,13,80,80,80,80,80,69,49,47,47,47,34,34,28,26,22,22,0],"gold":2,"neow_bonus":"RANDOM_COLORLESS_2","is_prod":false,"is_daily":false,"chose_seed":false,"campfire_upgraded":5,"win_rate":0,"timestamp":1563896679,"path_taken":["M","?","M","M","M","R","$","R","T","M","M","$","?","M","R","BOSS","M","?","$","?","M","E","?","?","T","M","R","?","M","M","R","BOSS"],"build_version":"2019-07-17","purchased_purges":1,"victory":false,"max_hp_per_floor":[80,80,80,80,80,80,80,80,80,80,80,80,80,80,80,80,80,80,80,80,80,80,80,80,80,80,80,80,80,80,80,80,80],"card_choices":[{"not_picked":["Bloodletting","Clash","Entrench"],"picked":"SKIP","floor":1.0},{"not_picked":["Disarm","Havoc","Heavy Blade"],"picked":"SKIP","floor":3.0},{"not_picked":["Ghostly Armor","Twin Strike","Power Through"],"picked":"SKIP","floor":4.0},{"not_picked":["Headbutt","Perfected Strike","Warcry"],"picked":"SKIP","floor":5.0},{"not_picked":["Clothesline","Reckless Charge","Warcry"],"picked":"SKIP","floor":10.0},{"not_picked":["Heavy Blade","Barricade","Perfected Strike"],"picked":"SKIP","floor":11.0},{"not_picked":["Blood for Blood","Warcry"],"picked":"Rampage","floor":14.0},{"not_picked":["Shockwave","Headbutt"],"picked":"Anger","floor":18.0},{"not_picked":["Clash","Intimidate","Sword Boomerang"],"picked":"SKIP","floor":22.0},{"not_picked":["Dropkick","Blood for Blood","Warcry"],"picked":"SKIP","floor":23.0},{"not_picked":["Wild Strike","Pommel Strike","Perfected Strike+1"],"picked":"SKIP","floor":24.0},{"not_picked":["Dark Embrace","Headbutt","Wild Strike+1"],"picked":"SKIP","floor":27.0},{"not_picked":["Warcry","Clothesline","Dropkick"],"picked":"SKIP","floor":30.0},{"not_picked":["Clothesline+1","Perfected Strike","Metallicize"],"picked":"SKIP","floor":31.0}],"player_experience":745565,"relics_obtained":[{"floor":9.0,"key":"Bag of Marbles"},{"floor":13.0,"key":"Odd Mushroom"},{"floor":23.0,"key":"Darkstone Periapt"},{"floor":26.0,"key":"Anchor"}],"event_choices":[{"damage_healed":0.0,"max_hp_gain":0.0,"max_hp_loss":0.0,"gold_gain":0.0,"event_name":"Living Wall","player_choice":"Grow","floor":2.0,"gold_loss":0.0,"damage_taken":0.0,"cards_upgraded":["Jack Of All Trades"]},{"damage_healed":0.0,"max_hp_gain":0.0,"max_hp_loss":0.0,"gold_gain":0.0,"event_name":"Mushrooms","player_choice":"Fought Mushrooms","floor":13.0,"gold_loss":0.0,"damage_taken":0.0},{"cards_removed":["Strike_R"],"damage_healed":0.0,"max_hp_gain":0.0,"max_hp_loss":0.0,"gold_gain":0.0,"event_name":"Beggar","player_choice":"Gave Gold","floor":19.0,"gold_loss":75.0,"damage_taken":0.0},{"damage_healed":0.0,"max_hp_gain":0.0,"max_hp_loss":0.0,"gold_gain":0.0,"event_name":"Lab","player_choice":"Got Potions","floor":21.0,"gold_loss":0.0,"damage_taken":0.0},{"damage_healed":0.0,"max_hp_gain":0.0,"max_hp_loss":0.0,"gold_gain":0.0,"event_name":"Cursed Tome","player_choice":"Ignored","floor":25.0,"gold_loss":0.0,"damage_taken":0.0},{"damage_healed":0.0,"max_hp_gain":0.0,"max_hp_loss":0.0,"gold_gain":0.0,"event_name":"Nest","player_choice":"Joined the Cult","floor":29.0,"gold_loss":0.0,"damage_taken":6.0,"cards_obtained":["RitualDagger"]}],"is_beta":false,"boss_relics":[{"not_picked":["Runic Pyramid","Mark of Pain"],"picked":"Ectoplasm"}],"items_purged_floors":[12],"is_endless":false,"potions_floor_spawned":[1,4,5,14,16,18,23,27,31],"killed_by":"Automaton","ascension_level":0}