{"path_per_floor":["M","?","M","M","$","E","R","?","T","R","M","R","E","$","R","B",null,"M","T","?","$","M","E","R","M","T","M","?","E","R","M","R","B",null,"M","?","$","?","M","R","?","R","T","M","?","M","M","E","R","B"],"character_chosen":"THE_SILENT","items_purchased":["Adrenaline","Letter Opener","Footwork","Regen Potion","Apotheosis","Oddly Smooth Stone"],"gold_per_floor":[117,192,207,221,60,385,385,385,385,385,401,401,427,26,26,121,151,164,238,238,88,100,134,134,151,151,164,164,197,197,217,217,322,322,338,338,7,7,24,24,0,0,27,42,42,55,71,105,105,105],"floor_reached":51,"campfire_rested":2,"playtime":5614,"current_hp_per_floor":[63,52,67,67,67,59,59,59,59,59,55,55,50,50,50,9,75,64,64,48,48,57,48,70,68,68,56,56,59,59,65,65,63,75,75,66,66,66,66,66,66,66,66,66,66,66,66,66,75,57],"items_purged":["Defend_G","Strike_G"],"gold":105,"score":673,"play_id":"9eb493bf-98b8-45ca-bbe0-045154093641","is_prod":false,"is_daily":false,"is_ascension_mode":false,"campfire_upgraded":8,"path_taken":["M","?","M","M","$","E","R","?","T","R","?","R","E","$","R","BOSS","M","?","?","$","M","E","R","M","T","M","?","E","R","M","R","BOSS","M","?","$","?","M","R","?","R","T","M","?","M","?","E","R","BOSS"],"build_version":"2018-02-08-BETA1","purchased_purges":2,"victory":true,"master_deck":["Defend_G","Defend_G","Defend_G","Defend_G","Strike_G","Strike_G","Strike_G","Survivor","Neutralize+1","Wraith Form","Cloak And Dagger","Dash+1","A Thousand Cuts+1","Adrenaline+1","Slice","Acrobatics","Footwork+1","Die Die Die","Blade Dance","Dodge and Roll+1","Deflect","Predator+1","Calculated Gamble","Choke","Noxious Fumes+1","Night Terror+1","Madness","Apotheosis+1","Injury","Backflip","Caltrops+1"],"max_hp_per_floor":[70,70,70,70,70,70,70,70,70,70,70,70,70,70,70,70,75,75,75,75,75,75,75,75,75,75,75,75,75,75,75,75,75,75,75,75,75,75,75,75,75,75,75,75,75,75,75,75,75,75],"relics":["Ring of the Snake","Old Coin","Orichalcum","Bag of Marbles","Letter Opener","Tiny House","Ninja Scroll","Enchiridion","Ancient Tea Set","Calipers","Happy Flower","Cursed Key","Oddly Smooth Stone","Red Mask","Bag of Preparation","Ginger"],"card_choices":[{"not_picked":["Distraction","Deflect"],"picked":"Cloak And Dagger"},{"not_picked":["Poisoned Stab","Eviscerate"],"picked":"Dash"},{"not_picked":["PiercingWail","Escape Plan"],"picked":"A Thousand Cuts"},{"not_picked":["Leg Sweep","PiercingWail"],"picked":"Slice"},{"not_picked":["Unload","Cloak And Dagger"],"picked":"Acrobatics"},{"not_picked":["Doppelganger","Wraith Form"],"picked":"Die Die Die"},{"not_picked":["Endless Agony","Malaise"],"picked":"Blade Dance"},{"not_picked":["Dagger Throw","Deflect"],"picked":"Dodge and Roll"},{"not_picked":["Dagger Throw","Infinite Blades"],"picked":"Deflect"},{"not_picked":["Poisoned Stab","Backstab"],"picked":"Predator"},{"not_picked":["Dash","Prepared"],"picked":"Calculated Gamble"},{"not_picked":["Caltrops","Slice"],"picked":"Choke"},{"not_picked":["Deflect","Infinite Blades"],"picked":"Noxious Fumes"},{"not_picked":["Glass Knife","Unload"],"picked":"Night Terror"},{"not_picked":["Slice","Acrobatics"],"picked":"Backflip"},{"not_picked":["Phantasmal Killer","Backflip"],"picked":"Caltrops"}],"player_experience":321561,"potions_floor_usage":[3,6,22,23,29,31,33,50,50,50],"damage_taken":[{"damage":7,"enemies":"Cultist","floor":1,"turns":5},{"damage":0,"enemies":"Small Slimes","floor":3,"turns":9},{"damage":0,"enemies":"Blue Slaver","floor":4,"turns":5},{"damage":8,"enemies":"3 Sentries","floor":6,"turns":10},{"damage":4,"enemies":"Lots of Slimes","floor":11,"turns":3},{"damage":5,"enemies":"Gremlin Nob","floor":13,"turns":4},{"damage":41,"enemies":"Hexaghost","floor":16,"turns":11},{"damage":11,"enemies":"2 Thieves","floor":18,"turns":3},{"damage":0,"enemies":"Chosen","floor":22,"turns":4},{"damage":9,"enemies":"Slavers","floor":23,"turns":4},{"damage":2,"enemies":"Slaver and Parasite","floor":25,"turns":4},{"damage":12,"enemies":"Centurion and Healer","floor":27,"turns":6},{"damage":12,"enemies":"Gremlin Leader","floor":29,"turns":6},{"damage":0,"enemies":"Sentry and Sphere","floor":31,"turns":3},{"damage":2,"enemies":"Collector","floor":33,"turns":7},{"damage":0,"enemies":"3 Shapes","floor":35,"turns":4},{"damage":0,"enemies":"3 Darklings","floor":39,"turns":3},{"damage":0,"enemies":"4 Shapes","floor":44,"turns":2},{"damage":0,"enemies":"Spire Growth","floor":46,"turns":4},{"damage":0,"enemies":"Flame Bruiser 2 Orb","floor":47,"turns":2},{"damage":0,"enemies":"Nemesis","floor":48,"turns":5},{"damage":18,"enemies":"Time Eater","floor":50,"turns":10}],"event_choices":[{"event_name":"World of Goop","player_choice":"Gather Gold","floor":2,"damage_taken":0},{"event_name":"Bonfire Elementals","player_choice":"BASIC","floor":8,"damage_taken":0},{"event_name":"Cursed Tome","player_choice":"Obtained Book","floor":20,"damage_taken":0},{"event_name":"The Lab","player_choice":"Got Potions","floor":28,"damage_taken":0},{"event_name":"Winding Halls","player_choice":"Embrace Madness","floor":36,"damage_taken":0},{"event_name":"Mysterious Sphere","player_choice":"Ignore","floor":38,"damage_taken":0},{"event_name":"Tomb of Lord Red Mask","player_choice":"Paid","floor":41,"damage_taken":0}],"boss_relics":[{"not_picked":["Philosopher\u0027s Stone","The Specimen"],"picked":"Tiny House"},{"not_picked":["Lizard Tail","Snecko Eye"],"picked":"Cursed Key"}],"potions_floor_spawned":[1,4,13,16,23,27,29,31,33,47,48],"seed_played":"-3333216493601256322","ascension_level":0,"is_trial":false}