{"gold_per_floor":[112,112,112,129,145,145,179,179,179,179,179,179,10,29,29,29],"floor_reached":16,"playtime":392,"items_purged":["Strike_R"],"score":98,"play_id":"cb937e63-bdb4-4c9c-b48a-9ff2385bf948","local_time":"20190703170958","is_ascension_mode":false,"campfire_choices":[{"data":"Shrug It Off","floor":6,"key":"SMITH"},{"data":"Defend_R","floor":10,"key":"SMITH"},{"data":"Defend_R","floor":12,"key":"SMITH"},{"data":"Finesse","floor":15,"key":"SMITH"}],"neow_cost":"NONE","seed_source_timestamp":90814784678500,"circlet_count":0,"master_deck":["Strike_R+1","Strike_R+1","Strike_R","Strike_R","Defend_R","Defend_R","Defend_R+1","Defend_R+1","Bash","Entrench+1","Shrug It Off+1","Finesse+1"],"relics":["Burning Blood","Singing Bowl","Shuriken","Bronze Scales"],"potions_floor_usage":[16],"damage_taken":[{"damage":2,"enemies":"2 Louse","floor":1,"turns":3},{"damage":5,"enemies":"Jaw Worm","floor":4,"turns":6},{"damage":4,"enemies":"Small Slimes","floor":5,"turns":4},{"damage":32,"enemies":"3 Sentries","floor":7,"turns":13},{"damage":0,"enemies":"Exordium Wildlife","floor":14,"turns":4},{"damage":68,"enemies":"Slime Boss","floor":16,"turns":13}],"seed_played":"1267027487685990363","potions_obtained":[{"floor":1,"key":"Block Potion"}],"is_trial":false,"path_per_floor":["M","?","$","M","M","R","E","T","T","R","?","R","$","M","R","B"],"character_chosen":"IRONCLAD","items_purchased":["Finesse"],"campfire_rested":0,"item_purchase_floors":[13],"current_hp_per_floor":[88,88,88,88,88,88,64,64,64,64,46,46,46,54,54,0],"gold":29,"neow_bonus":"TEN_PERCENT_HP_BONUS","is_prod":false,"is_daily":false,"chose_seed":false,"campfire_upgraded":4,"win_rate":0,"timestamp":1562162998,"path_taken":["M","?","$","M","M","R","E","?","T","R","?","R","$","M","R","BOSS"],"build_version":"2019-07-01","purchased_purges":1,"victory":false,"max_hp_per_floor":[88,88,88,88,88,88,90,90,90,90,90,90,90,92,92,92],"card_choices":[{"not_picked":["Carnage","Cleave"],"picked":"Entrench","floor":1},{"not_picked":["Thunderclap","Pommel Strike"],"picked":"Shrug It Off","floor":4},{"not_picked":["Clothesline","Perfected Strike","Combust"],"picked":"SKIP","floor":5},{"not_picked":["Sentinel","Pommel Strike","Hemokinesis"],"picked":"Singing Bowl","floor":7},{"not_picked":["Fire Breathing","Exhume","Reckless Charge"],"picked":"Singing Bowl","floor":14}],"player_experience":673069,"relics_obtained":[{"floor":7,"key":"Singing Bowl"},{"floor":8,"key":"Shuriken"},{"floor":9,"key":"Bronze Scales"}],"event_choices":[{"damage_healed":0,"gold_gain":0,"player_choice":"Grow","damage_taken":0,"max_hp_gain":0,"max_hp_loss":0,"event_name":"Living Wall","floor":2,"gold_loss":0,"cards_upgraded":["Entrench"]},{"damage_healed":0,"gold_gain":0,"player_choice":"Entered Light","damage_taken":18,"max_hp_gain":0,"max_hp_loss":0,"event_name":"Shining Light","floor":11,"gold_loss":0,"cards_upgraded":["Strike_R","Strike_R"]}],"is_beta":false,"boss_relics":[],"items_purged_floors":[13],"is_endless":false,"potions_floor_spawned":[1],"killed_by":"Slime Boss","ascension_level":0}