{"gold_per_floor":[114,131,145,68,87,87,14,14,14,14,14,47,64,77,77,175,175,192,192,17,29,42,42,59,77,77,71,170,170,190,208,208,303,353,353],"floor_reached":35,"playtime":1276,"items_purged":["Writhe"],"score":511,"play_id":"f12f093d-df0e-4d7e-aeb2-f55e216cd6f4","local_time":"20180728173020","daily_mods":["Draft","Diverse","Heirloom","Time Dilation"],"is_ascension_mode":false,"campfire_choices":[{"data":"Body Slam","floor":6.0,"key":"SMITH"},{"data":"Inflame","floor":15.0,"key":"SMITH"},{"floor":23,"key":"DIG"},{"floor":32,"key":"DIG"}],"neow_cost":"","seed_source_timestamp":157070049602517,"circlet_count":0,"master_deck":["Steam","Deflect","Perfected Strike","Conserve Battery","Self Repair","Leap","Backflip","Clothesline","Perfected Strike+1","Cleave","Quick Slash","Dodge and Roll","Outmaneuver","Turbo","Body Slam+1","Shrug It Off","Slice","Inflame+1","Battle Trance","Bullet Time","Pommel Strike","Blade Dance","Auto Shields+1","Deadly Poison+1","Blade Dance+1","Barricade","Evolve"],"special_seed":0,"relics":["Burning Blood","Magic Flower","Matryoshka","Meat on the Bone","The Courier","Potion Belt","Art of War","Coffee Dripper","Shovel","Bag of Marbles","Dodecahedron","MawBank","Toxic Egg 2","Pen Nib","Tiny House"],"potions_floor_usage":[33],"damage_taken":[{"damage":0.0,"enemies":"Cultist","floor":1.0,"turns":3.0},{"damage":3.0,"enemies":"Small Slimes","floor":2.0,"turns":4.0},{"damage":0.0,"enemies":"2 Louse","floor":3.0,"turns":2.0},{"damage":0.0,"enemies":"Lots of Slimes","floor":5.0,"turns":3.0},{"damage":4.0,"enemies":"3 Sentries","floor":12.0,"turns":5.0},{"damage":0.0,"enemies":"Large Slime","floor":13.0,"turns":3.0},{"damage":9.0,"enemies":"2 Fungi Beasts","floor":14.0,"turns":3.0},{"damage":18.0,"enemies":"Hexaghost","floor":16.0,"turns":10.0},{"damage":0,"enemies":"3 Byrds","floor":18,"turns":5},{"damage":0,"enemies":"Chosen","floor":21,"turns":4},{"damage":0,"enemies":"3 Cultists","floor":22,"turns":4},{"damage":0,"enemies":"Centurion and Healer","floor":24,"turns":3},{"damage":6,"enemies":"Cultist and Chosen","floor":25,"turns":5},{"damage":4,"enemies":"Snecko","floor":30,"turns":3},{"damage":6,"enemies":"Snake Plant","floor":31,"turns":4},{"damage":38,"enemies":"Collector","floor":33,"turns":8},{"damage":20,"enemies":"3 Darklings","floor":35,"turns":4}],"seed_played":"747881787270350986","potions_obtained":[{"floor":1.0,"key":"SteroidPotion"},{"floor":3.0,"key":"LiquidBronze"},{"floor":18,"key":"EssenceOfSteel"},{"floor":21,"key":"Swift Potion"},{"floor":30,"key":"Explosive Potion"},{"floor":33,"key":"Strength Potion"},{"floor":34,"key":"Swift Potion"}],"is_trial":true,"path_per_floor":["M","M","M","$","M","R","$","?","T","$","?","E","M","M","R","B",null,"M","?","$","M","M","R","M","M","T","$","?","$","M","M","R","B",null],"character_chosen":"IRONCLAD","items_purchased":["Inflame","Battle Trance","Bag of Marbles","Deadly Poison+1"],"campfire_rested":0,"item_purchase_floors":[4,7,20,27],"current_hp_per_floor":[80,80,80,80,80,80,80,73,73,73,73,78,80,80,80,80,80,80,80,80,80,80,80,80,80,80,80,80,80,80,80,80,62,85,65],"gold":353,"neow_bonus":"","is_prod":false,"is_daily":false,"chose_seed":false,"campfire_upgraded":2,"win_rate":0,"timestamp":1532788220,"path_taken":["M","M","?","$","M","R","$","?","T","$","?","E","?","M","R","BOSS","M","?","$","M","M","R","M","M","T","$","?","?","M","M","R","BOSS","M"],"build_version":"2018-07-26","purchased_purges":1,"victory":false,"max_hp_per_floor":[80,80,80,80,80,80,80,80,80,80,80,80,80,80,80,80,80,80,80,80,80,80,80,80,80,80,80,80,80,80,80,80,80,85,85],"card_choices":[{"not_picked":["Capacitor","Searing Blow"],"picked":"Steam","floor":0.0},{"not_picked":["Intimidate","Steam"],"picked":"Deflect","floor":0.0},{"not_picked":["Shrug It Off","Dropkick"],"picked":"Perfected Strike","floor":0.0},{"not_picked":["Cold Snap","Quick Slash"],"picked":"Conserve Battery","floor":0.0},{"not_picked":["Sweeping Beam","Compile Driver"],"picked":"Self Repair","floor":0.0},{"not_picked":["Caltrops","Underhanded Strike"],"picked":"Leap","floor":0.0},{"not_picked":["Body Slam","Twin Strike"],"picked":"Backflip","floor":0.0},{"not_picked":["Heel Hook","Sweeping Beam"],"picked":"Clothesline","floor":0.0},{"not_picked":["Sever Soul","Recycle"],"picked":"Perfected Strike","floor":0.0},{"not_picked":["Headbutt","Double Energy"],"picked":"Cleave","floor":0.0},{"not_picked":["Dagger Spray","Underhanded Strike"],"picked":"Quick Slash","floor":0.0},{"not_picked":["Bloodletting","Clothesline"],"picked":"Dodge and Roll","floor":0.0},{"not_picked":["Rebound","Heavy Blade"],"picked":"Outmaneuver","floor":0.0},{"not_picked":["Reflex","Dropkick"],"picked":"Turbo","floor":0.0},{"not_picked":["Warcry","PiercingWail"],"picked":"Body Slam","floor":0.0},{"not_picked":["Cleave","Deflect"],"picked":"Shrug It Off","floor":1.0},{"not_picked":["Sucker Punch","Conserve Battery"],"picked":"Slice","floor":2.0},{"not_picked":["Dagger Spray","Havoc","Rip and Tear"],"picked":"SKIP","floor":3.0},{"not_picked":["Streamline","Cleave","Distraction"],"picked":"SKIP","floor":5.0},{"not_picked":["Slice","Lockon","True Grit"],"picked":"SKIP","floor":12.0},{"not_picked":["Go for the Eyes","Heavy Blade","Sweeping Beam"],"picked":"SKIP","floor":13.0},{"not_picked":["Sucker Punch","Blizzard","Havoc"],"picked":"SKIP","floor":14.0},{"not_picked":["Corpse Explosion","Fiend Fire"],"picked":"Bullet Time","floor":16.0},{"not_picked":["Heavy Blade+1","Warcry+1","Dagger Spray"],"picked":"SKIP","floor":18},{"not_picked":["Cleave","Flying Knee"],"picked":"Pommel Strike","floor":21},{"not_picked":["Electrodynamics","Hologram+1"],"picked":"Blade Dance","floor":22},{"not_picked":["Skewer","Riddle With Holes"],"picked":"Auto Shields+1","floor":24},{"not_picked":["Twin Strike","Reflex+1","Sweeping Beam"],"picked":"SKIP","floor":25},{"not_picked":["Combust","Clash"],"picked":"Blade Dance+1","floor":30},{"not_picked":["Hemokinesis+1","Deadly Poison+1","Stack+1"],"picked":"SKIP","floor":31},{"not_picked":["Limit Break+1","Core Surge"],"picked":"Barricade","floor":33},{"not_picked":["Clothesline","Rampage"],"picked":"Evolve","floor":34}],"player_experience":255704,"relics_obtained":[{"floor":9.0,"key":"Meat on the Bone"},{"floor":9.0,"key":"The Courier"},{"floor":12.0,"key":"Art of War"},{"floor":23,"key":"Dodecahedron"},{"floor":26,"key":"MawBank"},{"floor":26,"key":"Toxic Egg 2"},{"floor":32,"key":"Pen Nib"}],"event_choices":[{"event_name":"Scrap Ooze","player_choice":"success","floor":8.0,"damage_taken":7.0},{"event_name":"Dead Adventurer","player_choice":"Searched \u00272\u0027 times","floor":11.0,"damage_taken":0.0},{"event_name":"The Mausoleum","player_choice":"Yes","floor":19,"damage_taken":0},{"event_name":"Nest","player_choice":"Stole From Cult","floor":28,"damage_taken":0}],"is_beta":false,"boss_relics":[{"not_picked":["Fusion Hammer","Cursed Key"],"picked":"Coffee Dripper"},{"not_picked":["Philosopher\u0027s Stone","Runic Cube"],"picked":"Tiny House"}],"items_purged_floors":[20],"is_endless":true,"potions_floor_spawned":[1,3,18,21,30,33],"killed_by":"3 Darklings","ascension_level":0}