{"path_per_floor":["M","$","?","M","M","R","M","R","T","M","E","R","M","E","R","B",null,"M","$","M","T","M","R","M","R","T","?","R","M","T","M","R"],"character_chosen":"DEFECT","items_purchased":["Melter","Conserve Battery"],"gold_per_floor":[111,30,30,48,64,64,84,84,162,176,204,204,221,250,250,347,347,357,311,323,348,360,360,373,373,396,396,396,406,406,418,418,418],"floor_reached":33,"campfire_rested":3,"playtime":1019,"item_purchase_floors":[],"current_hp_per_floor":[73,73,73,67,74,74,68,68,68,65,52,52,48,48,48,30,75,69,69,29,29,13,35,42,64,64,50,74,67,67,49,49,0],"items_purged":[],"gold":418,"score":259,"play_id":"003ae4d9-d74a-49ca-8b55-95198724189d","local_time":"20180611014848","is_prod":false,"is_daily":false,"chose_seed":false,"is_ascension_mode":false,"campfire_upgraded":2,"win_rate":0,"timestamp":1528670928,"campfire_choices":[{"data":"1","floor":6.0,"key":"LIFT"},{"data":"2","floor":8.0,"key":"LIFT"},{"data":"3","floor":12.0,"key":"LIFT"},{"data":"Beam Cell","floor":15.0,"key":"SMITH"},{"floor":23.0,"key":"REST"},{"floor":25.0,"key":"REST"},{"floor":28.0,"key":"REST"},{"data":"Stack","floor":32.0,"key":"SMITH"}],"path_taken":["M","$","?","M","M","R","M","R","T","M","E","R","M","E","R","BOSS","M","$","M","?","M","R","?","R","T","?","R","M","?","M","R","BOSS"],"build_version":"2018-06-07v3","seed_source_timestamp":777736110212676,"purchased_purges":0,"victory":false,"master_deck":["Strike_B","Strike_B","Strike_B","Strike_B","Defend_B","Defend_B","Defend_B","Defend_B","Zap","Dualcast","Injury","Go for the Eyes","Melter","Loop","Streamline","Zap","Self Repair","Conserve Battery","Leap","Beam Cell+1","Hologram","Hyperbeam","Beam Cell","Conserve Battery","Go for the Eyes+1","Steam","Gash+1","Stack+1"],"max_hp_per_floor":[75,75,75,75,75,75,75,75,75,75,75,75,75,75,75,75,75,75,75,75,75,75,75,75,75,75,80,80,80,80,82,82,82],"relics":["Cracked Core","Girya","Tiny Chest","Orichalcum","Pen Nib","Philosopher\u0027s Stone","Vajra","Singing Bowl","Prayer Wheel"],"card_choices":[{"not_picked":["Stack","Glacier"],"picked":"Go for the Eyes","floor":1.0},{"not_picked":["Genetic Algorithm","Streamline"],"picked":"Self Repair","floor":4.0},{"not_picked":["Streamline","Doom and Gloom"],"picked":"Conserve Battery","floor":5.0},{"not_picked":["Streamline","Coolheaded","Recycle"],"picked":"SKIP","floor":7.0},{"not_picked":["Streamline","Genetic Algorithm"],"picked":"Leap","floor":10.0},{"not_picked":["Barrage","Ball Lightning","Meteor Strike"],"picked":"SKIP","floor":11.0},{"not_picked":["Streamline","Redo"],"picked":"Beam Cell","floor":13.0},{"not_picked":["Rainbow","Blizzard"],"picked":"Hologram","floor":14.0},{"not_picked":["Multi-Cast","Thunder Strike"],"picked":"Hyperbeam","floor":16.0},{"not_picked":["Coolheaded","Redo+1"],"picked":"Beam Cell","floor":18.0},{"not_picked":["Beam Cell","Loop+1"],"picked":"Go for the Eyes+1","floor":20.0},{"not_picked":["Barrage+1","Leap"],"picked":"Steam","floor":22.0},{"not_picked":["Thunder Strike","Heatsinks","Coolheaded+1"],"picked":"SKIP","floor":24.0},{"not_picked":["Skim","Go for the Eyes"],"picked":"Gash+1","floor":29.0},{"not_picked":["Ball Lightning","Loop+1","Darkness"],"picked":"Singing Bowl","floor":31.0},{"not_picked":["Reprogram","Hologram"],"picked":"Stack","floor":31.0}],"player_experience":111084,"potions_floor_usage":[33],"damage_taken":[{"damage":2.0,"enemies":"Small Slimes","floor":1.0,"turns":3.0},{"damage":6.0,"enemies":"Cultist","floor":4.0,"turns":3.0},{"damage":0.0,"enemies":"2 Louse","floor":5.0,"turns":3.0},{"damage":13.0,"enemies":"Exordium Thugs","floor":7.0,"turns":6.0},{"damage":3.0,"enemies":"Lots of Slimes","floor":10.0,"turns":2.0},{"damage":20.0,"enemies":"Gremlin Nob","floor":11.0,"turns":4.0},{"damage":4.0,"enemies":"Blue Slaver","floor":13.0,"turns":3.0},{"damage":7.0,"enemies":"3 Sentries","floor":14.0,"turns":5.0},{"damage":18.0,"enemies":"Hexaghost","floor":16.0,"turns":9.0},{"damage":13.0,"enemies":"Chosen","floor":18.0,"turns":3.0},{"damage":47.0,"enemies":"3 Byrds","floor":20.0,"turns":4.0},{"damage":23.0,"enemies":"Slaver and Parasite","floor":22.0,"turns":5.0},{"damage":0.0,"enemies":"Cultist and Chosen","floor":24.0,"turns":3.0},{"damage":14.0,"enemies":"Centurion and Healer","floor":29.0,"turns":4.0},{"damage":20.0,"enemies":"Slaver and Parasite","floor":31.0,"turns":3.0},{"damage":57,"enemies":"Automaton","floor":33,"turns":8}],"relics_obtained":[{"floor":9.0,"key":"Tiny Chest"},{"floor":11.0,"key":"Orichalcum"},{"floor":14.0,"key":"Pen Nib"},{"floor":21.0,"key":"Vajra"},{"floor":26.0,"key":"Singing Bowl"},{"floor":30.0,"key":"Prayer Wheel"}],"event_choices":[{"event_name":"Match and Keep!","player_choice":"3 cards matched","floor":3.0,"damage_taken":0.0},{"event_name":"Forgotten Altar","player_choice":"Shed Blood","floor":27.0,"damage_taken":0.0}],"boss_relics":[{"not_picked":["Velvet Choker","Lizard Tail"],"picked":"Philosopher\u0027s Stone"}],"items_purged_floors":[],"potions_floor_spawned":[1,7,20,24,29],"seed_played":"565389390276641763","killed_by":"Automaton","ascension_level":0,"potions_obtained":[{"floor":1.0,"key":"Explosive Potion"},{"floor":7.0,"key":"Weak Potion"},{"floor":20.0,"key":"Dexterity Potion"},{"floor":24.0,"key":"Swift Potion"},{"floor":29.0,"key":"Weak Potion"}],"is_trial":false}