{"gold_per_floor":[20,40,1,1,18,18,32,32,32,32,46,64,64,42,42,142,142,161,89,89,106,125,125,135,135,135,153,153],"floor_reached":28,"playtime":664,"items_purged":[],"score":212,"play_id":"8547b67a-a091-4ed8-81bd-91b8293a561c","local_time":"20180815043301","is_ascension_mode":false,"campfire_choices":[{"data":"Creative AI","floor":6,"key":"SMITH"},{"data":"Zap","floor":8,"key":"SMITH"},{"data":"Dualcast","floor":13,"key":"SMITH"},{"floor":15,"key":"REST"},{"floor":23,"key":"REST"},{"data":"Machine Learning","floor":25,"key":"SMITH"}],"neow_cost":"NO_GOLD","seed_source_timestamp":42176273108480,"circlet_count":0,"master_deck":["Strike_B","Strike_B","Strike_B","Strike_B","Defend_B","Defend_B","Defend_B","Defend_B","Zap+1","Dualcast+1","Creative AI+1","Static Discharge+1","Leap","Machine Learning+1","Capacitor"],"relics":["Cracked Core","Dodecahedron","Busted Crown","Meat on the Bone"],"potions_floor_usage":[22,27,28],"damage_taken":[{"damage":8,"enemies":"2 Louse","floor":1,"turns":2},{"damage":1,"enemies":"Jaw Worm","floor":2,"turns":3},{"damage":10,"enemies":"Small Slimes","floor":5,"turns":5},{"damage":16,"enemies":"Gremlin Gang","floor":7,"turns":3},{"damage":4,"enemies":"Exordium Wildlife","floor":11,"turns":3},{"damage":4,"enemies":"Blue Slaver","floor":12,"turns":2},{"damage":38,"enemies":"Hexaghost","floor":16,"turns":8},{"damage":8,"enemies":"Spheric Guardian","floor":18,"turns":4},{"damage":10,"enemies":"Shell Parasite","floor":21,"turns":5},{"damage":23,"enemies":"Snake Plant","floor":22,"turns":3},{"damage":26,"enemies":"3 Cultists","floor":24,"turns":6},{"damage":41,"enemies":"Centurion and Healer","floor":27,"turns":8},{"damage":25,"enemies":"Chosen and Byrds","floor":28,"turns":5}],"seed_played":"8703766216208095765","potions_obtained":[{"floor":7,"key":"AttackPotion"},{"floor":11,"key":"Ancient Potion"},{"floor":12,"key":"Regen Potion"},{"floor":20,"key":"Fruit Juice"},{"floor":24,"key":"FearPotion"},{"floor":27,"key":"EssenceOfSteel"}],"is_trial":false,"path_per_floor":["M","M","$","?","M","R","M","R","T","?","M","M","R","$","R","B",null,"M","$","?","M","M","R","M","R","T","M"],"character_chosen":"DEFECT","items_purchased":["Static Discharge","Leap","Capacitor"],"campfire_rested":2,"item_purchase_floors":[3,14,19],"current_hp_per_floor":[67,66,66,66,56,56,40,40,40,40,36,32,32,32,54,16,75,67,67,67,57,39,63,37,37,37,23,0],"gold":153,"neow_bonus":"THREE_RARE_CARDS","is_prod":false,"is_daily":false,"chose_seed":false,"campfire_upgraded":4,"win_rate":0,"timestamp":1534296781,"path_taken":["M","M","$","?","M","R","M","R","T","?","M","M","R","?","R","BOSS","M","$","?","M","M","R","M","R","T","M","M"],"build_version":"2018-08-09","purchased_purges":0,"victory":false,"max_hp_per_floor":[75,75,75,75,75,75,75,75,75,75,75,75,75,75,75,75,75,75,75,75,75,80,80,80,80,80,80,80],"card_choices":[{"not_picked":["Seek","Core Surge"],"picked":"Creative AI","floor":0},{"not_picked":["Gash","Go for the Eyes","Cold Snap"],"picked":"SKIP","floor":1},{"not_picked":["Skim","Stack","Sweeping Beam"],"picked":"SKIP","floor":2},{"not_picked":["Gash","Steam Power","Sweeping Beam"],"picked":"SKIP","floor":5},{"not_picked":["Barrage","Sweeping Beam","Genetic Algorithm"],"picked":"SKIP","floor":7},{"not_picked":["Doom and Gloom","Stack","Turbo"],"picked":"SKIP","floor":11},{"not_picked":["Lockon","Chill","Sweeping Beam"],"picked":"SKIP","floor":12},{"not_picked":["Creative AI","Thunder Strike"],"picked":"Machine Learning","floor":16},{"not_picked":["Rebound"],"picked":"SKIP","floor":18},{"not_picked":["Coolheaded"],"picked":"SKIP","floor":21},{"not_picked":["Melter"],"picked":"SKIP","floor":22},{"not_picked":["Barrage"],"picked":"SKIP","floor":24},{"not_picked":["Static Discharge"],"picked":"SKIP","floor":27}],"player_experience":313585,"relics_obtained":[{"floor":9,"key":"Dodecahedron"},{"floor":26,"key":"Meat on the Bone"}],"event_choices":[{"event_name":"Golden Wing","player_choice":"Ignored","floor":4,"damage_taken":0},{"event_name":"Upgrade Shrine","player_choice":"Upgraded","floor":10,"damage_taken":0},{"event_name":"The Lab","player_choice":"Got Potions","floor":20,"damage_taken":0}],"is_beta":false,"boss_relics":[{"not_picked":["Runic Dome","Coffee Dripper"],"picked":"Busted Crown"}],"items_purged_floors":[],"is_endless":false,"potions_floor_spawned":[7,11,12,24,27],"killed_by":"Chosen and Byrds","ascension_level":0}