{"gold_per_floor":[111,111,125,141,141,30,105,105,105,29,49,49,67,95,95,190,190,210,88,88,88,101,133,133,33,33,47,47,63,88,101,101,197,197,214,214,214,214,36,61,61,61,86,86],"floor_reached":44,"playtime":1583,"items_purged":["Strike_G","Shame","Strike_G"],"score":472,"play_id":"110e4c14-df6d-47fc-95f5-55bfc9fa2cd9","local_time":"20190716175548","is_ascension_mode":false,"campfire_choices":[{"data":"Noxious Fumes","floor":8.0,"key":"SMITH"},{"data":"Well Laid Plans","floor":12.0,"key":"SMITH"},{"data":"Noxious Fumes","floor":15.0,"key":"SMITH"},{"data":"Footwork","floor":28.0,"key":"SMITH"},{"data":"Catalyst","floor":32.0,"key":"SMITH"}],"neow_cost":"NONE","seed_source_timestamp":192739980914400,"circlet_count":0,"master_deck":["Strike_G","Strike_G","Defend_G","Defend_G","Defend_G","Defend_G","Defend_G","Survivor","Well Laid Plans+1","Footwork","Footwork+1","Noxious Fumes+1","Bouncing Flask","Noxious Fumes+1","Bullet Time","Dodge and Roll","Dodge and Roll","Dodge and Roll+1","Crippling Poison","Blur","Escape Plan","Catalyst+1","After Image","Good Instincts","Backflip","Pain"],"special_seed":0,"relics":["Ring of the Snake","Pantograph","Mummified Hand","Cursed Key","Bronze Scales","Pear","Meat on the Bone","Philosopher\u0027s Stone","FossilizedHelix","Snake Skull"],"potions_floor_usage":[],"damage_taken":[{"damage":2.0,"enemies":"Cultist","floor":1.0,"turns":5.0},{"damage":0.0,"enemies":"Jaw Worm","floor":3.0,"turns":9.0},{"damage":0.0,"enemies":"2 Louse","floor":4.0,"turns":4.0},{"damage":0.0,"enemies":"Blue Slaver","floor":11.0,"turns":5.0},{"damage":10.0,"enemies":"Red Slaver","floor":13.0,"turns":5.0},{"damage":28.0,"enemies":"Gremlin Nob","floor":14.0,"turns":6.0},{"damage":5.0,"enemies":"The Guardian","floor":16.0,"turns":9.0},{"damage":13.0,"enemies":"2 Thieves","floor":18.0,"turns":5.0},{"damage":2.0,"enemies":"Chosen","floor":22.0,"turns":6.0},{"damage":22.0,"enemies":"Slavers","floor":23.0,"turns":6.0},{"damage":3.0,"enemies":"Sentry and Sphere","floor":27.0,"turns":8.0},{"damage":3.0,"enemies":"Snake Plant","floor":29.0,"turns":4.0},{"damage":6.0,"enemies":"Gremlin Leader","floor":30.0,"turns":8.0},{"damage":3.0,"enemies":"Shelled Parasite and Fungi","floor":31.0,"turns":5.0},{"damage":14.0,"enemies":"Automaton","floor":33.0,"turns":9.0},{"damage":12,"enemies":"3 Darklings","floor":35,"turns":5},{"damage":11,"enemies":"Nemesis","floor":40,"turns":7},{"damage":0,"enemies":"Giant Head","floor":44,"turns":1}],"seed_played":"-2526557728268339583","potions_obtained":[{"floor":1.0,"key":"Weak Potion"},{"floor":11.0,"key":"SmokeBomb"},{"floor":14.0,"key":"GamblersBrew"},{"floor":18.0,"key":"EssenceOfSteel"},{"floor":27.0,"key":"FearPotion"}],"is_trial":false,"path_per_floor":["M","?","M","M","?","$","?","R","T","$","M","R","M","E","R","B",null,"M","$","?","?","M","E","T","$","T","M","R","M","E","M","R","B",null,"M","?","?","?","$","E","$","?","T","E"],"character_chosen":"THE_SILENT","items_purchased":["Noxious Fumes","Bouncing Flask","Noxious Fumes","Dodge and Roll","Backflip"],"campfire_rested":0,"item_purchase_floors":[6,6,10,19,39],"current_hp_per_floor":[75,75,75,75,75,75,64,64,64,64,64,64,54,26,26,46,77,64,64,64,64,62,40,50,50,50,47,47,44,38,47,47,58,87,75,75,75,75,75,64,64,64,64,64],"gold":86,"neow_bonus":"TEN_PERCENT_HP_BONUS","is_prod":false,"is_daily":false,"chose_seed":false,"campfire_upgraded":5,"win_rate":0,"timestamp":1563288948,"path_taken":["M","?","?","M","?","$","?","R","T","$","M","R","M","E","R","BOSS","M","$","?","?","M","E","?","$","T","?","R","M","E","M","R","BOSS","M","?","?","?","$","E","$","?","T","E"],"build_version":"2019-07-10","purchased_purges":3,"victory":false,"max_hp_per_floor":[77,77,77,77,77,77,77,77,77,77,77,77,77,77,77,77,77,77,77,77,77,77,77,87,87,87,87,87,87,87,87,87,87,87,87,83,83,83,83,83,83,83,83,83],"card_choices":[{"not_picked":["Poisoned Stab","Dodge and Roll"],"picked":"Well Laid Plans","floor":1.0},{"not_picked":["Bane","Flechettes"],"picked":"Footwork","floor":3.0},{"not_picked":["Backflip","Calculated Gamble"],"picked":"Footwork","floor":4.0},{"not_picked":["Setup","Cloak And Dagger","PiercingWail"],"picked":"SKIP","floor":11.0},{"not_picked":["Flying Knee","Acrobatics","Slice"],"picked":"SKIP","floor":13.0},{"not_picked":["Predator","Sucker Punch","Flying Knee"],"picked":"SKIP","floor":14.0},{"not_picked":["Venomology","Burst"],"picked":"Bullet Time","floor":16.0},{"not_picked":["Acrobatics","Caltrops"],"picked":"Dodge and Roll","floor":18.0},{"not_picked":["Bane+1","Flying Knee"],"picked":"Dodge and Roll+1","floor":22.0},{"not_picked":["Outmaneuver+1","Prepared","Footwork"],"picked":"SKIP","floor":23.0},{"not_picked":["Terror+1","Acrobatics"],"picked":"Crippling Poison","floor":27.0},{"not_picked":["Dagger Throw","Expertise"],"picked":"Blur","floor":29.0},{"not_picked":["PiercingWail","Deadly Poison+1"],"picked":"Escape Plan","floor":30.0},{"not_picked":["Flechettes","Setup"],"picked":"Catalyst","floor":31.0},{"not_picked":["Night Terror","Corpse Explosion"],"picked":"After Image","floor":33.0},{"not_picked":["PiercingWail+1","Sucker Punch","Bouncing Flask"],"picked":"SKIP","floor":35},{"not_picked":["Swift Strike","Metamorphosis"],"picked":"Good Instincts","floor":38},{"not_picked":["Setup+1","Underhanded Strike+1","Dodge and Roll+1"],"picked":"SKIP","floor":40}],"player_experience":164924,"relics_obtained":[{"floor":9.0,"key":"Pantograph"},{"floor":14.0,"key":"Mummified Hand"},{"floor":23.0,"key":"Bronze Scales"},{"floor":24.0,"key":"Pear"},{"floor":30.0,"key":"Meat on the Bone"},{"floor":40,"key":"FossilizedHelix"},{"floor":43,"key":"Snake Skull"}],"event_choices":[{"cards_removed":["Strike_G"],"damage_healed":0.0,"max_hp_gain":0.0,"max_hp_loss":0.0,"gold_gain":0.0,"event_name":"Bonfire Elementals","player_choice":"Offered Basic","floor":2.0,"gold_loss":0.0,"damage_taken":0.0},{"damage_healed":0.0,"max_hp_gain":0.0,"max_hp_loss":0.0,"gold_gain":0.0,"event_name":"The Cleric","player_choice":"Leave","floor":5.0,"gold_loss":0.0,"damage_taken":0.0},{"damage_healed":0.0,"max_hp_gain":0.0,"max_hp_loss":0.0,"gold_gain":75.0,"event_name":"World of Goop","player_choice":"Gather Gold","floor":7.0,"gold_loss":0.0,"damage_taken":11.0},{"damage_healed":0.0,"max_hp_gain":0.0,"max_hp_loss":0.0,"gold_gain":0.0,"event_name":"Vampires","player_choice":"Ignored","floor":20.0,"gold_loss":0.0,"damage_taken":0.0},{"damage_healed":0.0,"max_hp_gain":0.0,"max_hp_loss":0.0,"gold_gain":0.0,"event_name":"Cursed Tome","player_choice":"Ignored","floor":21.0,"gold_loss":0.0,"damage_taken":0.0},{"damage_healed":0,"gold_gain":0,"player_choice":"Max HP","damage_taken":0,"max_hp_gain":0,"max_hp_loss":4,"event_name":"Winding Halls","floor":36,"gold_loss":0},{"damage_healed":0,"gold_gain":0,"player_choice":"Ignored","damage_taken":0,"max_hp_gain":0,"max_hp_loss":0,"event_name":"Tomb of Lord Red Mask","floor":37,"gold_loss":0},{"damage_healed":0,"gold_gain":0,"player_choice":"Memory 1","damage_taken":0,"max_hp_gain":0,"max_hp_loss":0,"event_name":"SensoryStone","floor":38,"gold_loss":0},{"cards_removed":["Neutralize"],"damage_healed":0,"gold_gain":0,"player_choice":"Removed Attack","damage_taken":0,"max_hp_gain":0,"max_hp_loss":0,"event_name":"Falling","floor":42,"gold_loss":0}],"is_beta":true,"boss_relics":[{"not_picked":["Eternal Feather","Lizard Tail"],"picked":"Cursed Key"},{"not_picked":["White Beast Statue","HoveringKite"],"picked":"Philosopher\u0027s Stone"}],"items_purged_floors":[19,25,39],"is_endless":false,"potions_floor_spawned":[1,11,14,18,27,30,33,35],"killed_by":"Giant Head","ascension_level":0}