{"gold_per_floor":[139,17,32,50,68,102,102,127,127,143,155,1,29,42,42,138,138,154,168,185,185,185,220,220,238,264,279,307,325,345,370,370,473,473,490,502,520,415,415,415,427,440,440,470,484,484,494,195,195,195],"floor_reached":51,"playtime":2604,"items_purged":["Parasite"],"score":762,"play_id":"8d73ac06-acd2-4719-84eb-4e737176f196","local_time":"20180729150205","is_ascension_mode":false,"campfire_choices":[{"data":"Armaments","floor":7.0,"key":"SMITH"},{"data":"Body Slam","floor":15.0,"key":"SMITH"},{"data":"Body Slam","floor":24.0,"key":"SMITH"},{"data":"Demon Form","floor":32.0,"key":"SMITH"},{"data":"Body Slam","floor":40.0,"key":"SMITH"},{"data":"Evolve","floor":49,"key":"SMITH"}],"neow_cost":"NONE","seed_source_timestamp":5460294840754,"circlet_count":0,"master_deck":["Strike_R","Strike_R","Strike_R+1","Strike_R","Strike_R","Defend_R","Defend_R","Defend_R","Defend_R","Bash","Iron Wave","Metallicize","Armaments+1","Shrug It Off","Flame Barrier","Body Slam+1","Battle Trance","Metallicize","Body Slam+1","Berserk","Battle Trance+1","Body Slam+1","Iron Wave","Demon Form+1","Body Slam+1","Impervious","Body Slam+1","Finesse","Blind","Offering","Flame Barrier","Evolve+1"],"special_seed":0,"relics":["Burning Blood","Tiny Chest","Centennial Puzzle","Odd Mushroom","Eternal Feather","Nloth\u0027s Gift","Kunai","Anchor","Red Mask","Red Skull","Cursed Key","Prayer Wheel","Ginger","Whetstone"],"potions_floor_usage":[50,50],"damage_taken":[{"damage":0.0,"enemies":"2 Louse","floor":1.0,"turns":3.0},{"damage":8.0,"enemies":"Jaw Worm","floor":3.0,"turns":3.0},{"damage":0.0,"enemies":"Cultist","floor":4.0,"turns":4.0},{"damage":6.0,"enemies":"3 Louse","floor":5.0,"turns":5.0},{"damage":11.0,"enemies":"3 Sentries","floor":6.0,"turns":10.0},{"damage":7.0,"enemies":"Lagavulin","floor":8.0,"turns":8.0},{"damage":0.0,"enemies":"Looter","floor":10.0,"turns":5.0},{"damage":0.0,"enemies":"Red Slaver","floor":11.0,"turns":6.0},{"damage":1.0,"floor":13.0,"turns":7.0},{"damage":4.0,"enemies":"Large Slime","floor":14.0,"turns":8.0},{"damage":37.0,"enemies":"Hexaghost","floor":16.0,"turns":15.0},{"damage":4.0,"enemies":"Shell Parasite","floor":18.0,"turns":6.0},{"damage":0.0,"enemies":"3 Byrds","floor":19.0,"turns":5.0},{"damage":10.0,"enemies":"Snake Plant","floor":20.0,"turns":6.0},{"damage":43.0,"enemies":"Gremlin Leader","floor":23.0,"turns":9.0},{"damage":8.0,"enemies":"Sentry and Sphere","floor":25.0,"turns":5.0},{"damage":6.0,"enemies":"Chosen and Byrds","floor":27.0,"turns":7.0},{"damage":22.0,"floor":28.0,"turns":7.0},{"damage":8.0,"enemies":"Slaver and Parasite","floor":29.0,"turns":6.0},{"damage":6.0,"enemies":"Centurion and Healer","floor":30.0,"turns":6.0},{"damage":15.0,"enemies":"Book of Stabbing","floor":31.0,"turns":7.0},{"damage":23.0,"enemies":"Champ","floor":33.0,"turns":9.0},{"damage":4.0,"enemies":"Flame Bruiser 1 Orb","floor":35.0,"turns":8.0},{"damage":17.0,"enemies":"3 Darklings","floor":36.0,"turns":6.0},{"damage":1.0,"enemies":"Flame Bruiser 2 Orb","floor":37.0,"turns":6.0},{"damage":3,"enemies":"4 Shapes","floor":41,"turns":6},{"damage":22,"enemies":"3 Darklings","floor":42,"turns":4},{"damage":4,"enemies":"Giant Head","floor":44,"turns":7},{"damage":12,"enemies":"Spire Growth","floor":45,"turns":4},{"damage":22,"enemies":"Maw","floor":47,"turns":7},{"damage":23,"enemies":"Donu and Deca","floor":50,"turns":6}],"seed_played":"-6193109168698815887","potions_obtained":[{"floor":3.0,"key":"Poison Potion"},{"floor":4.0,"key":"AttackPotion"},{"floor":5.0,"key":"LiquidBronze"},{"floor":8.0,"key":"Dexterity Potion"},{"floor":10.0,"key":"Ancient Potion"},{"floor":23.0,"key":"Weak Potion"},{"floor":29.0,"key":"SpeedPotion"},{"floor":41,"key":"PowerPotion"}],"is_trial":false,"path_per_floor":["M","$","M","M","M","E","R","E","T","M","M","$","?","M","R","B",null,"M","M","M","?","$","E","R","M","T","M","?","M","M","E","R","B",null,"M","M","M","$","?","R","M","M","T","E","M","?","M","$","R","B"],"character_chosen":"IRONCLAD","items_purchased":["Metallicize","Armaments","Battle Trance","Metallicize","Finesse","Whetstone","Evolve"],"campfire_rested":0,"item_purchase_floors":[2,2,12,12,38,48,48],"current_hp_per_floor":[80,80,78,80,80,75,75,74,74,80,80,80,80,80,80,49,80,80,80,76,76,76,39,51,49,49,49,33,31,31,22,37,20,80,80,69,74,74,74,80,80,64,64,66,60,60,44,44,62,45],"gold":195,"neow_bonus":"RANDOM_COMMON_RELIC","is_prod":false,"is_daily":false,"chose_seed":false,"campfire_upgraded":6,"win_rate":0,"timestamp":1532865725,"path_taken":["M","$","M","M","M","E","R","E","T","M","M","$","?","M","R","BOSS","M","M","M","?","$","E","R","M","T","M","?","M","M","E","R","BOSS","M","M","M","$","?","R","M","M","T","E","M","?","M","$","R","BOSS"],"build_version":"2018-07-26","purchased_purges":1,"victory":true,"max_hp_per_floor":[80,80,80,80,80,80,80,80,80,80,80,80,80,80,80,80,80,80,80,80,80,80,80,80,80,80,80,80,80,80,80,80,80,80,80,80,80,80,80,80,80,80,80,80,80,80,80,77,77,77],"card_choices":[{"not_picked":["Wild Strike","Burning Pact"],"picked":"Iron Wave","floor":1.0},{"not_picked":["Corruption","Havoc"],"picked":"Shrug It Off","floor":3.0},{"not_picked":["Anger","Uppercut","Cleave"],"picked":"SKIP","floor":4.0},{"not_picked":["Thunderclap","Cleave","Anger"],"picked":"SKIP","floor":5.0},{"not_picked":["Pommel Strike","Havoc"],"picked":"Flame Barrier","floor":6.0},{"not_picked":["Hemokinesis","Headbutt","Spot Weakness"],"picked":"SKIP","floor":8.0},{"not_picked":["Shockwave","Power Through"],"picked":"Body Slam","floor":10.0},{"not_picked":["Headbutt","Pommel Strike","Havoc"],"picked":"SKIP","floor":11.0},{"not_picked":["Sword Boomerang","True Grit"],"picked":"Body Slam","floor":14.0},{"not_picked":["Brutality","Offering"],"picked":"Berserk","floor":16.0},{"not_picked":["Pommel Strike","Burning Pact"],"picked":"Battle Trance+1","floor":18.0},{"not_picked":["Flex","Dual Wield","Combust"],"picked":"SKIP","floor":19.0},{"not_picked":["Clothesline","Infernal Blade"],"picked":"Body Slam","floor":20.0},{"not_picked":["Flex","Power Through+1","Anger"],"picked":"SKIP","floor":23.0},{"not_picked":["Thunderclap","Headbutt+1","Perfected Strike"],"picked":"SKIP","floor":25.0},{"not_picked":["Anger","Headbutt","Hemokinesis"],"picked":"SKIP","floor":27.0},{"not_picked":["Thunderclap+1","Clash"],"picked":"Iron Wave","floor":28.0},{"not_picked":["True Grit","Armaments+1","Flex"],"picked":"SKIP","floor":29.0},{"not_picked":["Shrug It Off","Anger"],"picked":"Demon Form","floor":30.0},{"not_picked":["Feed","Corruption"],"picked":"Body Slam","floor":31.0},{"not_picked":["Reaper","Limit Break"],"picked":"Impervious","floor":33.0},{"not_picked":["Cleave+1","Reaper","Evolve"],"picked":"SKIP","floor":35.0},{"not_picked":["Power Through","Clash","Feed"],"picked":"SKIP","floor":36.0},{"not_picked":["Warcry","Heavy Blade+1"],"picked":"Body Slam+1","floor":37.0},{"not_picked":["Secret Weapon","Purity"],"picked":"Blind","floor":39.0},{"not_picked":["Sword Boomerang+1","Perfected Strike+1","Carnage"],"picked":"SKIP","floor":41},{"not_picked":["Perfected Strike+1","Havoc","Headbutt+1"],"picked":"SKIP","floor":42},{"not_picked":["Havoc","Anger+1","Headbutt+1"],"picked":"SKIP","floor":44},{"not_picked":["Anger","Limit Break"],"picked":"Offering","floor":45},{"not_picked":["Brutality","Twin Strike","Flex+1"],"picked":"SKIP","floor":45},{"not_picked":["Clothesline+1","Spot Weakness+1"],"picked":"Flame Barrier","floor":47},{"not_picked":["Sever Soul+1","Iron Wave+1","Anger"],"picked":"SKIP","floor":47}],"player_experience":258952,"relics_obtained":[{"floor":6.0,"key":"Centennial Puzzle"},{"floor":8.0,"key":"Regal Pillow"},{"floor":13.0,"key":"Odd Mushroom"},{"floor":23.0,"key":"Kunai"},{"floor":26.0,"key":"Anchor"},{"floor":28.0,"key":"Red Mask"},{"floor":31.0,"key":"Red Skull"},{"floor":43,"key":"Prayer Wheel"},{"floor":44,"key":"Ginger"}],"event_choices":[{"event_name":"Mushrooms","player_choice":"Fought Mushrooms","floor":13.0,"damage_taken":0.0},{"event_name":"N\u0027loth","player_choice":"Traded a Regal Pillow","floor":21.0,"damage_taken":0.0},{"event_name":"Masked Bandits","player_choice":"Fought over 279 gold","floor":28.0,"damage_taken":0.0},{"event_name":"SensoryStone","player_choice":"Memory 1","floor":39.0,"damage_taken":0.0},{"event_name":"Tomb of Lord Red Mask","player_choice":"Ignored","floor":46,"damage_taken":0}],"is_beta":false,"boss_relics":[{"not_picked":["Runic Dome","Pandora\u0027s Box"],"picked":"Eternal Feather"},{"not_picked":["Tiny House","Coffee Dripper"],"picked":"Cursed Key"}],"items_purged_floors":[48],"is_endless":false,"potions_floor_spawned":[3,4,5,8,10,19,23,27,29,30,41,44],"ascension_level":0}