{"path_per_floor":["M","?","?","M","M","R","E","?","T","$","$","M","?","M","R","B",null,"M","?","?","?","T","R"],"character_chosen":"THE_SILENT","items_purchased":[],"gold_per_floor":[118,118,118,129,141,141,167,117,117,42,42,60,60,70,70,172,172,189,221,221,221,221,221],"floor_reached":24,"campfire_rested":2,"playtime":2027,"current_hp_per_floor":[64,69,69,62,62,62,44,44,44,44,44,33,33,33,55,11,59,36,6,6,6,6,28],"items_purged":["Defend_G"],"gold":221,"play_id":"fbcc4b4c-bd63-465f-929f-feab68ed4ec3","is_prod":false,"is_daily":false,"is_ascension_mode":true,"campfire_upgraded":1,"path_taken":["M","?","?","M","?","R","E","?","T","?","$","?","?","M","R","BOSS","M","?","?","?","?","R","E"],"build_version":"2018-01-26-BETA1","purchased_purges":1,"victory":false,"master_deck":["Defend_G+1","Defend_G+1","Defend_G+1","Defend_G+1","Strike_G+1","Strike_G+1","Strike_G+1","Survivor","Neutralize+1","Bouncing Flask","Backflip","Slice","Die Die Die","A Thousand Cuts","Backflip+1","Sucker Punch"],"max_hp_per_floor":[70,75,75,75,75,75,75,75,75,75,75,75,75,75,75,75,75,75,75,75,75,75,75],"relics":["Ring of the Snake","Bottled Lightning","Vajra","The Specimen","Red Mask","Letter Opener","Ice Cream"],"card_choices":[{"not_picked":["Heel Hook","Cloak And Dagger"],"picked":"Backflip"},{"not_picked":["Prepared","PiercingWail"],"picked":"Slice"},{"not_picked":["Flying Knee","Deflect"],"picked":"Die Die Die"},{"not_picked":["Glass Knife","Storm of Steel"],"picked":"A Thousand Cuts"},{"not_picked":["PiercingWail","Acrobatics"],"picked":"Backflip"},{"not_picked":["Choke","Blade Dance"],"picked":"Sucker Punch"}],"player_experience":112124,"potions_floor_usage":[7,16,19],"damage_taken":[{"damage":6,"enemies":"Jaw Worm","floor":1,"turns":8},{"damage":7,"enemies":"Small Slimes","floor":4,"turns":5},{"damage":0,"enemies":"Cultist","floor":5,"turns":3},{"damage":18,"enemies":"3 Sentries","floor":7,"turns":12},{"damage":11,"enemies":"Exordium Thugs","floor":12,"turns":8},{"damage":0,"enemies":"2 Fungi Beasts","floor":14,"turns":3},{"damage":44,"enemies":"Slime Boss","floor":16,"turns":17},{"damage":23,"enemies":"2 Thieves","floor":18,"turns":4},{"damage":30,"enemies":"Masked Bandits","floor":19,"turns":5},{"damage":33,"enemies":"Book of Stabbing","floor":24,"turns":5}],"event_choices":[{"event_name":"Big Fish","player_choice":"Donut","floor":2,"damage_taken":0},{"event_name":"Liars Game","player_choice":"disagreed","floor":3,"damage_taken":0},{"event_name":"The Cleric","player_choice":"Card Removal","floor":8,"damage_taken":0},{"event_name":"Shining Light","player_choice":"Ignored","floor":13,"damage_taken":0},{"event_name":"Masked Bandits","player_choice":"Fought over 189 gold","floor":19,"damage_taken":0},{"event_name":"The Mausoleum","player_choice":"Yes","floor":20,"damage_taken":0},{"event_name":"Back to Basics","player_choice":"Simplicity","floor":21,"damage_taken":0}],"boss_relics":[{"not_picked":["Question Card","Lizard Tail"],"picked":"The Specimen"}],"potions_floor_spawned":[1,12,16,19],"seed_played":"1772876161989474993","killed_by":"Book of Stabbing","ascension_level":5,"is_trial":false}