{"path_per_floor":["M","$","M","?","?","R","M","R","T","R","M","M","?","?","R","B",null,"M","$","M","M","$","E","R","?","T","?","M","R","M","?","R","B",null,"M","$","?","?","$","R","M","E","T","R","E","T","M","M","R","B"],"character_chosen":"IRONCLAD","items_purchased":["Shrug It Off","Happy Flower","Battle Trance","Strength Potion"],"gold_per_floor":[117,42,59,59,59,59,73,73,100,100,124,145,95,95,95,223,223,244,144,169,189,10,43,43,43,97,141,156,156,176,226,226,351,351,375,76,76,298,1,1,21,64,64,64,107,107,127,146,146,146],"floor_reached":51,"campfire_rested":4,"playtime":3869,"current_hp_per_floor":[80,80,77,57,57,57,63,63,63,63,63,62,62,46,46,37,80,78,78,70,55,55,37,61,61,61,48,44,44,44,44,68,7,80,80,80,80,80,80,80,77,46,46,70,48,48,45,47,71,29],"items_purged":["Strike_R","Perfected Strike","Thunderclap","Spot Weakness","Flex"],"gold":146,"play_id":"a2a338dc-148e-4008-8122-9047f805f91e","is_prod":false,"is_daily":false,"is_ascension_mode":false,"campfire_upgraded":6,"path_taken":["M","$","M","?","?","R","M","R","T","R","M","M","?","?","R","BOSS","M","$","?","M","$","E","R","?","T","?","M","R","M","?","R","BOSS","M","$","?","?","$","R","M","E","T","R","E","?","?","M","R","BOSS"],"build_version":"2018-01-26-BETA1","purchased_purges":6,"victory":true,"master_deck":["Bash+1","Fiend Fire+1","Metallicize+1","Spot Weakness+1","Headbutt","Heavy Blade+1","Thunderclap+1","Twin Strike","Headbutt","Flex+1","Flame Barrier+1","Shrug It Off+1","Iron Wave+1","Armaments+1","Offering","Battle Trance","Metallicize","Limit Break","Iron Wave+1"],"max_hp_per_floor":[80,80,80,80,80,80,80,80,80,80,80,80,80,80,80,80,80,80,80,80,80,80,80,80,80,80,80,80,80,80,80,80,80,80,80,80,80,80,80,80,80,80,80,80,80,80,80,80,80,80],"relics":["Burning Blood","Golden Idol","Bronze Scales","Pandora\u0027s Box","Bottled Lightning","Tiny Chest","Red Mask","Lizard Tail","Happy Flower","Anchor","Pen Nib","Meat on the Bone","Molten Egg"],"card_choices":[{"not_picked":["Corruption","Flame Barrier"],"picked":"Metallicize"},{"not_picked":["Bloodletting","Twin Strike"],"picked":"Spot Weakness"},{"not_picked":["Seeing Red","Clash"],"picked":"Headbutt"},{"not_picked":["Pummel","Metallicize"],"picked":"Heavy Blade"},{"not_picked":["True Grit","Body Slam"],"picked":"Thunderclap"},{"not_picked":["Feel No Pain","Blood for Blood"],"picked":"Flex"},{"not_picked":["Headbutt","Shrug It Off"],"picked":"Flame Barrier"},{"not_picked":["Blood for Blood","Pommel Strike"],"picked":"Iron Wave"},{"not_picked":["Cleave","Infernal Blade"],"picked":"Armaments"},{"not_picked":["Berserk","Bludgeon"],"picked":"Offering"},{"not_picked":["Thunderclap","Seeing Red"],"picked":"Metallicize"},{"not_picked":["Searing Blow","Sword Boomerang"],"picked":"Limit Break"},{"not_picked":["Cleave","Flex"],"picked":"Iron Wave"}],"player_experience":107061,"potions_floor_usage":[16,18,21,27,28,33,41,42,45,50],"damage_taken":[{"damage":3,"enemies":"Small Slimes","floor":1,"turns":3},{"damage":9,"enemies":"2 Louse","floor":3,"turns":3},{"damage":0,"enemies":"Cultist","floor":7,"turns":2},{"damage":6,"enemies":"3 Louse","floor":11,"turns":3},{"damage":7,"enemies":"Looter","floor":12,"turns":3},{"damage":30,"enemies":"Slime Boss","floor":16,"turns":7},{"damage":8,"enemies":"2 Thieves","floor":18,"turns":2},{"damage":14,"enemies":"Chosen","floor":20,"turns":3},{"damage":21,"enemies":"Snake Plant","floor":21,"turns":2},{"damage":24,"enemies":"Book of Stabbing","floor":23,"turns":6},{"damage":19,"enemies":"Masked Bandits","floor":27,"turns":3},{"damage":10,"enemies":"Slaver and Parasite","floor":28,"turns":4},{"damage":6,"enemies":"Snecko","floor":30,"turns":5},{"damage":67,"enemies":"Automaton","floor":33,"turns":14},{"damage":4,"enemies":"Orb Walker","floor":35,"turns":2},{"damage":9,"enemies":"Flame Bruiser 1 Orb","floor":41,"turns":3},{"damage":103,"enemies":"Nemesis","floor":42,"turns":10},{"damage":28,"enemies":"2 Orb Walkers","floor":45,"turns":5},{"damage":21,"enemies":"Maw","floor":47,"turns":4},{"damage":4,"enemies":"Sphere and 2 Shapes","floor":48,"turns":5},{"damage":60,"enemies":"Awakened One","floor":50,"turns":9}],"event_choices":[{"event_name":"Golden Idol","player_choice":"Take Damage","floor":4,"damage_taken":0},{"event_name":"Bonfire Elementals","player_choice":"BASIC","floor":5,"damage_taken":0},{"event_name":"The Cleric","player_choice":"Card Removal","floor":13,"damage_taken":0},{"event_name":"Shining Light","player_choice":"Entered Light","floor":14,"damage_taken":0},{"event_name":"Accursed Blacksmith","player_choice":"Forge","floor":25,"damage_taken":0},{"event_name":"Masked Bandits","player_choice":"Fought over 97 gold","floor":27,"damage_taken":0},{"event_name":"The Joust","player_choice":"Bet on Murderer","floor":31,"damage_taken":0},{"event_name":"Match and Keep!","player_choice":"0 cards matched","floor":37,"damage_taken":0},{"event_name":"Tomb of Lord Red Mask","player_choice":"Wore Mask","floor":38,"damage_taken":0}],"boss_relics":[{"not_picked":["Calling Bell","Tiny House"],"picked":"Pandora\u0027s Box"},{"not_picked":["White Beast Statue","Runic Dome"],"picked":"Lizard Tail"}],"potions_floor_spawned":[1,7,16,20,23,27,30,35,42,47],"seed_played":"-8393413279404828392","ascension_level":0,"is_trial":false}