{"gold_per_floor":[111,39,39,56,56,73,73,88,88,115,115,128,128,141,141,241,241,196,196,196,47,47,47,47,47,47,47,13,13,13,13,13,13,13,13,13,13,13,13],"floor_reached":39,"playtime":1284,"items_purged":[],"score":393,"play_id":"e6021656-3b7c-4d82-b4ab-a05fd94b63fc","local_time":"20190126025622","is_ascension_mode":false,"campfire_choices":[{"data":"Zap","floor":7,"key":"SMITH"},{"data":"Genetic Algorithm","floor":11,"key":"SMITH"},{"data":"Coolheaded","floor":13,"key":"SMITH"},{"data":"Dualcast","floor":15,"key":"SMITH"},{"data":"Machine Learning","floor":23,"key":"SMITH"},{"data":"Self Repair","floor":25,"key":"SMITH"},{"data":"Go for the Eyes","floor":32,"key":"SMITH"}],"neow_cost":"NONE","seed_source_timestamp":537371787363271,"circlet_count":0,"master_deck":["Strike_B","Strike_B","Strike_B","Strike_B","Defend_B","Defend_B","Defend_B","Defend_B","Zap+1","Dualcast+1","Genetic Algorithm+1","Gash","Hologram+1","Coolheaded+1","Machine Learning+1","Self Repair+1","FTL","Electrodynamics","Go for the Eyes+1","All For One","Steam+1","Hologram+1"],"relics":["Cracked Core","Meat on the Bone","Bronze Scales","Ectoplasm","Oddly Smooth Stone","Toxic Egg 2","Dodecahedron","Eternal Feather"],"potions_floor_usage":[18,33],"damage_taken":[{"damage":1,"enemies":"Jaw Worm","floor":1,"turns":3},{"damage":0,"enemies":"Small Slimes","floor":4,"turns":3},{"damage":5,"enemies":"Cultist","floor":6,"turns":4},{"damage":14,"enemies":"Exordium Thugs","floor":8,"turns":4},{"damage":0,"enemies":"Looter","floor":12,"turns":3},{"damage":3,"enemies":"Blue Slaver","floor":14,"turns":3},{"damage":41,"enemies":"Slime Boss","floor":16,"turns":10},{"damage":2,"enemies":"2 Thieves","floor":18,"turns":3},{"damage":10,"enemies":"Chosen","floor":19,"turns":4},{"damage":16,"enemies":"Sentry and Sphere","floor":22,"turns":6},{"damage":13,"enemies":"Book of Stabbing","floor":24,"turns":6},{"damage":19,"enemies":"Colosseum Slavers","floor":27,"turns":5},{"damage":3,"enemies":"Chosen and Byrds","floor":29,"turns":5},{"damage":10,"enemies":"Cultist and Chosen","floor":31,"turns":6},{"damage":50,"enemies":"Champ","floor":33,"turns":15},{"damage":9,"enemies":"3 Darklings","floor":35,"turns":3},{"damage":27,"enemies":"3 Shapes","floor":36,"turns":4},{"damage":21,"enemies":"Maw","floor":38,"turns":10},{"damage":0,"enemies":"Writhing Mass","floor":39,"turns":1}],"seed_played":"-6574646627166739058","potions_obtained":[{"floor":1,"key":"Energy Potion"},{"floor":6,"key":"Explosive Potion"},{"floor":18,"key":"SpeedPotion"},{"floor":22,"key":"Dexterity Potion"},{"floor":31,"key":"Explosive Potion"}],"is_trial":false,"path_per_floor":["M","$","?","M","?","M","R","M","T","T","R","M","R","M","R","B",null,"M","M","?","$","M","R","E","R","T","?","$","M","$","M","R","B",null,"M","M","$","M","M"],"character_chosen":"DEFECT","items_purchased":["Gash","Hologram","Oddly Smooth Stone","FTL"],"campfire_rested":0,"item_purchase_floors":[2,2,21,28],"current_hp_per_floor":[81,81,81,81,81,76,76,62,62,62,62,62,62,59,59,30,82,80,70,70,70,54,54,53,53,53,56,56,63,63,63,63,35,82,82,65,65,54,54],"gold":13,"neow_bonus":"TEN_PERCENT_HP_BONUS","is_prod":false,"is_daily":false,"chose_seed":false,"campfire_upgraded":7,"win_rate":0,"timestamp":1548464182,"path_taken":["M","$","?","M","?","M","R","?","T","?","R","M","R","M","R","BOSS","M","M","?","$","M","R","E","R","T","?","?","?","$","M","R","BOSS","M","M","$","M","M"],"build_version":"2019-01-23","purchased_purges":0,"victory":false,"max_hp_per_floor":[82,82,82,82,82,82,82,82,82,82,82,82,82,82,82,82,82,82,82,82,82,82,82,82,82,82,82,82,82,82,82,82,82,82,82,82,82,82,82],"card_choices":[{"not_picked":["Leap","BootSequence"],"picked":"Genetic Algorithm","floor":1},{"not_picked":["Streamline","Scrape","Steam"],"picked":"SKIP","floor":4},{"not_picked":["Tempest","Sweeping Beam","Sunder"],"picked":"SKIP","floor":6},{"not_picked":["Reprogram","White Noise","Rip and Tear"],"picked":"SKIP","floor":8},{"not_picked":["Hyperbeam","Streamline"],"picked":"Coolheaded","floor":12},{"not_picked":["Coolheaded","Steam Power","Reprogram"],"picked":"SKIP","floor":14},{"not_picked":["Rainbow","Reboot"],"picked":"Machine Learning","floor":16},{"not_picked":["Tempest","White Noise+1","Barrage"],"picked":"SKIP","floor":18},{"not_picked":["Turbo","Streamline","Cold Snap"],"picked":"SKIP","floor":19},{"not_picked":["Sweeping Beam","Hello World","Tempest"],"picked":"SKIP","floor":22},{"not_picked":["Leap","Sweeping Beam"],"picked":"Self Repair","floor":24},{"not_picked":["Static Discharge","Hologram+1"],"picked":"Electrodynamics","floor":29},{"not_picked":["Leap+1","Cold Snap"],"picked":"Go for the Eyes","floor":31},{"not_picked":["Multi-Cast+1","Creative AI"],"picked":"All For One","floor":33},{"not_picked":["Streamline+1","Cold Snap","Coolheaded+1"],"picked":"SKIP","floor":35},{"not_picked":["Rebound","Undo+1"],"picked":"Steam+1","floor":36},{"not_picked":["Static Discharge","Glacier+1"],"picked":"Hologram+1","floor":38}],"player_experience":569322,"relics_obtained":[{"floor":9,"key":"Meat on the Bone"},{"floor":10,"key":"Bronze Scales"},{"floor":24,"key":"Toxic Egg 2"},{"floor":26,"key":"Dodecahedron"}],"event_choices":[{"damage_healed":0,"gold_gain":0,"player_choice":"Grow","damage_taken":0,"max_hp_gain":0,"max_hp_loss":0,"event_name":"Living Wall","floor":3,"gold_loss":0,"cards_upgraded":["Hologram"]},{"damage_healed":0,"gold_gain":0,"player_choice":"Bought 0 Potions","damage_taken":0,"max_hp_gain":0,"max_hp_loss":0,"event_name":"The Woman in Blue","floor":5,"gold_loss":0},{"damage_healed":0,"gold_gain":0,"player_choice":"Ignored","damage_taken":0,"max_hp_gain":0,"max_hp_loss":0,"event_name":"Beggar","floor":20,"gold_loss":0},{"damage_healed":0,"gold_gain":0,"player_choice":"Fight","damage_taken":0,"max_hp_gain":0,"max_hp_loss":0,"event_name":"Colosseum","floor":27,"gold_loss":0},{"damage_healed":0,"gold_gain":0,"player_choice":"Fled From Nobs","damage_taken":0,"max_hp_gain":0,"max_hp_loss":0,"event_name":"Colosseum","floor":27,"gold_loss":0}],"is_beta":false,"boss_relics":[{"not_picked":["White Beast Statue","Philosopher\u0027s Stone"],"picked":"Ectoplasm"},{"not_picked":["Black Star","Tiny House"],"picked":"Eternal Feather"}],"items_purged_floors":[],"is_endless":false,"potions_floor_spawned":[1,6,18,22,29,31],"killed_by":"Writhing Mass","ascension_level":0}