{"path_per_floor":["M","$","?","M","M","R","E","R","T","?","M","?","$","M","R","B",null,"M","M","M","M","?","R","M","R","T","E","$","M","R","M","R","B",null,"M","M","$","M","M","R","M","?","T","M","R"],"character_chosen":"THE_SILENT","items_purchased":["Noxious Fumes","Noxious Fumes","Weak Potion","Fire Potion","Good Instincts"],"gold_per_floor":[117,6,6,18,28,28,61,61,61,61,75,75,6,24,24,126,126,138,151,166,180,95,95,105,105,158,183,26,42,42,61,61,157,157,169,182,4,18,29,29,44,44,344,358,358],"floor_reached":46,"campfire_rested":4,"playtime":5729,"current_hp_per_floor":[70,70,63,63,63,63,43,43,43,36,36,36,36,22,43,50,65,51,44,31,24,24,45,42,63,63,59,59,53,53,53,53,64,69,64,64,64,63,60,60,42,42,42,21,42],"items_purged":["Strike_G","Strike_G","Defend_G"],"gold":358,"play_id":"3abb219d-488e-44db-8493-887e19bb5346","is_prod":false,"is_daily":false,"is_ascension_mode":true,"campfire_upgraded":5,"path_taken":["M","$","?","M","M","R","E","R","T","?","M","?","$","M","R","BOSS","M","M","M","M","?","R","M","R","T","E","$","?","R","M","R","BOSS","M","?","$","M","M","R","M","?","T","M","R","E"],"build_version":"2018-01-26-BETA1","purchased_purges":4,"victory":false,"master_deck":["Defend_G","Defend_G","Survivor","Neutralize+1","Tactician","Dagger Throw","Noxious Fumes+1","After Image+1","Footwork+1","Deflect","Backflip+1","Bouncing Flask","Noxious Fumes","Adrenaline","Endless Agony+1","Dash+1","Slice+1","Well Laid Plans","Dagger Spray","Bane+1","Tools of the Trade","Catalyst","Good Instincts","Parasite"],"max_hp_per_floor":[70,70,70,70,70,70,70,70,70,70,70,70,70,70,70,70,70,70,70,70,70,70,70,70,70,70,70,70,70,70,70,70,70,70,70,70,70,70,70,70,70,70,70,70,70],"relics":["Ring of the Snake","Pantograph","Du-Vu Doll","Astrolabe","The Courier","Bag of Marbles","Girya","Cursed Key","Old Coin"],"card_choices":[{"not_picked":["Slice","Bane"],"picked":"Dagger Throw"},{"not_picked":["Prepared","Deadly Poison"],"picked":"After Image"},{"not_picked":["Flying Knee","Deflect"],"picked":"Footwork"},{"not_picked":["Crippling Poison","Dodge and Roll"],"picked":"Deflect"},{"not_picked":["Blade Dance","Poisoned Stab"],"picked":"Backflip"},{"not_picked":["Bullet Time","After Image"],"picked":"Adrenaline"},{"not_picked":["Calculated Gamble","PiercingWail"],"picked":"Slice"},{"not_picked":["Reflex","PiercingWail"],"picked":"Well Laid Plans"},{"not_picked":["Quick Slash","Poisoned Stab"],"picked":"Dagger Spray"},{"not_picked":["Flechettes","Underhanded Strike"],"picked":"Bane"},{"not_picked":["Die Die Die","Venomology"],"picked":"Tools of the Trade"},{"not_picked":["Heel Hook","Underhanded Strike"],"picked":"Catalyst"}],"player_experience":79605,"potions_floor_usage":[7,16,18,24,29,31,33,35,39,41,46],"damage_taken":[{"damage":0,"enemies":"Blue Slaver","floor":1,"turns":8},{"damage":0,"enemies":"Jaw Worm","floor":4,"turns":3},{"damage":0,"enemies":"Cultist","floor":5,"turns":4},{"damage":20,"enemies":"Gremlin Nob","floor":7,"turns":5},{"damage":0,"enemies":"Looter","floor":11,"turns":4},{"damage":14,"enemies":"Lots of Slimes","floor":14,"turns":4},{"damage":18,"enemies":"The Guardian","floor":16,"turns":9},{"damage":14,"enemies":"2 Thieves","floor":18,"turns":4},{"damage":7,"enemies":"3 Byrds","floor":19,"turns":4},{"damage":13,"enemies":"Slaver and Parasite","floor":20,"turns":7},{"damage":7,"enemies":"Centurion and Healer","floor":21,"turns":11},{"damage":15,"enemies":"Snecko","floor":24,"turns":5},{"damage":4,"enemies":"Gremlin Leader","floor":27,"turns":8},{"damage":6,"enemies":"3 Cultists","floor":29,"turns":4},{"damage":0,"enemies":"Centurion and Healer","floor":31,"turns":5},{"damage":6,"enemies":"Automaton","floor":33,"turns":11},{"damage":5,"enemies":"3 Shapes","floor":35,"turns":4},{"damage":0,"enemies":"Orb Walker","floor":36,"turns":3},{"damage":1,"enemies":"Flame Bruiser 2 Orb","floor":38,"turns":5},{"damage":18,"enemies":"4 Shapes","floor":39,"turns":6},{"damage":18,"enemies":"Sphere and 2 Shapes","floor":41,"turns":4},{"damage":21,"enemies":"Spire Growth","floor":44,"turns":5},{"damage":57,"enemies":"2 Orb Walkers","floor":46,"turns":4}],"event_choices":[{"event_name":"Wheel of Change","player_choice":"Damage","floor":3,"damage_taken":0},{"event_name":"Golden Wing","player_choice":"Card Removal","floor":10,"damage_taken":0},{"event_name":"Transmorgrifier","player_choice":"Transform","floor":12,"damage_taken":0},{"event_name":"Addict","player_choice":"Obtained Relic","floor":22,"damage_taken":0}],"boss_relics":[{"not_picked":["Question Card","The Specimen"],"picked":"Astrolabe"},{"not_picked":["Black Star","Tiny House"],"picked":"Cursed Key"}],"potions_floor_spawned":[5,11,16,18,21,31,35,36,44],"seed_played":"-980773788267237320","killed_by":"2 Orb Walkers","ascension_level":5,"is_trial":false}