{"gold_per_floor":[115,130,148,160,160,160,107,119,119,119,131,53,75,107,107,207,207,221,221,238,252,172,172],"floor_reached":23,"playtime":523,"items_purged":[],"score":243,"play_id":"37733865-1d6f-4714-8b75-f8dcaae7d200","local_time":"20180815023347","is_ascension_mode":false,"campfire_choices":[{"data":"Bash","floor":6,"key":"SMITH"},{"data":"Perfected Strike","floor":10,"key":"SMITH"},{"data":"Inflame","floor":15,"key":"SMITH"}],"neow_cost":"NONE","seed_source_timestamp":35163763023075,"circlet_count":0,"master_deck":["Strike_R","Strike_R","Strike_R","Strike_R","Strike_R","Defend_R","Defend_R","Defend_R","Defend_R","Bash+1","Perfected Strike+1","Thunderclap","Whirlwind","Inflame+1","Evolve","Intimidate","Perfected Strike","Battle Trance"],"relics":["Burning Blood","Anchor","Charon\u0027s Ashes","Odd Mushroom","Turnip","Orrery","Ice Cream"],"potions_floor_usage":[16,18],"damage_taken":[{"damage":1,"enemies":"Jaw Worm","floor":1,"turns":2},{"damage":6,"enemies":"2 Louse","floor":2,"turns":3},{"damage":5,"enemies":"Cultist","floor":3,"turns":4},{"damage":26,"enemies":"Exordium Thugs","floor":4,"turns":7},{"damage":0,"enemies":"3 Louse","floor":8,"turns":3},{"damage":0,"enemies":"Exordium Wildlife","floor":11,"turns":2},{"damage":9,"floor":13,"turns":3},{"damage":12,"enemies":"3 Sentries","floor":14,"turns":4},{"damage":0,"enemies":"Slime Boss","floor":16,"turns":6},{"damage":20,"enemies":"2 Thieves","floor":18,"turns":4},{"damage":30,"enemies":"Spheric Guardian","floor":20,"turns":4},{"damage":31,"enemies":"Snake Plant","floor":21,"turns":4},{"damage":22,"enemies":"Slavers","floor":23,"turns":1}],"seed_played":"8617125108805302288","potions_obtained":[{"floor":1,"key":"AttackPotion"},{"floor":8,"key":"SteroidPotion"},{"floor":13,"key":"LiquidBronze"}],"is_trial":false,"path_per_floor":["M","M","M","M","$","R","$","M","T","R","M","$","?","E","R","B",null,"M","?","M","M","$"],"character_chosen":"IRONCLAD","items_purchased":["Thunderclap","Inflame","Battle Trance"],"campfire_rested":0,"item_purchase_floors":[7,12,22],"current_hp_per_floor":[80,80,80,60,60,60,60,66,66,66,72,72,69,63,63,69,80,66,66,42,17,17,0],"gold":172,"neow_bonus":"RANDOM_COMMON_RELIC","is_prod":false,"is_daily":false,"chose_seed":false,"campfire_upgraded":3,"win_rate":0,"timestamp":1534289627,"path_taken":["M","M","M","M","$","R","$","M","T","R","M","$","?","E","R","BOSS","M","?","M","M","$","E"],"build_version":"2018-08-09","purchased_purges":0,"victory":false,"max_hp_per_floor":[80,80,80,80,80,80,80,80,80,80,80,80,80,80,80,80,80,80,80,80,80,80,80],"card_choices":[{"not_picked":["Reckless Charge","Warcry","Clash"],"picked":"SKIP","floor":1},{"not_picked":["Seeing Red","Iron Wave","Flex"],"picked":"SKIP","floor":2},{"not_picked":["Flex","Pummel","Heavy Blade"],"picked":"SKIP","floor":3},{"not_picked":["Havoc","Anger"],"picked":"Perfected Strike","floor":4},{"not_picked":["Fiend Fire","Dropkick"],"picked":"Whirlwind","floor":8},{"not_picked":["Body Slam","Anger","True Grit"],"picked":"SKIP","floor":11},{"not_picked":["Clash","Fire Breathing"],"picked":"Evolve","floor":13},{"not_picked":["Entrench","Impervious"],"picked":"Intimidate","floor":14},{"not_picked":["Heavy Blade","Metallicize"],"picked":"Perfected Strike","floor":17},{"not_picked":["Shrug It Off","Anger","Thunderclap+1"],"picked":"SKIP","floor":18},{"not_picked":["Body Slam","Whirlwind","Seeing Red"],"picked":"SKIP","floor":20},{"not_picked":["Shockwave","Headbutt","Armaments"],"picked":"SKIP","floor":21}],"player_experience":307120,"relics_obtained":[{"floor":9,"key":"Charon\u0027s Ashes"},{"floor":13,"key":"Odd Mushroom"},{"floor":14,"key":"Turnip"}],"event_choices":[{"event_name":"Mushrooms","player_choice":"Fought Mushrooms","floor":13,"damage_taken":0},{"event_name":"Wheel of Change","player_choice":"Relic","floor":19,"damage_taken":0}],"is_beta":false,"boss_relics":[{"not_picked":["Black Star","Snecko Eye"],"picked":"Orrery"}],"items_purged_floors":[],"is_endless":false,"potions_floor_spawned":[1,8,13],"killed_by":"Slavers","ascension_level":0}