{"path_per_floor":["M","?","M","M","$","R","M","E","T","R","?","$","?","M","R","B",null,"M","?"],"character_chosen":"IRONCLAD","items_purchased":["Armaments","Battle Trance"],"gold_per_floor":[119,119,138,149,29,29,42,101,125,125,125,55,5,22,22,123,123,143,143,143],"floor_reached":20,"campfire_rested":1,"playtime":1421,"item_purchase_floors":[5,12],"current_hp_per_floor":[54,35,35,38,38,38,39,27,27,55,55,55,55,51,51,23,96,96,96,92],"items_purged":["Strike_R"],"gold":143,"score":197,"play_id":"e095eff3-2f63-405b-a038-875ff660fa5f","local_time":"20180520005829","is_prod":false,"is_daily":false,"chose_seed":false,"is_ascension_mode":false,"campfire_upgraded":2,"timestamp":1526770709,"campfire_choices":[{"data":"Armaments","floor":6,"key":"SMITH"},{"floor":10,"key":"REST"},{"data":"Inflame","floor":15,"key":"SMITH"}],"path_taken":["M","?","M","M","$","R","?","E","T","R","?","?","?","?","R","BOSS","M","?","M"],"build_version":"2018-05-18","seed_source_timestamp":30067864050194,"purchased_purges":1,"victory":false,"master_deck":["Strike_R","Strike_R+1","Strike_R","Strike_R","Defend_R","Defend_R","Defend_R+1","Bash","Body Slam","Flex","Inflame+1","Armaments+1","Shrug It Off+1","Iron Wave","Battle Trance","Offering","Spot Weakness"],"max_hp_per_floor":[96,96,96,96,96,96,96,96,96,96,96,96,96,96,96,96,96,96,96,96],"relics":["Burning Blood","Tiny Chest","Orichalcum","Velvet Choker"],"card_choices":[{"not_picked":["Sword Boomerang","Clash"],"picked":"Body Slam","floor":1},{"not_picked":["Pummel","Combust"],"picked":"Flex","floor":3},{"not_picked":["Havoc","Second Wind"],"picked":"Inflame","floor":4},{"not_picked":["Iron Wave","Wild Strike"],"picked":"Shrug It Off","floor":7},{"not_picked":["Heavy Blade","Dual Wield"],"picked":"Iron Wave","floor":8},{"not_picked":["Feel No Pain","Clothesline","Sword Boomerang"],"picked":"SKIP","floor":14},{"not_picked":["Brutality","Exhume"],"picked":"Offering","floor":16},{"not_picked":["Perfected Strike","Havoc"],"picked":"Spot Weakness","floor":18}],"player_experience":427349,"potions_floor_usage":[8,14],"damage_taken":[{"damage":0,"enemies":"Small Slimes","floor":1,"turns":4},{"damage":6,"enemies":"Cultist","floor":3,"turns":3},{"damage":3,"enemies":"Jaw Worm","floor":4,"turns":3},{"damage":5,"enemies":"2 Fungi Beasts","floor":7,"turns":5},{"damage":18,"enemies":"Lagavulin","floor":8,"turns":7},{"damage":10,"enemies":"Exordium Thugs","floor":14,"turns":6},{"damage":34,"enemies":"The Guardian","floor":16,"turns":9},{"damage":4,"enemies":"Chosen","floor":18,"turns":3},{"damage":4,"enemies":"3 Byrds","floor":20,"turns":3}],"relics_obtained":[{"floor":8,"key":"Tiny Chest"},{"floor":9,"key":"Orichalcum"}],"event_choices":[{"event_name":"Shining Light","player_choice":"Entered Light","floor":2,"damage_taken":0},{"event_name":"Living Wall","player_choice":"Grow","floor":11,"damage_taken":0},{"event_name":"The Cleric","player_choice":"Card Removal","floor":13,"damage_taken":0},{"event_name":"Drug Dealer","player_choice":"Ignored","floor":19,"damage_taken":0}],"boss_relics":[{"not_picked":["Pandora\u0027s Box","Philosopher\u0027s Stone"],"picked":"Velvet Choker"}],"items_purged_floors":[5],"potions_floor_spawned":[7,8,16],"seed_played":"-4747937206898073311","killed_by":"3 Byrds","ascension_level":0,"potions_obtained":[{"floor":7,"key":"SpeedPotion"},{"floor":8,"key":"EssenceOfSteel"},{"floor":16,"key":"BloodPotion"}],"is_trial":false}