{"gold_per_floor":[117,133,151,151,169,203,265,265,265,297,297,145,171,171,171,275,275,290,306,9,19,33,64,64,64,64,95,95,95,95,95,95,191,191,204,5,5,16,30,61,71,102,102,135,135,210,210,15,15,15],"floor_reached":51,"playtime":3361,"items_purged":["Strike_B","Dualcast"],"score":1126,"play_id":"e39f136b-7ae2-41e0-b1f8-25829ca3fd7e","local_time":"20190225230732","is_ascension_mode":true,"campfire_choices":[{"floor":8,"key":"REST"},{"data":"Conserve Battery","floor":11,"key":"SMITH"},{"data":"Capacitor","floor":15,"key":"SMITH"},{"data":"Go for the Eyes","floor":24,"key":"SMITH"},{"floor":28,"key":"REST"},{"data":"Ball Lightning","floor":30,"key":"SMITH"},{"data":"Cold Snap","floor":32,"key":"SMITH"},{"data":"Deep Breath","floor":45,"key":"SMITH"},{"data":"Electrodynamics","floor":47,"key":"SMITH"},{"data":"FTL","floor":49,"key":"SMITH"}],"neow_cost":"NONE","seed_source_timestamp":30270214715193,"circlet_count":0,"master_deck":["Strike_B+1","Strike_B+1","Strike_B+1","Defend_B+1","Defend_B+1","Defend_B+1","Defend_B+1","Zap","Deep Breath+1","Cold Snap+1","Conserve Battery+1","Go for the Eyes+1","Ball Lightning+1","Conserve Battery+1","Chill+1","Capacitor+1","Seek+1","Redo+1","Ball Lightning+1","Conserve Battery+1","FTL+1","Defragment+1","Defragment+1","Electrodynamics+1","FTL+1","Cold Snap+1","Barrage+1","Secret Weapon+1"],"relics":["Cracked Core","Bag of Preparation","Toxic Egg 2","Strawberry","Bronze Scales","Mango","Singing Bowl","Nuclear Battery","War Paint","Boot","Blue Candle","Calipers","Sozu","Runic Capacitor","PreservedInsect","Oddly Smooth Stone","Emotion Chip","Pantograph"],"potions_floor_usage":[6,13,19,50,50],"damage_taken":[{"damage":0,"enemies":"2 Louse","floor":1,"turns":3},{"damage":8,"enemies":"Small Slimes","floor":2,"turns":2},{"damage":2,"enemies":"Jaw Worm","floor":3,"turns":3},{"damage":7,"enemies":"Blue Slaver","floor":5,"turns":3},{"damage":10,"enemies":"Gremlin Nob","floor":6,"turns":4},{"damage":25,"enemies":"Lagavulin Event","floor":7,"turns":6},{"damage":0,"enemies":"Lagavulin","floor":10,"turns":5},{"damage":0,"enemies":"3 Sentries","floor":13,"turns":6},{"damage":21,"enemies":"Slime Boss","floor":16,"turns":9},{"damage":0,"enemies":"Shell Parasite","floor":18,"turns":6},{"damage":6,"enemies":"2 Thieves","floor":19,"turns":4},{"damage":0,"enemies":"Shelled Parasite and Fungi","floor":21,"turns":6},{"damage":5,"enemies":"Snake Plant","floor":22,"turns":4},{"damage":11,"enemies":"Slavers","floor":23,"turns":6},{"damage":58,"enemies":"Gremlin Leader","floor":27,"turns":8},{"damage":0,"enemies":"Champ","floor":33,"turns":9},{"damage":0,"enemies":"Orb Walker","floor":35,"turns":3},{"damage":0,"enemies":"3 Darklings","floor":38,"turns":4},{"damage":17,"enemies":"Maw","floor":39,"turns":5},{"damage":0,"enemies":"Giant Head","floor":40,"turns":9},{"damage":0,"enemies":"4 Shapes","floor":41,"turns":3},{"damage":0,"enemies":"Reptomancer","floor":42,"turns":4},{"damage":0,"enemies":"Giant Head","floor":44,"turns":7},{"damage":1,"enemies":"Awakened One","floor":50,"turns":11}],"seed_played":"-5261828665660783075","potions_obtained":[{"floor":3,"key":"Explosive Potion"},{"floor":5,"key":"Weak Potion"},{"floor":10,"key":"Regen Potion"},{"floor":16,"key":"Weak Potion"},{"floor":21,"key":"SmokeBomb"},{"floor":27,"key":"Explosive Potion"},{"floor":33,"key":"Explosive Potion"}],"is_trial":false,"path_per_floor":["M","M","M","?","M","E","?","R","T","E","R","$","E","?","R","B",null,"M","M","$","M","M","E","R","$","T","E","R","?","R","?","R","B",null,"M","$","?","M","M","E","M","E","T","E","R","?","R","$","R","B",null],"character_chosen":"DEFECT","items_purchased":["Capacitor","Conserve Battery+1","War Paint","Runic Capacitor","Secret Weapon+1"],"campfire_rested":2,"item_purchase_floors":[12,20,20,36,48],"current_hp_per_floor":[75,67,65,62,55,45,27,51,51,65,65,65,82,87,87,66,103,103,97,97,99,96,85,85,85,85,27,59,59,59,59,59,59,107,107,107,102,104,87,87,89,91,91,93,93,82,82,82,82,106],"gold":15,"neow_bonus":"RANDOM_COLORLESS","is_prod":false,"is_daily":false,"chose_seed":false,"campfire_upgraded":8,"win_rate":0,"timestamp":1551132452,"path_taken":["M","M","M","?","M","E","?","R","T","E","R","$","E","?","R","BOSS","M","M","$","M","M","E","R","$","T","E","R","?","R","?","R","BOSS","M","?","?","M","M","E","M","E","T","E","R","?","R","$","R","BOSS"],"build_version":"2019-01-23","purchased_purges":2,"victory":true,"max_hp_per_floor":[75,75,75,75,75,75,82,82,82,96,96,96,98,103,103,103,103,103,103,103,105,107,107,107,107,107,107,107,107,107,107,107,107,107,107,107,102,104,104,104,106,108,108,110,110,110,110,110,110,110],"card_choices":[{"not_picked":["Go for the Eyes","Self Repair"],"picked":"Cold Snap","floor":1},{"not_picked":["Loop","Genetic Algorithm"],"picked":"Conserve Battery","floor":2},{"not_picked":["Steam","Chaos"],"picked":"Go for the Eyes","floor":3},{"not_picked":["White Noise","Loop"],"picked":"Ball Lightning","floor":5},{"not_picked":["Compile Driver","Go for the Eyes","Static Discharge"],"picked":"SKIP","floor":6},{"not_picked":["Hyperbeam","Redo+1"],"picked":"Conserve Battery+1","floor":7},{"not_picked":["Ball Lightning","Cold Snap"],"picked":"Chill+1","floor":10},{"not_picked":["Multi-Cast+1","Heatsinks","Lockon"],"picked":"Singing Bowl","floor":13},{"not_picked":["Fission+1","Biased Cognition"],"picked":"Seek+1","floor":16},{"not_picked":["Rebound","Darkness+1"],"picked":"Redo+1","floor":18},{"not_picked":["Coolheaded+1","Steam+1"],"picked":"Ball Lightning+1","floor":19},{"not_picked":["Beam Cell","Go for the Eyes+1","Skim+1"],"picked":"Singing Bowl","floor":21},{"not_picked":["Cold Snap","Leap+1","Redo+1"],"picked":"Singing Bowl","floor":22},{"not_picked":["Steam+1","Coolheaded+1"],"picked":"FTL","floor":23},{"not_picked":["All For One","Rebound"],"picked":"Defragment+1","floor":27},{"not_picked":["Thunder Strike","Core Surge"],"picked":"Electrodynamics","floor":33},{"not_picked":["Sunder","Steam+1"],"picked":"FTL+1","floor":35},{"not_picked":["Chaos+1","Sweeping Beam","Rebound"],"picked":"Singing Bowl","floor":38},{"not_picked":["Force Field+1","Sunder+1"],"picked":"Cold Snap+1","floor":39},{"not_picked":["Coolheaded+1","Darkness+1"],"picked":"Barrage+1","floor":40},{"not_picked":["Rebound","Stack+1","Compile Driver"],"picked":"Singing Bowl","floor":41},{"not_picked":["Tempest+1","Hologram+1","Glacier+1"],"picked":"Singing Bowl","floor":42},{"not_picked":["Meteor Strike","Rebound+1","Leap+1"],"picked":"Singing Bowl","floor":44}],"player_experience":288136,"relics_obtained":[{"floor":6,"key":"Toxic Egg 2"},{"floor":7,"key":"Strawberry"},{"floor":9,"key":"Bronze Scales"},{"floor":10,"key":"Mango"},{"floor":13,"key":"Singing Bowl"},{"floor":23,"key":"Boot"},{"floor":26,"key":"Blue Candle"},{"floor":27,"key":"Calipers"},{"floor":40,"key":"PreservedInsect"},{"floor":42,"key":"Oddly Smooth Stone"},{"floor":43,"key":"Emotion Chip"},{"floor":44,"key":"Pantograph"}],"event_choices":[{"damage_healed":0,"gold_gain":0,"player_choice":"Success","damage_taken":3,"relics_obtained":["Bag of Preparation"],"max_hp_gain":0,"max_hp_loss":0,"event_name":"Scrap Ooze","floor":4,"gold_loss":0},{"damage_healed":0,"gold_gain":0,"player_choice":"Searched \u00271\u0027 times","damage_taken":0,"max_hp_gain":0,"max_hp_loss":0,"event_name":"Dead Adventurer","floor":7,"gold_loss":0},{"damage_healed":0,"gold_gain":0,"player_choice":"Donut","damage_taken":0,"max_hp_gain":5,"max_hp_loss":0,"event_name":"Big Fish","floor":14,"gold_loss":0},{"damage_healed":0,"gold_gain":0,"player_choice":"Simplicity","damage_taken":0,"max_hp_gain":0,"max_hp_loss":0,"event_name":"Back to Basics","floor":29,"gold_loss":0,"cards_upgraded":["Strike_B","Strike_B","Strike_B","Defend_B","Defend_B"]},{"damage_healed":0,"gold_gain":0,"player_choice":"Copied","damage_taken":0,"max_hp_gain":0,"max_hp_loss":0,"event_name":"Duplicator","floor":31,"gold_loss":0,"cards_obtained":["Defragment"]},{"damage_healed":0,"gold_gain":0,"player_choice":"Max HP","damage_taken":0,"max_hp_gain":0,"max_hp_loss":5,"event_name":"Winding Halls","floor":37,"gold_loss":0},{"damage_healed":0,"gold_gain":75,"player_choice":"Touch","damage_taken":11,"max_hp_gain":0,"max_hp_loss":0,"event_name":"FaceTrader","floor":46,"gold_loss":0}],"is_beta":false,"boss_relics":[{"not_picked":["Calling Bell","Coffee Dripper"],"picked":"Nuclear Battery"},{"not_picked":["Eternal Feather","Fusion Hammer"],"picked":"Sozu"}],"items_purged_floors":[12,20],"is_endless":false,"potions_floor_spawned":[3,5,10,16,21,27,33,35,41,42],"ascension_level":3}