{"gold_per_floor":[114,77,90,90,101,101,117,127,173,173,189,203,232,251,251,347,347,287,287,287,34,34,34,34,34,34,34,34,34,34,34,34,34],"floor_reached":33,"playtime":835,"items_purged":[],"score":291,"play_id":"b630950b-178b-4eb3-9c5f-17bf49ab41ab","local_time":"20180726085143","is_ascension_mode":false,"campfire_choices":[{"data":"Bash","floor":6,"key":"SMITH"},{"data":"Battle Trance","floor":10,"key":"SMITH"},{"data":"Spot Weakness","floor":15,"key":"SMITH"},{"data":"Anger","floor":24,"key":"SMITH"},{"data":"Anger","floor":28,"key":"SMITH"},{"data":"Anger","floor":32,"key":"SMITH"}],"neow_cost":"FIFTY_PERCENT_DAMAGE","seed_source_timestamp":53753490928789,"circlet_count":0,"master_deck":["Strike_R+1","Strike_R","Strike_R","Strike_R","Strike_R+1","Defend_R","Defend_R","Defend_R","Defend_R","Bash+1","Thunderclap","Twin Strike","Twin Strike","Shrug It Off","Battle Trance+1","Anger+1","Spot Weakness+1","Anger+1","Anger+1","Pommel Strike","Thunderclap","Headbutt+1"],"relics":["Burning Blood","Nunchaku","Red Skull","Bottled Lightning","Ectoplasm","Gremlin Horn","Whetstone","Tiny Chest","Dream Catcher"],"potions_floor_usage":[20],"damage_taken":[{"damage":5,"enemies":"2 Louse","floor":1,"turns":4},{"damage":0,"enemies":"Small Slimes","floor":3,"turns":4},{"damage":11,"enemies":"Jaw Worm","floor":5,"turns":2},{"damage":15,"enemies":"3 Louse","floor":7,"turns":4},{"damage":10,"enemies":"Looter","floor":8,"turns":2},{"damage":5,"enemies":"Red Slaver","floor":11,"turns":2},{"damage":0,"enemies":"Gremlin Gang","floor":12,"turns":3},{"damage":6,"enemies":"3 Sentries","floor":13,"turns":4},{"damage":8,"enemies":"Exordium Thugs","floor":14,"turns":3},{"damage":22,"enemies":"The Guardian","floor":16,"turns":6},{"damage":23,"enemies":"2 Thieves","floor":18,"turns":4},{"damage":19,"enemies":"Spheric Guardian","floor":19,"turns":4},{"damage":7,"enemies":"Snecko","floor":22,"turns":3},{"damage":17,"enemies":"Gremlin Leader","floor":23,"turns":4},{"damage":10,"enemies":"Cultist and Chosen","floor":27,"turns":3},{"damage":22,"enemies":"Centurion and Healer","floor":30,"turns":4},{"damage":16,"enemies":"Slavers","floor":31,"turns":3},{"damage":82,"enemies":"Champ","floor":33,"turns":6}],"seed_played":"3371448816027972900","potions_obtained":[{"floor":3,"key":"BloodPotion"},{"floor":8,"key":"Strength Potion"},{"floor":16,"key":"Fruit Juice"},{"floor":18,"key":"Regen Potion"},{"floor":19,"key":"FairyPotion"},{"floor":23,"key":"SkillPotion"},{"floor":30,"key":"Energy Potion"}],"is_trial":false,"path_per_floor":["M","$","M","?","M","R","M","M","T","R","M","M","E","M","R","B",null,"M","M","?","$","M","E","R","?","T","M","R","$","M","E","R"],"character_chosen":"IRONCLAD","items_purchased":["Rampage","Gremlin Horn"],"campfire_rested":0,"item_purchase_floors":[2,21],"current_hp_per_floor":[41,41,47,47,42,42,33,29,29,29,30,36,36,34,34,18,80,63,50,55,55,54,43,43,85,85,81,81,81,65,55,55,0],"gold":34,"neow_bonus":"ONE_RARE_RELIC","is_prod":false,"is_daily":false,"chose_seed":false,"campfire_upgraded":6,"win_rate":0,"timestamp":1532584303,"path_taken":["M","$","M","?","M","R","M","M","T","R","M","M","E","M","R","BOSS","M","M","?","$","M","E","R","?","T","?","R","$","M","E","R","BOSS"],"build_version":"2018-07-19v2","purchased_purges":0,"victory":false,"max_hp_per_floor":[80,80,80,80,80,80,80,80,80,80,80,80,80,80,80,80,80,80,80,85,85,85,85,85,85,85,85,85,85,85,85,85,85],"card_choices":[{"not_picked":["Heavy Blade","Searing Blow"],"picked":"Thunderclap","floor":1},{"not_picked":["Body Slam","Havoc"],"picked":"Twin Strike","floor":3},{"not_picked":["Warcry","Anger"],"picked":"Twin Strike","floor":5},{"not_picked":["Infernal Blade","Brutality"],"picked":"Shrug It Off","floor":7},{"not_picked":["Evolve","Sentinel"],"picked":"Battle Trance","floor":8},{"not_picked":["Bloodletting","Flame Barrier"],"picked":"Anger","floor":11},{"not_picked":["Shrug It Off","Searing Blow","Clash"],"picked":"SKIP","floor":12},{"not_picked":["Metallicize","Blood for Blood","Corruption"],"picked":"SKIP","floor":13},{"not_picked":["Havoc","Burning Pact"],"picked":"Spot Weakness","floor":14},{"not_picked":["Seeing Red","Rage"],"picked":"Anger","floor":18},{"not_picked":["Wild Strike","Rampage+1","Heavy Blade"],"picked":"SKIP","floor":19},{"not_picked":["Clash+1","Shockwave","Anger"],"picked":"SKIP","floor":22},{"not_picked":["Clash+1","Shockwave"],"picked":"Anger","floor":22},{"not_picked":["Second Wind","Flex","Immolate"],"picked":"SKIP","floor":23},{"not_picked":["Anger","Flex"],"picked":"Pommel Strike","floor":27},{"not_picked":["Warcry","Brutality"],"picked":"Thunderclap","floor":30},{"not_picked":["Clash+1","Ghostly Armor"],"picked":"Headbutt+1","floor":31}],"player_experience":219264,"relics_obtained":[{"floor":9,"key":"Red Skull"},{"floor":13,"key":"Bottled Lightning"},{"floor":23,"key":"Whetstone"},{"floor":26,"key":"Tiny Chest"},{"floor":31,"key":"Dream Catcher"}],"event_choices":[{"event_name":"Living Wall","player_choice":"Grow","floor":4,"damage_taken":0},{"event_name":"Beggar","player_choice":"Ignored","floor":20,"damage_taken":0},{"event_name":"Bonfire Elementals","player_choice":"UNCOMMON","floor":25,"damage_taken":0}],"is_beta":false,"boss_relics":[{"not_picked":["Runic Pyramid","Tiny House"],"picked":"Ectoplasm"}],"items_purged_floors":[],"is_endless":false,"potions_floor_spawned":[3,8,16,18,19,23,30],"killed_by":"Champ","ascension_level":0}