{"path_per_floor":["M","$","?","M","M","E","M","R","T","M","?","E","M","M","R","B",null,"M","?","$","M","M","R","M","$","T","?","M","M","R","M","R","B",null,"M","?","M","M","M","$","R","E","T","R"],"character_chosen":"THE_SILENT","items_purchased":["Footwork","Turnip","Bandage Up"],"gold_per_floor":[109,109,109,123,136,166,182,182,209,223,223,250,262,281,281,382,382,392,392,263,278,296,296,316,27,102,102,121,138,138,157,157,257,257,267,267,284,300,316,160,160,191,214,214,214],"floor_reached":45,"campfire_rested":1,"playtime":4285,"item_purchase_floors":[20,25,40],"current_hp_per_floor":[68,67,71,70,69,68,67,66,65,64,63,50,50,50,50,50,57,56,55,54,50,50,50,48,48,48,47,47,47,46,46,45,16,44,10,21,13,8,9,9,31,17,17,27,0],"items_purged":["Normality","Writhe"],"gold":214,"score":561,"play_id":"81fe7283-526e-4747-b4be-242b69bcd8bd","local_time":"20180626122026","daily_mods":["Draft","Lethality","Terminal"],"is_prod":false,"is_daily":false,"chose_seed":true,"is_ascension_mode":false,"campfire_upgraded":6,"win_rate":0,"timestamp":1530008426,"campfire_choices":[{"data":"Accuracy","floor":8,"key":"SMITH"},{"data":"Envenom","floor":15,"key":"SMITH"},{"data":"Footwork","floor":23,"key":"SMITH"},{"data":"Venomology","floor":30,"key":"SMITH"},{"data":"Backflip","floor":32,"key":"SMITH"},{"floor":41,"key":"REST"},{"data":"Storm of Steel","floor":44,"key":"SMITH"}],"path_taken":["M","$","?","?","M","E","M","R","T","M","?","E","M","M","R","BOSS","M","?","?","?","M","R","M","$","T","?","?","M","R","M","R","BOSS","M","?","M","M","M","$","R","E","T","R","M"],"build_version":"2018-06-21","seed_source_timestamp":101453237003860,"purchased_purges":2,"circlet_count":0,"victory":false,"master_deck":["Dash+1","Poisoned Stab+1","Cloak And Dagger+1","Flying Knee","PiercingWail","Infinite Blades","Escape Plan","Expertise","Noxious Fumes","Dash","Quick Slash","Backflip+1","Dodge and Roll","Sucker Punch","Deflect","Well Laid Plans","Accuracy+1","Cloak And Dagger+1","Blade Dance","Cloak And Dagger","Envenom+1","Venomology+1","Footwork+1","Deadly Poison","Backflip+1","Storm of Steel+1","Deflect+1","Bandage Up","Cloak And Dagger+1"],"max_hp_per_floor":[68,67,71,70,69,68,67,66,65,64,63,62,61,60,59,58,57,56,55,54,53,52,51,50,49,48,47,47,47,46,46,45,45,44,44,43,43,43,43,42,41,41,40,39,39],"special_seed":29952015251857,"relics":["Ring of the Snake","Dream Catcher","Whetstone","Calling Bell","Smiling Mask","War Paint","The Specimen","Nloth\u0027s Gift","Turnip","Shuriken","FaceOfCleric","Eternal Feather","Meat on the Bone","Anchor"],"card_choices":[{"not_picked":["Bane","Acrobatics"],"picked":"Dash","floor":0},{"not_picked":["Reflex","Riddle With Holes"],"picked":"Poisoned Stab","floor":0},{"not_picked":["Infinite Blades","Blade Dance"],"picked":"Cloak And Dagger","floor":0},{"not_picked":["Heel Hook","Endless Agony"],"picked":"Flying Knee","floor":0},{"not_picked":["Outmaneuver","Acrobatics"],"picked":"PiercingWail","floor":0},{"not_picked":["Slice","Flying Knee"],"picked":"Infinite Blades","floor":0},{"not_picked":["Heel Hook","Outmaneuver"],"picked":"Escape Plan","floor":0},{"not_picked":["PiercingWail","Heel Hook"],"picked":"Expertise","floor":0},{"not_picked":["Backflip","Flying Knee"],"picked":"Noxious Fumes","floor":0},{"not_picked":["Predator","Quick Slash"],"picked":"Dash","floor":0},{"not_picked":["Concentrate","Riddle With Holes"],"picked":"Quick Slash","floor":0},{"not_picked":["PiercingWail","Bane"],"picked":"Backflip","floor":0},{"not_picked":["Riddle With Holes","Eviscerate"],"picked":"Dodge and Roll","floor":0},{"not_picked":["Flying Knee","Prepared"],"picked":"Sucker Punch","floor":0},{"not_picked":["Acrobatics","Catalyst"],"picked":"Deflect","floor":0},{"not_picked":["Outmaneuver","Bouncing Flask"],"picked":"Well Laid Plans","floor":1},{"not_picked":["All Out Attack","Reflex"],"picked":"Accuracy","floor":4},{"not_picked":["Dodge and Roll","Predator"],"picked":"Cloak And Dagger","floor":5},{"not_picked":["Quick Slash","Outmaneuver","PiercingWail"],"picked":"SKIP","floor":6},{"not_picked":["Backflip","Caltrops"],"picked":"Blade Dance","floor":7},{"not_picked":["Dagger Throw","Underhanded Strike"],"picked":"Cloak And Dagger","floor":10},{"not_picked":["Well Laid Plans","Prepared","Concentrate"],"picked":"SKIP","floor":12},{"not_picked":["Flechettes","Dagger Throw","Backflip"],"picked":"SKIP","floor":13},{"not_picked":["Endless Agony","Dagger Throw"],"picked":"Envenom","floor":14},{"not_picked":["Unload","Envenom"],"picked":"Venomology","floor":16},{"not_picked":["Prepared","Quick Slash","Riddle With Holes+1"],"picked":"SKIP","floor":18},{"not_picked":["Noxious Fumes","Deflect"],"picked":"Deadly Poison","floor":21},{"not_picked":["Underhanded Strike+1","Caltrops"],"picked":"Backflip+1","floor":22},{"not_picked":["Reflex","Dagger Throw","Bouncing Flask"],"picked":"SKIP","floor":24},{"not_picked":["Skewer","Terror","Acrobatics"],"picked":"SKIP","floor":28},{"not_picked":["Poisoned Stab","Finisher","Caltrops"],"picked":"SKIP","floor":29},{"not_picked":["Outmaneuver","Flying Knee","Prepared"],"picked":"SKIP","floor":31},{"not_picked":["Grand Finale","Glass Knife"],"picked":"Storm of Steel","floor":33},{"not_picked":["Deadly Poison","Dodge and Roll+1","Heel Hook+1"],"picked":"SKIP","floor":35},{"not_picked":["PiercingWail+1","Deadly Poison"],"picked":"Deflect+1","floor":37},{"not_picked":["Sucker Punch+1","Outmaneuver+1","Acrobatics"],"picked":"SKIP","floor":38},{"not_picked":["Skewer+1","Slice+1","Dodge and Roll"],"picked":"SKIP","floor":39},{"not_picked":["Poisoned Stab+1","Slice"],"picked":"Cloak And Dagger+1","floor":41},{"not_picked":["Tactician","Malaise+1","Night Terror"],"picked":"SKIP","floor":42}],"player_experience":507728,"potions_floor_usage":[6,16,16,22,24,28,29,31,33,33,33,33,35,38,38,39,39,45],"damage_taken":[{"damage":0,"enemies":"2 Louse","floor":1,"turns":1},{"damage":0,"enemies":"Cultist","floor":4,"turns":2},{"damage":0,"enemies":"Jaw Worm","floor":5,"turns":3},{"damage":0,"enemies":"3 Sentries","floor":6,"turns":6},{"damage":0,"enemies":"Large Slime","floor":7,"turns":4},{"damage":0,"enemies":"Exordium Thugs","floor":10,"turns":4},{"damage":13,"enemies":"Gremlin Nob","floor":12,"turns":4},{"damage":0,"enemies":"2 Fungi Beasts","floor":13,"turns":2},{"damage":0,"enemies":"Looter","floor":14,"turns":2},{"damage":0,"enemies":"Slime Boss","floor":16,"turns":5},{"damage":1,"enemies":"Chosen","floor":18,"turns":4},{"damage":4,"enemies":"Spheric Guardian","floor":21,"turns":4},{"damage":0,"enemies":"Slaver and Parasite","floor":22,"turns":7},{"damage":2,"enemies":"3 Cultists","floor":24,"turns":5},{"damage":0,"enemies":"Snecko","floor":28,"turns":4},{"damage":0,"enemies":"Centurion and Healer","floor":29,"turns":6},{"damage":0,"enemies":"Cultist and Chosen","floor":31,"turns":4},{"damage":30,"enemies":"Champ","floor":33,"turns":9},{"damage":35,"enemies":"3 Darklings","floor":35,"turns":5},{"damage":9,"enemies":"Orb Walker","floor":37,"turns":5},{"damage":6,"enemies":"3 Darklings","floor":38,"turns":4},{"damage":0,"enemies":"Maw","floor":39,"turns":9},{"damage":19,"enemies":"Nemesis","floor":42,"turns":7},{"damage":56,"enemies":"Spire Growth","floor":45,"turns":5}],"relics_obtained":[{"floor":6,"key":"Dream Catcher"},{"floor":9,"key":"Whetstone"},{"floor":12,"key":"Omamori"},{"floor":17,"key":"Smiling Mask"},{"floor":17,"key":"War Paint"},{"floor":17,"key":"The Specimen"},{"floor":26,"key":"Shuriken"},{"floor":42,"key":"Meat on the Bone"},{"floor":43,"key":"Anchor"}],"event_choices":[{"event_name":"Big Fish","player_choice":"Donut","floor":3,"damage_taken":0},{"event_name":"The Cleric","player_choice":"Leave","floor":11,"damage_taken":0},{"event_name":"N\u0027loth","player_choice":"Traded a Omamori","floor":19,"damage_taken":0},{"event_name":"FaceTrader","player_choice":"Took Face Of Cleric","floor":27,"damage_taken":0},{"event_name":"Winding Halls","player_choice":"Writhe","floor":36,"damage_taken":0}],"boss_relics":[{"not_picked":["Busted Crown","Orrery"],"picked":"Calling Bell"},{"not_picked":["Runic Dome","Astrolabe"],"picked":"Eternal Feather"}],"items_purged_floors":[20,40],"is_endless":false,"potions_floor_spawned":[4,5,12,13,14,16,18,22,29,33,37,39],"seed_played":"1592484615703962054","killed_by":"Spire Growth","ascension_level":0,"potions_obtained":[{"floor":4,"key":"Strength Potion"},{"floor":5,"key":"Weak Potion"},{"floor":12,"key":"Strength Potion"},{"floor":13,"key":"Block Potion"},{"floor":16,"key":"Dexterity Potion"},{"floor":18,"key":"Poison Potion"},{"floor":29,"key":"Strength Potion"},{"floor":33,"key":"Weak Potion"},{"floor":37,"key":"Poison Potion"},{"floor":39,"key":"Strength Potion"}],"is_trial":true}