{"gold_per_floor":[110,122,74,88,103,103,116,116,139,164,177,193,193,206,206,309,309,323,67,82,181,181,181,200,200,200,212,231,246,246,262,262,361,361,371,390,444,454,474,474,474],"floor_reached":41,"playtime":1334,"items_purged":[],"score":453,"play_id":"8a4c5763-722e-4a95-b219-116a5a36cc4e","local_time":"20180731010235","is_ascension_mode":false,"campfire_choices":[{"data":"Barricade","floor":6.0,"key":"SMITH"},{"data":"Armaments","floor":8.0,"key":"SMITH"},{"data":"Body Slam","floor":13.0,"key":"SMITH"},{"data":"Body Slam","floor":15.0,"key":"SMITH"},{"data":"Flame Barrier","floor":23.0,"key":"SMITH"},{"data":"Flame Barrier","floor":25.0,"key":"SMITH"},{"data":"Body Slam","floor":32.0,"key":"SMITH"},{"data":"Juggernaut","floor":40,"key":"SMITH"}],"neow_cost":"TEN_PERCENT_HP_LOSS","seed_source_timestamp":129210816000546,"circlet_count":0,"master_deck":["Strike_R","Strike_R","Strike_R","Strike_R","Strike_R","Defend_R","Defend_R","Defend_R","Defend_R","Bash","Barricade+1","Armaments+1","Flame Barrier+1","Flame Barrier+1","Body Slam+1","Body Slam+1","Shrug It Off","Metallicize+1","Body Slam","Battle Trance","Body Slam+1","Juggernaut+1"],"special_seed":0,"relics":["Burning Blood","Strawberry","Potion Belt","Coffee Dripper","Centennial Puzzle","Red Skull","Busted Crown","Ginger"],"potions_floor_usage":[37],"damage_taken":[{"damage":5.0,"enemies":"Cultist","floor":1.0,"turns":4.0},{"damage":6.0,"enemies":"Jaw Worm","floor":2.0,"turns":3.0},{"damage":7.0,"enemies":"2 Louse","floor":4.0,"turns":2.0},{"damage":10.0,"enemies":"Looter","floor":5.0,"turns":4.0},{"damage":16.0,"enemies":"Exordium Thugs","floor":7.0,"turns":7.0},{"damage":45.0,"enemies":"Gremlin Nob","floor":10.0,"turns":6.0},{"damage":1.0,"enemies":"2 Fungi Beasts","floor":11.0,"turns":4.0},{"damage":2.0,"enemies":"Blue Slaver","floor":12.0,"turns":5.0},{"damage":0.0,"enemies":"Large Slime","floor":14.0,"turns":6.0},{"damage":20.0,"enemies":"Hexaghost","floor":16.0,"turns":9.0},{"damage":23.0,"enemies":"2 Thieves","floor":18.0,"turns":4.0},{"damage":9.0,"enemies":"Shell Parasite","floor":20.0,"turns":5.0},{"damage":7.0,"enemies":"3 Cultists","floor":24.0,"turns":6.0},{"damage":0.0,"enemies":"Centurion and Healer","floor":27.0,"turns":6.0},{"damage":7.0,"enemies":"Sentry and Sphere","floor":28.0,"turns":8.0},{"damage":0.0,"enemies":"Chosen and Byrds","floor":29.0,"turns":6.0},{"damage":9.0,"enemies":"3 Cultists","floor":31.0,"turns":5.0},{"damage":3,"enemies":"Champ","floor":33,"turns":8},{"damage":29,"enemies":"3 Darklings","floor":35,"turns":4},{"damage":0,"enemies":"Orb Walker","floor":36,"turns":3},{"damage":37,"floor":37,"turns":6},{"damage":0,"enemies":"Maw","floor":38,"turns":6},{"damage":28,"enemies":"3 Darklings","floor":39,"turns":5},{"damage":18,"enemies":"Flame Bruiser 2 Orb","floor":41,"turns":3}],"seed_played":"5210192218450046842","potions_obtained":[{"floor":4.0,"key":"BloodPotion"},{"floor":7.0,"key":"SkillPotion"},{"floor":11.0,"key":"LiquidBronze"},{"floor":14.0,"key":"PowerPotion"},{"floor":16.0,"key":"FearPotion"},{"floor":24.0,"key":"Block Potion"},{"floor":31.0,"key":"PowerPotion"},{"floor":36,"key":"PowerPotion"},{"floor":37,"key":"FearPotion"}],"is_trial":false,"path_per_floor":["M","M","$","M","M","R","M","R","T","E","M","M","R","M","R","B",null,"M","$","M","?","?","R","M","R","T","M","M","M","?","M","R","B",null,"M","M","?","M","M","R"],"character_chosen":"IRONCLAD","items_purchased":["Armaments","Shrug It Off","Metallicize","Centennial Puzzle"],"campfire_rested":0,"item_purchase_floors":[3,19,19,19],"current_hp_per_floor":[72,72,72,71,67,67,57,57,64,25,30,34,34,40,40,26,79,62,62,59,59,59,59,58,58,58,64,63,69,69,66,66,69,79,56,62,31,37,15,15,0],"gold":474,"neow_bonus":"THREE_RARE_CARDS","is_prod":false,"is_daily":false,"chose_seed":false,"campfire_upgraded":8,"win_rate":0,"timestamp":1532988155,"path_taken":["M","?","$","M","M","R","M","R","T","E","M","?","R","M","R","BOSS","M","$","M","?","?","R","M","R","T","M","M","M","?","M","R","BOSS","M","M","?","M","?","R","M"],"build_version":"2018-07-26","purchased_purges":0,"victory":false,"max_hp_per_floor":[72,72,72,72,72,72,72,72,79,79,79,79,79,79,79,79,79,79,79,79,79,79,79,79,79,79,79,79,79,79,79,79,79,79,79,79,79,79,79,79,79],"card_choices":[{"not_picked":["Brutality","Fiend Fire"],"picked":"Barricade","floor":0.0},{"not_picked":["Pommel Strike","Heavy Blade","Headbutt"],"picked":"SKIP","floor":1.0},{"not_picked":["Wild Strike","Cleave","Clothesline"],"picked":"SKIP","floor":2.0},{"not_picked":["Wild Strike","Feel No Pain","Headbutt"],"picked":"SKIP","floor":4.0},{"not_picked":["Pommel Strike","Wild Strike"],"picked":"Flame Barrier","floor":5.0},{"not_picked":["Rupture","Infernal Blade"],"picked":"Flame Barrier","floor":7.0},{"not_picked":["Intimidate","Reaper","Searing Blow"],"picked":"SKIP","floor":10.0},{"not_picked":["Pommel Strike","Combust"],"picked":"Body Slam","floor":11.0},{"not_picked":["Iron Wave","Cleave"],"picked":"Body Slam","floor":12.0},{"not_picked":["Spot Weakness","Cleave","Twin Strike"],"picked":"SKIP","floor":14.0},{"not_picked":["Cleave","Twin Strike","Uppercut+1"],"picked":"SKIP","floor":18.0},{"not_picked":["True Grit","Anger","Rupture+1"],"picked":"SKIP","floor":20.0},{"not_picked":["Thunderclap","Pommel Strike+1","Anger"],"picked":"SKIP","floor":24.0},{"not_picked":["Wild Strike+1","Clothesline"],"picked":"Body Slam","floor":27.0},{"not_picked":["Wild Strike+1","Heavy Blade","Twin Strike"],"picked":"SKIP","floor":28.0},{"not_picked":["Cleave+1","Ghostly Armor"],"picked":"Battle Trance","floor":29.0},{"not_picked":["Searing Blow+1","Spot Weakness"],"picked":"Body Slam","floor":31.0},{"not_picked":["Berserk","Dark Embrace"],"picked":"Juggernaut","floor":33},{"not_picked":["Cleave+1"],"picked":"SKIP","floor":35},{"not_picked":["Infernal Blade"],"picked":"SKIP","floor":36},{"not_picked":["Corruption"],"picked":"SKIP","floor":38},{"not_picked":["Pummel+1"],"picked":"SKIP","floor":39}],"player_experience":277906,"relics_obtained":[{"floor":9.0,"key":"Strawberry"},{"floor":10.0,"key":"Potion Belt"},{"floor":26.0,"key":"Red Skull"},{"floor":37,"key":"Ginger"}],"event_choices":[{"event_name":"Nest","player_choice":"Stole From Cult","floor":21.0,"damage_taken":0.0},{"event_name":"Upgrade Shrine","player_choice":"Upgraded","floor":22.0,"damage_taken":0.0},{"event_name":"Ghosts","player_choice":"Ignored","floor":30.0,"damage_taken":0.0},{"event_name":"Mysterious Sphere","player_choice":"Fight","floor":37,"damage_taken":0}],"is_beta":false,"boss_relics":[{"not_picked":["Ectoplasm","Runic Pyramid"],"picked":"Coffee Dripper"},{"not_picked":["Philosopher\u0027s Stone","Runic Dome"],"picked":"Busted Crown"}],"items_purged_floors":[],"is_endless":false,"potions_floor_spawned":[4,7,11,14,16,24,27,31,36,37],"killed_by":"Flame Bruiser 2 Orb","ascension_level":0}