{"gold_per_floor":[109,129,129,129,129,142,95,112,163,163,183,183,183,100,100,200,200,217,217,217,235,245,277,289,289],"floor_reached":25,"playtime":849,"items_purged":[],"score":213,"play_id":"e7c662d0-6d89-4533-aa94-ee432a5bc780","local_time":"20190616162320","is_ascension_mode":false,"campfire_choices":[{"data":"Body Slam","floor":10.0,"key":"SMITH"},{"data":"Ghostly Armor","floor":12.0,"key":"SMITH"},{"data":"Blind","floor":15.0,"key":"SMITH"}],"neow_cost":"NONE","seed_source_timestamp":235327564834700,"circlet_count":0,"master_deck":["Strike_R","Strike_R","Strike_R","Strike_R","Strike_R","Defend_R+1","Defend_R+1","Defend_R","Defend_R","Bash","Body Slam+1","Shrug It Off","Shrug It Off","Ghostly Armor+1","Blind+1","Demon Form","Shrug It Off+1","Sword Boomerang"],"special_seed":0,"relics":["Burning Blood","War Paint","Art of War","Cursed Key","Bag of Marbles"],"potions_floor_usage":[23,23,23],"damage_taken":[{"damage":3.0,"enemies":"Jaw Worm","floor":1.0,"turns":4.0},{"damage":6.0,"enemies":"Cultist","floor":2.0,"turns":3.0},{"damage":0.0,"enemies":"2 Louse","floor":6.0,"turns":4.0},{"damage":10.0,"enemies":"Gremlin Gang","floor":8.0,"turns":7.0},{"damage":0.0,"enemies":"Large Slime","floor":11.0,"turns":7.0},{"damage":57.0,"enemies":"Hexaghost","floor":16.0,"turns":15.0},{"damage":20,"enemies":"2 Thieves","floor":18,"turns":4},{"damage":17,"enemies":"Spheric Guardian","floor":21,"turns":5},{"damage":16,"enemies":"Centurion and Healer","floor":22,"turns":7},{"damage":28,"enemies":"Gremlin Leader","floor":23,"turns":10},{"damage":19,"enemies":"Cultist and Chosen","floor":24,"turns":8},{"damage":10,"enemies":"Snecko","floor":25,"turns":4}],"seed_played":"1236609088675541929","potions_obtained":[{"floor":1.0,"key":"Poison Potion"},{"floor":11.0,"key":"FearPotion"},{"floor":19,"key":"FearPotion"},{"floor":19,"key":"Swift Potion"},{"floor":19,"key":"GamblersBrew"}],"is_trial":false,"path_per_floor":["M","M","$","?","$","M","$","M","T","R","M","R","?","$","R","B",null,"M","?","$","M","M","E","M","M"],"character_chosen":"IRONCLAD","items_purchased":["Shrug It Off","Blind"],"campfire_rested":0,"item_purchase_floors":[7,14],"current_hp_per_floor":[80,80,80,80,80,80,80,76,76,76,80,80,80,80,80,29,80,66,66,66,55,45,23,10,0],"gold":289,"neow_bonus":"RANDOM_COMMON_RELIC","is_prod":false,"is_daily":false,"chose_seed":false,"campfire_upgraded":3,"win_rate":0,"timestamp":1560691400,"path_taken":["M","M","$","?","$","M","$","?","T","R","M","R","?","?","R","BOSS","M","?","$","M","M","E","M","?"],"build_version":"2019-01-23","purchased_purges":0,"victory":false,"max_hp_per_floor":[80,80,80,80,80,80,80,80,80,80,80,80,80,80,80,80,80,80,80,80,80,80,80,80,80],"card_choices":[{"not_picked":["Wild Strike","Fire Breathing","Twin Strike"],"picked":"SKIP","floor":1.0},{"not_picked":["Cleave","Twin Strike"],"picked":"Body Slam","floor":2.0},{"not_picked":["Second Wind","Warcry"],"picked":"Shrug It Off","floor":6.0},{"not_picked":["Rampage","Clothesline","True Grit"],"picked":"SKIP","floor":8.0},{"not_picked":["Dropkick","Sword Boomerang"],"picked":"Ghostly Armor","floor":11.0},{"not_picked":["Double Tap","Feed"],"picked":"Demon Form","floor":16.0},{"not_picked":["Carnage","Entrench","Seeing Red"],"picked":"SKIP","floor":18},{"not_picked":["Headbutt","Anger","Inflame"],"picked":"SKIP","floor":21},{"not_picked":["Sword Boomerang","Anger+1"],"picked":"Shrug It Off+1","floor":22},{"not_picked":["Corruption","Armaments+1","Evolve"],"picked":"SKIP","floor":23},{"not_picked":["Wild Strike+1","Exhume"],"picked":"Sword Boomerang","floor":24}],"player_experience":624343,"relics_obtained":[{"floor":9.0,"key":"Art of War"},{"floor":23,"key":"Bag of Marbles"}],"event_choices":[{"damage_healed":0.0,"max_hp_gain":0.0,"max_hp_loss":0.0,"gold_gain":0.0,"event_name":"Match and Keep!","player_choice":"0 cards matched","floor":4.0,"gold_loss":0.0,"damage_taken":0.0,"cards_obtained":[]},{"damage_healed":0.0,"max_hp_gain":0.0,"max_hp_loss":0.0,"gold_gain":0.0,"event_name":"NoteForYourself","player_choice":"Ignored","floor":13.0,"gold_loss":0.0,"damage_taken":0.0},{"damage_healed":0,"gold_gain":0,"player_choice":"Got Potions","damage_taken":0,"max_hp_gain":0,"max_hp_loss":0,"event_name":"Lab","floor":19,"gold_loss":0}],"is_beta":false,"boss_relics":[{"not_picked":["White Beast Statue","Astrolabe"],"picked":"Cursed Key"}],"items_purged_floors":[],"is_endless":false,"potions_floor_spawned":[1,11,22],"killed_by":"Snecko","ascension_level":0}