{"gold_per_floor":[119,119,136,61,61,61,92,92,118,130,130,149,149,165,165,268,268,282,282,112,128,148,148,182,202,202,202,202,215,39,39,39,134,134,152,165,175,127,141,141,141,141,141,172,172,64,82,82,82,82],"floor_reached":51,"playtime":1905,"items_purged":["Thunder Strike","Strike_B","Strike_B"],"score":720,"play_id":"80b789cd-abf2-4726-9a8c-8c4fdb81ab9f","local_time":"20181022014616","is_ascension_mode":false,"campfire_choices":[{"data":"Zap","floor":6,"key":"SMITH"},{"data":"Dualcast","floor":11,"key":"SMITH"},{"data":"Go for the Eyes","floor":13,"key":"SMITH"},{"data":"Go for the Eyes","floor":15,"key":"SMITH"},{"data":"Machine Learning","floor":23,"key":"SMITH"},{"data":"Self Repair","floor":27,"key":"SMITH"},{"floor":32,"key":"REST"},{"data":"Blizzard","floor":40,"key":"SMITH"},{"data":"Coolheaded","floor":42,"key":"SMITH"},{"data":"Beam Cell","floor":45,"key":"SMITH"},{"data":"Defragment","floor":49,"key":"SMITH"}],"neow_cost":"NONE","seed_source_timestamp":79287499795058,"circlet_count":0,"master_deck":["Strike_B","Defend_B","Defend_B","Defend_B","Defend_B","Zap+1","Dualcast+1","Go for the Eyes+1","Gash","Conserve Battery","Steam","Melter","Go for the Eyes+1","Machine Learning+1","Gash","Self Repair+1","Rebound","Rebound","Beam Cell+1","Stack+1","Gash","Gash","Reboot","Gash","Reinforced Body","Coolheaded+1","Blizzard+1","Coolheaded+1","Gash+1","Pain","Scrape","Defragment+1","Hologram+1"],"relics":["FrozenCore","Bag of Preparation","Pen Nib","Art of War","Prayer Wheel","Matryoshka","Cursed Key","Boot","Mercury Hourglass","Orichalcum"],"potions_floor_usage":[29,50],"damage_taken":[{"damage":1,"enemies":"Jaw Worm","floor":1,"turns":4},{"damage":0,"enemies":"Cultist","floor":3,"turns":2},{"damage":35,"enemies":"Lagavulin","floor":7,"turns":8},{"damage":0,"enemies":"2 Louse","floor":10,"turns":2},{"damage":0,"enemies":"Large Slime","floor":12,"turns":5},{"damage":1,"enemies":"Looter","floor":14,"turns":3},{"damage":51,"enemies":"Slime Boss","floor":16,"turns":14},{"damage":0,"enemies":"Chosen","floor":18,"turns":6},{"damage":1,"enemies":"Shell Parasite","floor":21,"turns":6},{"damage":13,"enemies":"Snake Plant","floor":22,"turns":6},{"damage":26,"enemies":"Book of Stabbing","floor":24,"turns":7},{"damage":10,"enemies":"Centurion and Healer","floor":25,"turns":8},{"damage":22,"enemies":"Colosseum Slavers","floor":28,"turns":5},{"damage":13,"enemies":"Shelled Parasite and Fungi","floor":29,"turns":6},{"damage":48,"enemies":"Automaton","floor":33,"turns":11},{"damage":20,"enemies":"3 Shapes","floor":35,"turns":3},{"damage":2,"enemies":"Orb Walker","floor":36,"turns":4},{"damage":0,"enemies":"Maw","floor":37,"turns":8},{"damage":15,"enemies":"Sphere and 2 Shapes","floor":39,"turns":8},{"damage":32,"enemies":"Nemesis","floor":44,"turns":7},{"damage":19,"enemies":"Spire Growth","floor":47,"turns":5},{"damage":47,"enemies":"Time Eater","floor":50,"turns":10}],"seed_played":"4631131901686697441","potions_obtained":[{"floor":10,"key":"Weak Potion"},{"floor":14,"key":"SmokeBomb"},{"floor":16,"key":"GamblersBrew"},{"floor":29,"key":"PowerPotion"}],"is_trial":false,"path_per_floor":["M","?","M","$","?","R","E","?","T","M","R","M","R","M","R","B",null,"M","?","$","M","M","R","E","M","T","R","?","M","$","?","R","B",null,"M","M","M","$","M","R","?","R","T","E","R","$","M","?","R","B"],"character_chosen":"DEFECT","items_purchased":["Self Repair","Gash","Coolheaded","Scrape","Defragment"],"campfire_rested":1,"item_purchase_floors":[20,30,38,46,46],"current_hp_per_floor":[74,74,74,74,56,56,21,75,75,75,75,75,75,74,74,23,75,75,75,75,75,69,69,50,47,47,47,35,32,32,32,54,26,75,65,63,75,75,75,75,75,75,75,63,63,63,64,64,64,27],"gold":82,"neow_bonus":"THREE_CARDS","is_prod":false,"is_daily":false,"chose_seed":false,"campfire_upgraded":10,"win_rate":0,"timestamp":1540161976,"path_taken":["M","?","M","$","?","R","E","?","T","M","R","M","R","M","R","BOSS","M","?","$","M","M","R","E","M","T","R","?","?","$","?","R","BOSS","M","M","M","$","M","R","?","R","T","E","R","$","M","?","R","BOSS"],"build_version":"2018-10-18","purchased_purges":3,"victory":true,"max_hp_per_floor":[75,75,75,75,75,75,75,75,75,75,75,75,75,75,75,75,75,75,75,75,75,75,75,75,75,75,75,75,75,75,75,75,75,75,75,75,75,75,75,75,75,75,75,75,75,75,75,75,75,75],"card_choices":[{"not_picked":["Coolheaded","Barrage"],"picked":"Sunder","floor":0},{"not_picked":["Hologram","Fusion"],"picked":"Go for the Eyes","floor":1},{"not_picked":["Coolheaded","Streamline"],"picked":"Conserve Battery","floor":3},{"not_picked":["Streamline","Hologram","Undo"],"picked":"SKIP","floor":7},{"not_picked":["Turbo","Coolheaded"],"picked":"Steam","floor":10},{"not_picked":["Hologram","Chill"],"picked":"Melter","floor":12},{"not_picked":["Stack","Creative AI"],"picked":"Go for the Eyes","floor":14},{"not_picked":["Seek","Buffer"],"picked":"Machine Learning","floor":16},{"not_picked":["Redo","Chaos","Sweeping Beam"],"picked":"SKIP","floor":18},{"not_picked":["Conserve Battery","Consume"],"picked":"Rebound","floor":21},{"not_picked":["Double Energy","Turbo"],"picked":"Rebound","floor":22},{"not_picked":["Genetic Algorithm+1","Rebound","Leap"],"picked":"SKIP","floor":24},{"not_picked":["Chaos+1","Glacier+1"],"picked":"Beam Cell","floor":25},{"not_picked":["Amplify","Barrage"],"picked":"Stack+1","floor":25},{"not_picked":["Cold Snap+1","Go for the Eyes"],"picked":"Gash","floor":29},{"not_picked":["Hologram+1","FTL"],"picked":"Self Repair+1","floor":29},{"not_picked":["Electrodynamics","Biased Cognition"],"picked":"Reboot","floor":33},{"not_picked":["BootSequence+1","Leap+1"],"picked":"Gash","floor":35},{"not_picked":["Coolheaded","Stack"],"picked":"Reinforced Body","floor":35},{"not_picked":["Doom and Gloom+1","Leap"],"picked":"Coolheaded+1","floor":36},{"not_picked":["Doom and Gloom","Force Field","Hello World+1"],"picked":"SKIP","floor":36},{"not_picked":["Sweeping Beam","Hologram","Blizzard"],"picked":"SKIP","floor":37},{"not_picked":["Redo","Steam+1","Aggregate"],"picked":"SKIP","floor":37},{"not_picked":["Sweeping Beam","Hologram"],"picked":"Blizzard","floor":37},{"not_picked":["Redo","Steam+1","Aggregate"],"picked":"SKIP","floor":37},{"not_picked":["Doom and Gloom","BootSequence"],"picked":"Gash+1","floor":39},{"not_picked":["Ball Lightning","Hologram","Barrage"],"picked":"SKIP","floor":39},{"not_picked":["Steam","Redo","Rebound"],"picked":"SKIP","floor":44},{"not_picked":["Recycle","Ball Lightning"],"picked":"Hologram+1","floor":47},{"not_picked":["BootSequence","Meteor Strike","Turbo"],"picked":"SKIP","floor":47}],"player_experience":423099,"relics_obtained":[{"floor":7,"key":"Pen Nib"},{"floor":9,"key":"Art of War"},{"floor":24,"key":"Prayer Wheel"},{"floor":26,"key":"Matryoshka"},{"floor":43,"key":"Boot"},{"floor":43,"key":"Mercury Hourglass"},{"floor":44,"key":"Orichalcum"}],"event_choices":[{"damage_healed":0,"gold_gain":0,"player_choice":"2 cards matched","damage_taken":0,"max_hp_gain":0,"max_hp_loss":0,"event_name":"Match and Keep!","floor":2,"gold_loss":0,"cards_obtained":["Gash","Thunder Strike"]},{"damage_healed":0,"gold_gain":0,"player_choice":"Success","damage_taken":18,"relics_obtained":["Bag of Preparation"],"max_hp_gain":0,"max_hp_loss":0,"event_name":"Scrap Ooze","floor":5,"gold_loss":0},{"cards_removed":["Sunder"],"damage_healed":54,"gold_gain":0,"player_choice":"Offered Uncommon","damage_taken":0,"max_hp_gain":0,"max_hp_loss":0,"event_name":"Bonfire Elementals","floor":8,"gold_loss":0},{"damage_healed":0,"gold_gain":0,"player_choice":"Read","damage_taken":0,"max_hp_gain":0,"max_hp_loss":0,"event_name":"The Library","floor":19,"gold_loss":0,"cards_obtained":["Gash"]},{"damage_healed":0,"gold_gain":0,"player_choice":"Fight","damage_taken":0,"max_hp_gain":0,"max_hp_loss":0,"event_name":"Colosseum","floor":28,"gold_loss":0},{"damage_healed":0,"gold_gain":0,"player_choice":"Fled From Nobs","damage_taken":0,"max_hp_gain":0,"max_hp_loss":0,"event_name":"Colosseum","floor":28,"gold_loss":0},{"damage_healed":0,"gold_gain":0,"player_choice":"Ignored","damage_taken":0,"max_hp_gain":0,"max_hp_loss":0,"event_name":"Cursed Tome","floor":31,"gold_loss":0},{"cards_removed":["Strike_B"],"damage_healed":0,"gold_gain":0,"player_choice":"Purged","damage_taken":0,"max_hp_gain":0,"max_hp_loss":0,"event_name":"Purifier","floor":41,"gold_loss":0},{"cards_removed":["Self Repair"],"damage_healed":0,"gold_gain":0,"player_choice":"Removed Power","damage_taken":0,"max_hp_gain":0,"max_hp_loss":0,"event_name":"Falling","floor":48,"gold_loss":0}],"is_beta":false,"boss_relics":[{"not_picked":["Fusion Hammer","White Beast Statue"],"picked":"FrozenCore"},{"not_picked":["Coffee Dripper","Lizard Tail"],"picked":"Cursed Key"}],"items_purged_floors":[4,20,30],"is_endless":false,"potions_floor_spawned":[10,14,16,25,28,29,35],"ascension_level":0}