{"gold_per_floor":[109,55,130,143,45,45,76,251,251,251,0,0,18,52,52,148,148,166,179,54,54,65,65,82,117,117,216,216,216,231,265,265,370,370,389,26,40,40,40,40,54,65,89,105,105,3,3,16,16,16],"floor_reached":51,"playtime":2870,"items_purged":["Strike_B","Doubt","Strike_B","Strike_B"],"score":726,"play_id":"483f828b-1e45-4624-81e2-4fc8c105ee6f","local_time":"20190131094836","is_ascension_mode":true,"campfire_choices":[{"data":"Zap","floor":6,"key":"SMITH"},{"data":"Chill","floor":10,"key":"SMITH"},{"floor":15,"key":"REST"},{"data":"Conserve Battery","floor":23,"key":"SMITH"},{"data":"Echo Form","floor":29,"key":"SMITH"},{"data":"Go for the Eyes","floor":32,"key":"SMITH"},{"data":"Defragment","floor":40,"key":"SMITH"},{"data":"Defragment","floor":47,"key":"SMITH"},{"data":"Leap","floor":49,"key":"SMITH"}],"neow_cost":"NONE","seed_source_timestamp":31770121488373,"circlet_count":0,"master_deck":["Strike_B+1","Defend_B+1","Defend_B","Defend_B+1","Zap+1","Dualcast","Gash","Cold Snap","Conserve Battery+1","BootSequence","Ball Lightning","Chill+1","Go for the Eyes+1","Cold Snap","Core Surge","Scrape+1","Glacier+1","Redo+1","Echo Form+1","Melter+1","All For One+1","Barrage+1","Defragment+1","Defragment+1","Bandage Up","Beam Cell+1","Leap+1"],"relics":["Cracked Core","Gremlin Horn","Happy Flower","Oddly Smooth Stone","Calipers","Coffee Dripper","Pen Nib","Mercury Hourglass","Dream Catcher","Inserter","Whetstone","War Paint"],"potions_floor_usage":[22,31,42,42,50,50],"damage_taken":[{"damage":3,"enemies":"Jaw Worm","floor":1,"turns":4},{"damage":4,"enemies":"2 Louse","floor":4,"turns":3},{"damage":15,"enemies":"3 Sentries","floor":7,"turns":7},{"damage":0,"enemies":"Small Slimes","floor":13,"turns":3},{"damage":13,"enemies":"Gremlin Nob","floor":14,"turns":5},{"damage":37,"enemies":"Hexaghost","floor":16,"turns":15},{"damage":2,"enemies":"Shell Parasite","floor":18,"turns":6},{"damage":0,"enemies":"Chosen","floor":19,"turns":4},{"damage":0,"enemies":"3 Cultists","floor":22,"turns":5},{"damage":3,"enemies":"Snake Plant","floor":24,"turns":5},{"damage":24,"enemies":"Book of Stabbing","floor":25,"turns":7},{"damage":0,"enemies":"Shelled Parasite and Fungi","floor":30,"turns":8},{"damage":0,"enemies":"Slavers","floor":31,"turns":4},{"damage":1,"enemies":"Automaton","floor":33,"turns":11},{"damage":10,"enemies":"3 Darklings","floor":35,"turns":5},{"damage":0,"enemies":"3 Shapes","floor":37,"turns":3},{"damage":8,"enemies":"3 Darklings","floor":41,"turns":5},{"damage":0,"enemies":"Transient","floor":42,"turns":5},{"damage":13,"enemies":"Spire Growth","floor":44,"turns":5},{"damage":19,"enemies":"Writhing Mass","floor":48,"turns":5},{"damage":32,"enemies":"Time Eater","floor":50,"turns":12}],"seed_played":"8334389101941035816","potions_obtained":[{"floor":19,"key":"Swift Potion"},{"floor":22,"key":"Explosive Potion"},{"floor":25,"key":"AttackPotion"},{"floor":35,"key":"Fire Potion"}],"is_trial":false,"path_per_floor":["M","$","?","M","$","R","E","?","T","R","$","?","M","E","R","B",null,"M","M","$","?","M","R","M","E","T","?","?","R","M","E","R","B",null,"M","$","M","?","?","R","M","M","T","M","?","$","R","M","R","B",null],"character_chosen":"DEFECT","items_purchased":["Conserve Battery","Ball Lightning","Oddly Smooth Stone","Defragment","Whetstone","Dexterity Potion","SkillPotion"],"campfire_rested":1,"item_purchase_floors":[2,5,11,36,36,46,46],"current_hp_per_floor":[72,72,61,57,57,57,42,42,42,42,42,42,42,29,51,14,75,73,73,73,73,73,73,70,46,46,46,71,71,71,71,71,70,75,65,65,65,65,65,65,61,65,65,56,56,56,56,41,41,17],"gold":16,"neow_bonus":"THREE_CARDS","is_prod":false,"is_daily":false,"chose_seed":false,"campfire_upgraded":8,"win_rate":0,"timestamp":1548924516,"path_taken":["M","$","?","M","$","R","E","?","T","R","$","?","M","E","R","BOSS","M","M","$","?","M","R","M","E","T","?","?","R","M","E","R","BOSS","M","$","M","?","?","R","M","M","T","?","?","$","R","M","R","BOSS"],"build_version":"2019-01-23","purchased_purges":4,"victory":true,"max_hp_per_floor":[75,75,75,75,75,75,75,75,75,75,75,75,75,75,75,75,75,75,75,75,75,75,75,75,75,75,75,75,75,75,75,75,75,75,75,75,75,75,75,75,75,75,75,75,71,71,71,71,71,71],"card_choices":[{"not_picked":["Leap","Go for the Eyes"],"picked":"Gash","floor":0},{"not_picked":["Redo","Rebound"],"picked":"Cold Snap","floor":1},{"not_picked":["Consume","Streamline"],"picked":"BootSequence","floor":4},{"not_picked":["Rainbow","Beam Cell"],"picked":"Chill","floor":7},{"not_picked":["Steam","Beam Cell"],"picked":"Go for the Eyes","floor":13},{"not_picked":["Steam","Rebound"],"picked":"Cold Snap","floor":14},{"not_picked":["Fission","Creative AI"],"picked":"Core Surge","floor":16},{"not_picked":["Steam","Reinforced Body"],"picked":"Scrape+1","floor":18},{"not_picked":["Consume","Blizzard"],"picked":"Glacier+1","floor":19},{"not_picked":["Fusion","Hello World","Turbo"],"picked":"SKIP","floor":22},{"not_picked":["Beam Cell+1","BootSequence"],"picked":"Redo+1","floor":24},{"not_picked":["Rebound","FTL+1"],"picked":"Echo Form","floor":25},{"not_picked":["Compile Driver","Rebound"],"picked":"Melter+1","floor":30},{"not_picked":["Force Field","Rebound","Lockon+1"],"picked":"SKIP","floor":31},{"not_picked":["Reboot","Fission"],"picked":"All For One","floor":33},{"not_picked":["Stack+1","Steam+1"],"picked":"Barrage+1","floor":35},{"not_picked":["Sweeping Beam+1","Reprogram+1"],"picked":"Defragment","floor":37},{"not_picked":["HandOfGreed","Discovery"],"picked":"Bandage Up","floor":38},{"not_picked":["Turbo","Barrage","Coolheaded+1"],"picked":"SKIP","floor":41},{"not_picked":["Stack","Rebound"],"picked":"Beam Cell+1","floor":42},{"not_picked":["Melter+1","Barrage+1"],"picked":"Leap","floor":44},{"not_picked":["Chill+1","Darkness+1","Barrage+1"],"picked":"SKIP","floor":48}],"player_experience":245066,"relics_obtained":[{"floor":7,"key":"Gremlin Horn"},{"floor":9,"key":"Happy Flower"},{"floor":14,"key":"Calipers"},{"floor":25,"key":"Pen Nib"},{"floor":26,"key":"Mercury Hourglass"},{"floor":31,"key":"Dream Catcher"},{"floor":43,"key":"War Paint"}],"event_choices":[{"damage_healed":0,"gold_gain":75,"player_choice":"Gather Gold","damage_taken":11,"max_hp_gain":0,"max_hp_loss":0,"event_name":"World of Goop","floor":3,"gold_loss":0},{"damage_healed":0,"gold_gain":175,"player_choice":"AGREE","damage_taken":0,"max_hp_gain":0,"max_hp_loss":0,"event_name":"Liars Game","floor":8,"gold_loss":0,"cards_obtained":["Doubt"]},{"cards_removed":["Defend_B"],"damage_healed":0,"gold_gain":0,"player_choice":"Purged","damage_taken":0,"max_hp_gain":0,"max_hp_loss":0,"event_name":"Purifier","floor":12,"gold_loss":0},{"damage_healed":0,"gold_gain":0,"player_choice":"Ignored","damage_taken":0,"max_hp_gain":0,"max_hp_loss":0,"event_name":"Ghosts","floor":21,"gold_loss":0},{"damage_healed":0,"gold_gain":99,"player_choice":"Stole From Cult","damage_taken":0,"max_hp_gain":0,"max_hp_loss":0,"event_name":"Nest","floor":27,"gold_loss":0},{"damage_healed":25,"gold_gain":0,"player_choice":"Heal","damage_taken":0,"max_hp_gain":0,"max_hp_loss":0,"event_name":"The Library","floor":28,"gold_loss":0},{"damage_healed":0,"gold_gain":0,"player_choice":"Memory 1","damage_taken":0,"max_hp_gain":0,"max_hp_loss":0,"event_name":"SensoryStone","floor":38,"gold_loss":0},{"damage_healed":0,"gold_gain":0,"player_choice":"Ignored","damage_taken":0,"max_hp_gain":0,"max_hp_loss":0,"event_name":"Transmorgrifier","floor":39,"gold_loss":0},{"damage_healed":0,"gold_gain":0,"player_choice":"Max HP","damage_taken":0,"max_hp_gain":0,"max_hp_loss":4,"event_name":"Winding Halls","floor":45,"gold_loss":0}],"is_beta":false,"boss_relics":[{"not_picked":["Runic Pyramid","Tiny House"],"picked":"Coffee Dripper"},{"not_picked":["Snecko Eye","Velvet Choker"],"picked":"Inserter"}],"items_purged_floors":[5,11,20,36],"is_endless":false,"potions_floor_spawned":[19,22,25,35],"ascension_level":1}