{"path_per_floor":["M","M","$","M","?","R","E","R","T","R","?","M","R","$","R","B",null,"M","$","?","?","T","R","M","?","T","M","R","M","M","?","R","B",null,"M","M","?","M","?","R","M","R","T","$","M","?","M","?","R"],"character_chosen":"THE_SILENT","items_purchased":["Noxious Fumes","Prepared","Block Potion","Apotheosis","Underhanded Strike","Strength Potion","Noxious Fumes"],"gold_per_floor":[111,122,47,60,10,10,40,40,40,40,40,64,64,64,64,183,183,197,22,22,22,22,22,41,41,94,114,114,130,155,155,155,285,285,301,325,325,346,346,346,361,361,361,14,27,27,40,40,40],"floor_reached":50,"campfire_rested":1,"playtime":4531,"current_hp_per_floor":[70,68,68,66,66,66,44,65,65,65,65,65,65,65,65,33,65,65,65,59,59,59,59,59,59,59,59,59,52,52,57,57,57,65,65,65,65,65,65,65,65,65,65,65,65,65,65,65,65],"items_purged":["Strike_G"],"gold":40,"score":440,"play_id":"3f0e61f3-17d0-4813-89eb-e9d1000eb3c7","is_prod":false,"is_daily":false,"is_ascension_mode":false,"campfire_upgraded":8,"path_taken":["M","M","$","M","?","R","E","R","T","R","?","M","R","$","R","BOSS","M","$","?","?","?","R","M","?","T","?","R","M","M","?","R","BOSS","M","M","?","M","?","R","M","R","T","$","M","?","M","?","R","BOSS"],"build_version":"2018-02-05-BETA1","purchased_purges":3,"victory":false,"master_deck":["Survivor","Neutralize+1","Slice","Acrobatics+1","Sucker Punch+1","Tactician+1","Backflip+1","Backflip","Quick Slash","Outmaneuver","Deflect","Flying Knee","Dagger Throw","Blur+1","Noxious Fumes+1","Prepared","Predator+1","Venomology","Dagger Spray+1","Envenom+1","Apotheosis+1","Underhanded Strike+1","Noxious Fumes","Heel Hook+1"],"max_hp_per_floor":[70,70,70,70,70,70,70,70,70,70,65,65,65,65,65,65,65,65,65,65,65,65,65,65,65,65,65,65,65,65,65,65,65,65,65,65,65,65,65,65,65,65,65,65,65,65,65,65,65],"relics":["Ring of the Snake","Happy Flower","Girya","Golden Idol","Pandora\u0027s Box","Molten Egg 2","Bronze Scales","Philosopher\u0027s Stone","Vajra"],"card_choices":[{"not_picked":["Quick Slash","Dagger Throw"],"picked":"Dodge and Roll"},{"not_picked":["All Out Attack","Masterful Stab"],"picked":"Slice"},{"not_picked":["Setup","PiercingWail"],"picked":"Acrobatics"},{"not_picked":["Bane","Outmaneuver"],"picked":"Sucker Punch"},{"not_picked":["Doppelganger","Night Terror"],"picked":"Tactician"},{"not_picked":["Malaise","Dagger Throw"],"picked":"Blur"},{"not_picked":["Dagger Spray","Endless Agony"],"picked":"Predator"},{"not_picked":["Burst","Phantasmal Killer"],"picked":"Venomology"},{"not_picked":["Prepared","PiercingWail"],"picked":"Dagger Spray"},{"not_picked":["Prepared","Dodge and Roll"],"picked":"Envenom"},{"not_picked":["Prepared","Distraction"],"picked":"Heel Hook"}],"player_experience":275316,"potions_floor_usage":[7,16,35,36,41,47,50,50],"damage_taken":[{"damage":0,"enemies":"2 Louse","floor":1,"turns":4},{"damage":2,"enemies":"Small Slimes","floor":2,"turns":4},{"damage":2,"enemies":"Blue Slaver","floor":4,"turns":6},{"damage":34,"enemies":"Lagavulin","floor":7,"turns":11},{"damage":0,"enemies":"Large Slime","floor":12,"turns":6},{"damage":32,"enemies":"Slime Boss","floor":16,"turns":13},{"damage":0,"enemies":"3 Byrds","floor":18,"turns":3},{"damage":0,"enemies":"Spheric Guardian","floor":24,"turns":3},{"damage":0,"enemies":"Cultist and Chosen","floor":27,"turns":6},{"damage":7,"enemies":"Centurion and Healer","floor":29,"turns":4},{"damage":0,"enemies":"Snake Plant","floor":30,"turns":3},{"damage":0,"enemies":"Champ","floor":33,"turns":8},{"damage":0,"enemies":"3 Darklings","floor":35,"turns":4},{"damage":0,"enemies":"3 Shapes","floor":36,"turns":2},{"damage":0,"enemies":"Sphere and 2 Shapes","floor":38,"turns":4},{"damage":0,"enemies":"Maw","floor":41,"turns":6},{"damage":0,"enemies":"3 Darklings","floor":45,"turns":4},{"damage":0,"enemies":"Spire Growth","floor":47,"turns":4},{"damage":73,"enemies":"Donu and Deca","floor":50,"turns":5}],"event_choices":[{"event_name":"The Cleric","player_choice":"Card Removal","floor":5,"damage_taken":0},{"event_name":"Golden Idol","player_choice":"Lose Max HP","floor":11,"damage_taken":0},{"event_name":"Wheel of Change","player_choice":"Damage","floor":20,"damage_taken":0},{"event_name":"Beggar","player_choice":"Ignored","floor":21,"damage_taken":0},{"event_name":"Addict","player_choice":"Ignored","floor":25,"damage_taken":0},{"event_name":"Bonfire Elementals","player_choice":"COMMON","floor":31,"damage_taken":0},{"event_name":"The Woman in Blue","player_choice":"Bought 0 Potions","floor":39,"damage_taken":0},{"event_name":"Accursed Blacksmith","player_choice":"Ignore","floor":46,"damage_taken":0},{"event_name":"Mysterious Sphere","player_choice":"Ignore","floor":48,"damage_taken":0}],"boss_relics":[{"not_picked":["The Specimen","Ectoplasm"],"picked":"Pandora\u0027s Box"},{"not_picked":["Eternal Feather","Lizard Tail"],"picked":"Philosopher\u0027s Stone"}],"potions_floor_spawned":[4,12,18,27,29,35,36,45],"seed_played":"546162678937611124","killed_by":"Donu and Deca","ascension_level":0,"is_trial":false}