{"path_per_floor":["M","?","M","$","M","R","M","M","T","?","M","M","R","E","R","B",null,"M","?","M","?","?","R","?","$","T","M","R","M","R","?","R","B",null,"M","?","$","?","?","R","M","R","T","M","M","E","R","?","R","B"],"character_chosen":"IRONCLAD","items_purchased":["Inflame","Rupture","Happy Flower"],"gold_per_floor":[115,115,134,59,79,79,92,108,108,108,122,138,138,173,173,293,293,307,307,330,255,255,255,255,114,114,129,129,154,154,154,154,254,254,269,269,34,34,34,34,45,45,71,87,99,133,133,133,133,133],"floor_reached":51,"campfire_rested":0,"playtime":4302,"current_hp_per_floor":[80,60,66,66,72,72,65,57,57,41,47,53,53,49,49,25,80,58,58,47,47,47,47,47,47,47,60,60,74,74,74,74,16,84,88,88,88,78,78,78,90,90,92,92,80,87,87,87,87,72],"items_purged":["Strike_R","Strike_R"],"gold":133,"play_id":"947af7f5-ed9d-43bf-ba52-1beb7760cb3f","is_prod":false,"is_daily":false,"is_ascension_mode":false,"campfire_upgraded":11,"path_taken":["M","?","M","?","M","R","M","M","T","?","M","M","R","E","R","BOSS","M","?","M","?","?","R","?","$","T","?","R","M","R","?","R","BOSS","M","?","$","?","?","R","?","R","T","M","M","E","R","?","R","BOSS"],"build_version":"2018-01-25-BETA1","purchased_purges":2,"victory":true,"master_deck":["Defend_R","Defend_R+1","Bash+1","Rampage+1","Iron Wave","Armaments+1","Metallicize+1","Iron Wave","Reaper+1","Berserk+1","Offering+1","Whirlwind+1","Inflame+1","Feed+1","Offering+1","Brutality+1","Rupture","Madness+1","Madness+1","Metallicize+1"],"max_hp_per_floor":[80,80,80,80,80,80,80,80,80,80,80,80,80,80,80,80,80,80,80,80,80,80,80,80,80,80,80,80,80,80,80,80,84,84,88,88,88,88,88,88,92,92,92,92,92,96,96,96,96,100],"relics":["Burning Blood","Bloody Idol","Gambling Chip","Pen Nib","Nloth\u0027s Gift","Bag of Marbles","Sozu","Happy Flower","Regal Pillow","Lantern"],"card_choices":[{"not_picked":["Clothesline","Warcry"],"picked":"Rampage"},{"not_picked":["Fire Breathing","Pommel Strike"],"picked":"Iron Wave"},{"not_picked":["Anger","Infernal Blade"],"picked":"Armaments"},{"not_picked":["Pummel","Anger"],"picked":"Metallicize"},{"not_picked":["Cleave","Searing Blow"],"picked":"Iron Wave"},{"not_picked":["Reckless Charge","Whirlwind"],"picked":"Reaper"},{"not_picked":["Body Slam","Rage"],"picked":"Whirlwind"},{"not_picked":["Pommel Strike","Sever Soul"],"picked":"Feed"},{"not_picked":["Berserk","Impervious"],"picked":"Offering"},{"not_picked":["Corruption","Warcry"],"picked":"Brutality"},{"not_picked":["Headbutt","Fire Breathing"],"picked":"Metallicize"}],"player_experience":0,"potions_floor_usage":[7,14,16,33,33,33],"damage_taken":[{"damage":4,"enemies":"2 Louse","floor":1,"turns":4},{"damage":0,"enemies":"Cultist","floor":3,"turns":4},{"damage":0,"enemies":"Small Slimes","floor":5,"turns":5},{"damage":13,"enemies":"Exordium Thugs","floor":7,"turns":5},{"damage":14,"enemies":"Exordium Wildlife","floor":8,"turns":8},{"damage":0,"enemies":"Large Slime","floor":11,"turns":6},{"damage":0,"enemies":"2 Fungi Beasts","floor":12,"turns":5},{"damage":22,"enemies":"3 Sentries","floor":14,"turns":8},{"damage":35,"enemies":"The Guardian","floor":16,"turns":11},{"damage":38,"enemies":"2 Thieves","floor":18,"turns":4},{"damage":17,"enemies":"Spheric Guardian","floor":20,"turns":4},{"damage":9,"enemies":"Centurion and Healer","floor":27,"turns":6},{"damage":12,"enemies":"3 Cultists","floor":29,"turns":3},{"damage":83,"enemies":"Champ","floor":33,"turns":11},{"damage":8,"enemies":"3 Darklings","floor":35,"turns":2},{"damage":13,"enemies":"Orb Walker","floor":41,"turns":3},{"damage":19,"enemies":"Maw","floor":44,"turns":6},{"damage":23,"enemies":"3 Darklings","floor":45,"turns":2},{"damage":17,"enemies":"Giant Head","floor":46,"turns":6},{"damage":38,"enemies":"Awakened One","floor":50,"turns":7}],"event_choices":[{"event_name":"Golden Idol","player_choice":"Take Damage","floor":2,"damage_taken":0},{"event_name":"Shining Light","player_choice":"Entered Light","floor":10,"damage_taken":0},{"event_name":"Vampires","player_choice":"Ignored","floor":19,"damage_taken":0},{"event_name":"Beggar","player_choice":"Gave Gold","floor":21,"damage_taken":0},{"event_name":"N\u0027loth","player_choice":"Traded a Astrolabe","floor":22,"damage_taken":0},{"event_name":"Back to Basics","player_choice":"Elegance","floor":24,"damage_taken":0},{"event_name":"Forgotten Altar","player_choice":"Gave Idol","floor":31,"damage_taken":0},{"event_name":"Tomb of Lord Red Mask","player_choice":"Ignored","floor":36,"damage_taken":0},{"event_name":"Winding Halls","player_choice":"Embrace Madness","floor":38,"damage_taken":0},{"event_name":"Mysterious Sphere","player_choice":"Ignore","floor":39,"damage_taken":0}],"boss_relics":[{"not_picked":["Lizard Tail","Tiny House"],"picked":"Astrolabe"},{"not_picked":["Calling Bell","Philosopher\u0027s Stone"],"picked":"Sozu"}],"potions_floor_spawned":[1,7,11,16,27,29,33,41,44,45],"seed_played":"1527535219239401582","ascension_level":0,"is_trial":false}