{"path_per_floor":["M","M","M","$","M","R","E","R","T","M","M","?","$","M","R","B",null,"M","?","M","M","$","E","R","M","T","E","M","R","M","M","R","B",null,"M","M","?","M","M","R","$","M","T","R","M","$","M","M","R","B"],"character_chosen":"IRONCLAD","items_purchased":["Armaments","Apotheosis","Pen Nib","Kunai","Oddly Smooth Stone"],"gold_per_floor":[114,134,153,99,112,112,144,144,171,187,203,203,16,33,33,131,131,142,142,158,173,17,42,42,53,53,80,94,94,111,125,125,221,221,231,249,300,314,329,329,121,137,137,137,156,34,49,67,67,67],"floor_reached":51,"campfire_rested":3,"playtime":2807,"current_hp_per_floor":[80,80,75,75,70,70,58,58,58,64,75,68,68,67,67,20,80,80,65,76,70,70,59,59,71,71,75,67,85,78,73,73,14,85,85,79,56,48,41,66,66,85,85,85,72,72,56,48,73,36],"items_purged":[],"gold":67,"score":699,"play_id":"b11d77c3-91f1-4c7a-a44b-9be2b41e1e5f","local_time":"20180512182210","is_prod":false,"is_daily":false,"chose_seed":false,"is_ascension_mode":false,"campfire_upgraded":6,"timestamp":1526138530,"path_taken":["M","M","M","$","M","R","E","R","T","M","M","?","$","M","R","BOSS","M","?","M","M","$","E","R","M","T","E","M","R","M","M","R","BOSS","M","M","?","M","M","R","$","M","T","R","M","$","M","M","R","BOSS"],"build_version":"2018-05-11","seed_source_timestamp":85815948110805,"purchased_purges":0,"victory":true,"master_deck":["Strike_R","Strike_R","Strike_R","Strike_R","Strike_R","Defend_R","Defend_R","Defend_R","Defend_R","Bash","Demon Form+1","Sword Boomerang+1","Twin Strike","Perfected Strike","Armaments","Rage","Reaper+1","Apotheosis+1","Offering+1","Clothesline+1","Shrug It Off","Rage","Iron Wave","Pommel Strike","Twin Strike+1","Evolve+1","Disarm+1","Limit Break+1","Iron Wave+1","Flame Barrier+1","Thunderclap+1","Cleave","Perfected Strike+1"],"max_hp_per_floor":[80,80,80,80,80,80,80,80,80,80,80,80,80,80,80,80,80,80,85,85,85,85,85,85,85,85,85,85,85,85,85,85,85,85,85,85,85,85,85,85,85,85,85,85,85,85,85,85,85,85],"relics":["Burning Blood","Anchor","Omamori","Juzu Bracelet","Velvet Choker","Pen Nib","Toolbox","The Courier","Bag of Marbles","Lizard Tail","Du-Vu Doll","Kunai","Frozen Egg 2","Oddly Smooth Stone"],"card_choices":[{"not_picked":["Clash","Pommel Strike"],"picked":"Sword Boomerang","floor":1.0},{"not_picked":["Clash","Headbutt"],"picked":"Twin Strike","floor":2.0},{"not_picked":["Body Slam","Blood for Blood"],"picked":"Perfected Strike","floor":3.0},{"not_picked":["Clash","Infernal Blade"],"picked":"Rage","floor":5.0},{"not_picked":["Armaments","Body Slam"],"picked":"Reaper","floor":7.0},{"not_picked":["Rampage","Twin Strike","Anger"],"picked":"SKIP","floor":10.0},{"not_picked":["Feel No Pain","Headbutt","Second Wind"],"picked":"SKIP","floor":11.0},{"not_picked":["Twin Strike","Combust","Carnage"],"picked":"SKIP","floor":14.0},{"not_picked":["Juggernaut","Demon Form"],"picked":"Offering","floor":16.0},{"not_picked":["Armaments+1","Sword Boomerang"],"picked":"Clothesline+1","floor":18.0},{"not_picked":["Body Slam","True Grit"],"picked":"Shrug It Off","floor":20.0},{"not_picked":["Ghostly Armor","Clothesline+1"],"picked":"Rage","floor":21.0},{"not_picked":["Ghostly Armor","Havoc+1"],"picked":"Iron Wave","floor":23.0},{"not_picked":["Flex","True Grit+1"],"picked":"Pommel Strike","floor":25.0},{"not_picked":["Body Slam","Sword Boomerang"],"picked":"Twin Strike+1","floor":27},{"not_picked":["Bludgeon","Shrug It Off"],"picked":"Evolve+1","floor":28},{"not_picked":["Shrug It Off","Armaments+1"],"picked":"Disarm+1","floor":30},{"not_picked":["Clothesline+1","Uppercut","Sever Soul"],"picked":"SKIP","floor":31},{"not_picked":["Immolate","Impervious"],"picked":"Limit Break","floor":33},{"not_picked":["Clash","Shockwave+1","Havoc+1"],"picked":"SKIP","floor":35},{"not_picked":["Armaments+1","Metallicize","Headbutt"],"picked":"SKIP","floor":36},{"not_picked":["Corruption","Wild Strike+1"],"picked":"Iron Wave+1","floor":37},{"not_picked":["Sword Boomerang+1","Havoc","Headbutt"],"picked":"SKIP","floor":38},{"not_picked":["Headbutt","True Grit+1"],"picked":"Flame Barrier+1","floor":39},{"not_picked":["Flex","Bloodletting"],"picked":"Thunderclap+1","floor":42},{"not_picked":["Dual Wield+1","Bloodletting+1"],"picked":"Cleave","floor":45},{"not_picked":["Warcry","Rupture+1"],"picked":"Perfected Strike+1","floor":47},{"not_picked":["Warcry+1","Flex+1","Intimidate"],"picked":"SKIP","floor":48}],"player_experience":140685,"potions_floor_usage":[27,31,37,50,50],"damage_taken":[{"damage":3.0,"enemies":"Small Slimes","floor":1.0,"turns":3.0},{"damage":3.0,"enemies":"2 Louse","floor":2.0,"turns":3.0},{"damage":11.0,"enemies":"Jaw Worm","floor":3.0,"turns":2.0},{"damage":11.0,"enemies":"Red Slaver","floor":5.0,"turns":3.0},{"damage":18.0,"enemies":"Lagavulin","floor":7.0,"turns":5.0},{"damage":0.0,"enemies":"Blue Slaver","floor":10.0,"turns":3.0},{"damage":5.0,"enemies":"2 Fungi Beasts","floor":11.0,"turns":4.0},{"damage":7.0,"enemies":"3 Louse","floor":14.0,"turns":3.0},{"damage":53.0,"enemies":"Hexaghost","floor":16.0,"turns":8.0},{"damage":4.0,"enemies":"Spheric Guardian","floor":18.0,"turns":3.0},{"damage":4.0,"enemies":"3 Byrds","floor":20.0,"turns":3.0},{"damage":12.0,"enemies":"Sentry and Sphere","floor":21.0,"turns":6.0},{"damage":17.0,"enemies":"Book of Stabbing","floor":23.0,"turns":5.0},{"damage":4.0,"enemies":"Centurion and Healer","floor":25.0,"turns":6.0},{"damage":14,"enemies":"Slavers","floor":27,"turns":4},{"damage":14,"enemies":"Chosen and Byrds","floor":28,"turns":3},{"damage":13,"enemies":"Snake Plant","floor":30,"turns":3},{"damage":18,"enemies":"Cultist and Chosen","floor":31,"turns":5},{"damage":65,"enemies":"Automaton","floor":33,"turns":9},{"damage":6,"enemies":"3 Shapes","floor":35,"turns":3},{"damage":12,"enemies":"Flame Bruiser 1 Orb","floor":36,"turns":6},{"damage":29,"enemies":"Mysterious Sphere","floor":37,"turns":4},{"damage":14,"enemies":"Maw","floor":38,"turns":5},{"damage":58,"enemies":"4 Shapes","floor":39,"turns":4},{"damage":13,"enemies":"3 Darklings","floor":42,"turns":7},{"damage":19,"enemies":"Flame Bruiser 2 Orb","floor":45,"turns":5},{"damage":22,"enemies":"Maw","floor":47,"turns":6},{"damage":14,"enemies":"Sphere and 2 Shapes","floor":48,"turns":4},{"damage":62,"enemies":"Time Eater","floor":50,"turns":9}],"event_choices":[{"event_name":"Scrap Ooze","player_choice":"success","floor":12.0,"damage_taken":7.0},{"event_name":"Forgotten Altar","player_choice":"Shed Blood","floor":19.0,"damage_taken":0.0},{"event_name":"Mysterious Sphere","player_choice":"Fight","floor":37,"damage_taken":0}],"boss_relics":[{"not_picked":["Philosopher\u0027s Stone","Runic Pyramid"],"picked":"Lizard Tail"}],"potions_floor_spawned":[5,10,11,14,20,21,23,27,33,36,39,47],"seed_played":"3385881106390901463","ascension_level":0,"is_trial":false}