{"gold_per_floor":[116,129,129,144,144,176,176,195,195,209,228,263,33,33,33,138,138,156,156,156,5,16,16,30,30,103,103,119,119,154,174,174,277,277,287,287,387,39,56,84,96,107,130,130,147,147,22,41,41,41],"floor_reached":51,"playtime":1320,"items_purged":["Strike_R","Strike_R","Strike_R"],"score":884,"play_id":"feced7ad-df1a-46e5-b273-1c3019737842","local_time":"20190722172719","is_ascension_mode":false,"campfire_choices":[{"data":"Whirlwind","floor":7.0,"key":"SMITH"},{"floor":15.0,"key":"REST"},{"data":"Limit Break","floor":23.0,"key":"SMITH"},{"data":"Inflame","floor":29.0,"key":"SMITH"},{"data":"Sword Boomerang","floor":32.0,"key":"SMITH"},{"floor":49.0,"key":"REST"}],"neow_cost":"NONE","seed_source_timestamp":4924277412100,"circlet_count":0,"master_deck":["Strike_R","Strike_R","Defend_R","Defend_R","Defend_R","Defend_R","Bash","Whirlwind+1","Inflame+1","Limit Break+1","Anger","Heavy Blade+1","Feed+1","Apotheosis","Finesse","Shrug It Off+1"],"special_seed":0,"relics":["Black Blood","Kunai","Sundial","Bronze Scales","Bag of Preparation","Question Card","Busted Crown","MutagenicStrength","Pen Nib","Molten Egg 2","Dream Catcher","Ginger","Singing Bowl","Bird Faced Urn","Oddly Smooth Stone"],"potions_floor_usage":[50],"damage_taken":[{"damage":0.0,"enemies":"2 Louse","floor":1.0,"turns":2.0},{"damage":3.0,"enemies":"Small Slimes","floor":2.0,"turns":3.0},{"damage":6.0,"enemies":"Cultist","floor":4.0,"turns":3.0},{"damage":30.0,"enemies":"3 Sentries","floor":6.0,"turns":10.0},{"damage":17.0,"enemies":"Large Slime","floor":8.0,"turns":7.0},{"damage":10.0,"enemies":"3 Louse","floor":10.0,"turns":2.0},{"damage":15.0,"enemies":"Looter","floor":11.0,"turns":3.0},{"damage":31.0,"enemies":"Lagavulin","floor":12.0,"turns":5.0},{"damage":46.0,"enemies":"The Guardian","floor":16.0,"turns":13.0},{"damage":14.0,"enemies":"Shell Parasite","floor":18.0,"turns":6.0},{"damage":0.0,"enemies":"Chosen","floor":22.0,"turns":3.0},{"damage":10.0,"enemies":"Snecko","floor":24.0,"turns":3.0},{"damage":12.0,"enemies":"3 Cultists","floor":28.0,"turns":3.0},{"damage":20.0,"enemies":"Slavers","floor":30.0,"turns":2.0},{"damage":0.0,"enemies":"Sentry and Sphere","floor":31.0,"turns":2.0},{"damage":41.0,"enemies":"Champ","floor":33.0,"turns":5.0},{"damage":5.0,"enemies":"Orb Walker","floor":35.0,"turns":2.0},{"damage":15.0,"enemies":"Mind Bloom Boss Battle","floor":37.0,"turns":5.0},{"damage":19.0,"enemies":"3 Darklings","floor":39.0,"turns":2.0},{"damage":57.0,"enemies":"Reptomancer","floor":40.0,"turns":6.0},{"damage":29.0,"enemies":"Maw","floor":41.0,"turns":5.0},{"damage":49.0,"enemies":"Spire Growth","floor":42.0,"turns":4.0},{"damage":3.0,"enemies":"Transient","floor":45.0,"turns":5.0},{"damage":9.0,"enemies":"Writhing Mass","floor":48.0,"turns":4.0},{"damage":74,"enemies":"Donu and Deca","floor":50,"turns":8}],"seed_played":"-3143375264602726186","potions_obtained":[{"floor":1.0,"key":"Fire Potion"},{"floor":8.0,"key":"Fruit Juice"},{"floor":11.0,"key":"Ancient Potion"},{"floor":12.0,"key":"FairyPotion"},{"floor":16.0,"key":"Block Potion"},{"floor":30.0,"key":"AttackPotion"},{"floor":40.0,"key":"BloodPotion"},{"floor":42.0,"key":"Dexterity Potion"},{"floor":48.0,"key":"Poison Potion"}],"is_trial":false,"path_per_floor":["M","M","?","M","?","E","R","M","T","M","M","E","$","?","R","B",null,"M","$","?","$","M","R","M","?","T","?","M","R","E","M","R","B",null,"M","?","?","$","M","E","M","M","T","?","M","?","$","M","R","B",null],"character_chosen":"IRONCLAD","items_purchased":["Bag of Preparation","Pen Nib","Singing Bowl"],"campfire_rested":2,"item_purchase_floors":[13,21,38],"current_hp_per_floor":[88,88,93,93,93,69,69,63,63,59,50,25,25,18,47,7,98,90,90,90,90,96,96,92,72,72,72,66,66,52,58,58,23,103,103,93,92,92,85,40,29,27,27,27,36,36,36,41,78,16],"gold":41,"neow_bonus":"TEN_PERCENT_HP_BONUS","is_prod":false,"is_daily":false,"chose_seed":false,"campfire_upgraded":4,"win_rate":0,"timestamp":1563805639,"path_taken":["M","M","?","M","?","E","R","M","T","?","M","E","$","?","R","BOSS","M","$","?","$","M","R","M","?","T","?","M","R","E","M","R","BOSS","M","?","?","$","M","E","M","M","T","?","M","?","$","M","R","BOSS"],"build_version":"2019-07-17","purchased_purges":3,"victory":true,"max_hp_per_floor":[88,88,93,93,93,93,93,98,98,98,98,98,98,98,98,98,98,98,98,98,98,98,98,98,103,103,103,103,103,103,103,103,103,103,103,103,107,107,109,111,117,123,123,117,117,117,117,119,121,121],"card_choices":[{"not_picked":["Rupture","Heavy Blade"],"picked":"Whirlwind","floor":1.0},{"not_picked":["True Grit","Clothesline","Havoc"],"picked":"SKIP","floor":2.0},{"not_picked":["Heavy Blade","Warcry","Anger"],"picked":"SKIP","floor":4.0},{"not_picked":["Brutality","Metallicize","Disarm"],"picked":"SKIP","floor":6.0},{"not_picked":["Sword Boomerang","Iron Wave"],"picked":"Inflame","floor":8.0},{"not_picked":["Whirlwind","Shrug It Off","Pummel"],"picked":"SKIP","floor":10.0},{"not_picked":["Anger","Uppercut","Body Slam"],"picked":"SKIP","floor":11.0},{"not_picked":["Twin Strike","Headbutt","Clothesline"],"picked":"SKIP","floor":12.0},{"not_picked":["Reaper","Juggernaut","Feed"],"picked":"Limit Break","floor":16.0},{"not_picked":["Dual Wield","Havoc"],"picked":"SKIP","floor":18.0},{"not_picked":["Cleave"],"picked":"Anger","floor":22.0},{"not_picked":["Infernal Blade"],"picked":"Sword Boomerang","floor":24.0},{"not_picked":["Sentinel","Armaments"],"picked":"SKIP","floor":28.0},{"not_picked":["Warcry+1","Anger+1"],"picked":"SKIP","floor":30.0},{"not_picked":["Sword Boomerang+1"],"picked":"Heavy Blade+1","floor":31.0},{"not_picked":["Immolate+1"],"picked":"Feed+1","floor":33.0},{"not_picked":["Hemokinesis+1","Armaments"],"picked":"SKIP","floor":35.0},{"not_picked":["PanicButton"],"picked":"Apotheosis","floor":36.0},{"not_picked":["Impatience"],"picked":"Finesse","floor":36.0},{"not_picked":["Iron Wave+1","Dropkick+1"],"picked":"Singing Bowl","floor":39.0},{"not_picked":["Bloodletting+1","Thunderclap+1"],"picked":"Singing Bowl","floor":40.0},{"not_picked":["True Grit+1","Armaments"],"picked":"Singing Bowl","floor":41.0},{"not_picked":["Corruption","Pommel Strike+1"],"picked":"Singing Bowl","floor":42.0},{"not_picked":["Havoc+1"],"picked":"Shrug It Off+1","floor":45.0},{"not_picked":["Cleave+1","Anger+1"],"picked":"Singing Bowl","floor":48.0},{"not_picked":["Spot Weakness+1","Warcry+1"],"picked":"Singing Bowl","floor":49.0}],"player_experience":737707,"relics_obtained":[{"floor":6.0,"key":"Kunai"},{"floor":9.0,"key":"Sundial"},{"floor":12.0,"key":"Bronze Scales"},{"floor":26.0,"key":"Molten Egg 2"},{"floor":30.0,"key":"Dream Catcher"},{"floor":37.0,"key":"Ginger"},{"floor":40.0,"key":"Bird Faced Urn"},{"floor":43.0,"key":"Oddly Smooth Stone"}],"event_choices":[{"damage_healed":0.0,"max_hp_gain":5.0,"max_hp_loss":0.0,"gold_gain":0.0,"event_name":"Big Fish","player_choice":"Donut","floor":3.0,"gold_loss":0.0,"damage_taken":0.0},{"damage_healed":0.0,"max_hp_gain":0.0,"max_hp_loss":0.0,"gold_gain":0.0,"event_name":"The Woman in Blue","player_choice":"Bought 0 Potions","floor":5.0,"gold_loss":0.0,"damage_taken":0.0},{"damage_healed":0.0,"max_hp_gain":0.0,"max_hp_loss":0.0,"gold_gain":0.0,"event_name":"Scrap Ooze","player_choice":"Success","floor":14.0,"gold_loss":0.0,"damage_taken":7.0,"relics_obtained":["Question Card"]},{"damage_healed":0.0,"max_hp_gain":0.0,"max_hp_loss":0.0,"gold_gain":0.0,"event_name":"Drug Dealer","player_choice":"Inject Mutagens","floor":20.0,"gold_loss":0.0,"damage_taken":0.0,"relics_obtained":["MutagenicStrength"]},{"damage_healed":0.0,"max_hp_gain":5.0,"max_hp_loss":0.0,"gold_gain":0.0,"event_name":"Forgotten Altar","player_choice":"Shed Blood","floor":25.0,"gold_loss":0.0,"damage_taken":25.0},{"damage_healed":0.0,"max_hp_gain":0.0,"max_hp_loss":0.0,"gold_gain":0.0,"event_name":"The Mausoleum","player_choice":"Ignored","floor":27.0,"gold_loss":0.0,"damage_taken":0.0},{"damage_healed":0.0,"max_hp_gain":0.0,"max_hp_loss":0.0,"gold_gain":0.0,"event_name":"SensoryStone","player_choice":"Memory 3","floor":36.0,"gold_loss":0.0,"damage_taken":10.0},{"damage_healed":0.0,"max_hp_gain":0.0,"max_hp_loss":0.0,"gold_gain":0.0,"event_name":"MindBloom","player_choice":"Fight","floor":37.0,"gold_loss":0.0,"damage_taken":0.0},{"damage_healed":0.0,"max_hp_gain":0.0,"max_hp_loss":6.0,"gold_gain":0.0,"event_name":"Winding Halls","player_choice":"Max HP","floor":44.0,"gold_loss":0.0,"damage_taken":0.0},{"cards_removed":["Sword Boomerang"],"damage_healed":0.0,"max_hp_gain":0.0,"max_hp_loss":0.0,"gold_gain":0.0,"event_name":"Falling","player_choice":"Removed Attack","floor":46.0,"gold_loss":0.0,"damage_taken":0.0}],"is_beta":false,"boss_relics":[{"not_picked":["Astrolabe","Coffee Dripper"],"picked":"Busted Crown"},{"not_picked":["Black Star","Eternal Feather"],"picked":"Black Blood"}],"items_purged_floors":[13,38,47],"is_endless":false,"potions_floor_spawned":[1,8,11,12,16,30,31,40,42,45,48],"ascension_level":0}