{"gold_per_floor":[117,135,155,2,18,53,53,78,78,78,88,42,61,93,93,197,197,207,227,326,132,148,183,183],"floor_reached":24,"playtime":1026,"items_purged":[],"score":238,"play_id":"10e7570f-0902-47e1-9751-39b46d6df3f2","local_time":"20180727102143","is_ascension_mode":false,"campfire_choices":[{"data":"Bash","floor":10.0,"key":"SMITH"},{"floor":15.0,"key":"REST"}],"neow_cost":"NONE","seed_source_timestamp":50498432765924,"circlet_count":0,"master_deck":["Strike_R","Strike_R","Strike_R","Strike_R","Strike_R","Defend_R","Defend_R","Defend_R","Defend_R","Bash+1","Iron Wave","Iron Wave","Battle Trance+1","Ghostly Armor+1","Shrug It Off","Shrug It Off","Body Slam"],"special_seed":0,"relics":["Black Blood","Ancient Tea Set","Juzu Bracelet","Potion Belt","Smiling Mask","Magic Flower","ClockworkSouvenir","Strawberry"],"potions_floor_usage":[23,23],"damage_taken":[{"damage":4.0,"enemies":"2 Louse","floor":1.0,"turns":3.0},{"damage":0.0,"enemies":"Small Slimes","floor":2.0,"turns":3.0},{"damage":8.0,"enemies":"Jaw Worm","floor":3.0,"turns":3.0},{"damage":2.0,"enemies":"2 Fungi Beasts","floor":5.0,"turns":5.0},{"damage":19.0,"enemies":"Gremlin Nob","floor":6.0,"turns":5.0},{"damage":14.0,"enemies":"3 Sentries","floor":8.0,"turns":10.0},{"damage":0.0,"enemies":"Looter","floor":11.0,"turns":3.0},{"damage":4.0,"enemies":"Large Slime","floor":13.0,"turns":6.0},{"damage":33.0,"enemies":"Gremlin Nob","floor":14.0,"turns":6.0},{"damage":41.0,"enemies":"The Guardian","floor":16.0,"turns":20.0},{"damage":26.0,"enemies":"2 Thieves","floor":18.0,"turns":5.0},{"damage":12.0,"enemies":"Shell Parasite","floor":19.0,"turns":14.0},{"damage":43.0,"enemies":"Chosen and Byrds","floor":22.0,"turns":12.0},{"damage":37,"enemies":"Slavers","floor":23,"turns":10},{"damage":29,"enemies":"Snake Plant","floor":24,"turns":6}],"seed_played":"1699968326472365238","potions_obtained":[{"floor":1.0,"key":"SpeedPotion"},{"floor":3.0,"key":"Explosive Potion"},{"floor":8.0,"key":"SteroidPotion"},{"floor":11.0,"key":"Energy Potion"},{"floor":13.0,"key":"SpeedPotion"},{"floor":22.0,"key":"SpeedPotion"},{"floor":23,"key":"SpeedPotion"}],"is_trial":false,"path_per_floor":["M","M","M","$","M","E","?","E","T","R","M","$","M","E","R","B",null,"M","M","?","$","M","E"],"character_chosen":"IRONCLAD","items_purchased":["Battle Trance","Ghostly Armor","Shrug It Off","ClockworkSouvenir"],"campfire_rested":1,"item_purchase_floors":[4,4,12,21],"current_hp_per_floor":[80,80,78,78,80,67,51,43,43,43,49,49,51,24,48,16,80,69,72,72,72,44,29,0],"gold":183,"neow_bonus":"RANDOM_COMMON_RELIC","is_prod":false,"is_daily":false,"chose_seed":false,"campfire_upgraded":1,"win_rate":0,"timestamp":1532676103,"path_taken":["M","M","M","$","M","E","?","E","T","R","M","$","M","E","R","BOSS","M","M","?","$","M","E","M"],"build_version":"2018-07-26","purchased_purges":0,"victory":false,"max_hp_per_floor":[80,80,80,80,80,80,80,80,80,80,80,80,80,80,80,80,80,80,80,80,80,80,87,87],"card_choices":[{"not_picked":["Dropkick","Shrug It Off"],"picked":"Iron Wave","floor":1.0},{"not_picked":["True Grit","Havoc"],"picked":"Iron Wave","floor":2.0},{"not_picked":["Uppercut","Carnage","Anger"],"picked":"SKIP","floor":3.0},{"not_picked":["Flex","Pommel Strike","Anger"],"picked":"SKIP","floor":5.0},{"not_picked":["Reckless Charge","Bloodletting","Feel No Pain"],"picked":"SKIP","floor":6.0},{"not_picked":["Wild Strike","Immolate","Reckless Charge"],"picked":"SKIP","floor":8.0},{"not_picked":["Clothesline","Flex","Headbutt"],"picked":"SKIP","floor":11.0},{"not_picked":["Corruption","Bloodletting"],"picked":"Shrug It Off","floor":13.0},{"not_picked":["Carnage","Heavy Blade","Power Through"],"picked":"SKIP","floor":14.0},{"not_picked":["Dual Wield","Anger","Clothesline"],"picked":"SKIP","floor":18.0},{"not_picked":["Sword Boomerang","Perfected Strike","Clothesline"],"picked":"SKIP","floor":19.0},{"not_picked":["Thunderclap","Bloodletting"],"picked":"Body Slam","floor":22.0},{"not_picked":["Anger","Rampage","Wild Strike"],"picked":"SKIP","floor":23}],"player_experience":231425,"relics_obtained":[{"floor":6.0,"key":"Juzu Bracelet"},{"floor":8.0,"key":"Potion Belt"},{"floor":9.0,"key":"Smiling Mask"},{"floor":14.0,"key":"Magic Flower"},{"floor":23,"key":"Strawberry"}],"event_choices":[{"event_name":"Shining Light","player_choice":"Entered Light","floor":7.0,"damage_taken":0.0},{"event_name":"Nest","player_choice":"Stole From Cult","floor":20.0,"damage_taken":0.0}],"is_beta":false,"boss_relics":[{"not_picked":["Runic Cube","White Beast Statue"],"picked":"Black Blood"}],"items_purged_floors":[],"is_endless":false,"potions_floor_spawned":[1,3,8,11,13,22,23],"killed_by":"Snake Plant","ascension_level":0}