{"path_per_floor":["M","$","M","?","M","E","R","M","T","M","M","M","$","M","R","B",null,"M","$","M","M","M","R","M","?","T","E","?","$","?","M","R","B",null,"M","M","?","$","M","M","R","M","T","?","M","M","M","M","R","B"],"character_chosen":"IRONCLAD","items_purchased":["Paper Frog","Sword Boomerang","Inflame","Whetstone","Spot Weakness","Bag of Preparation"],"gold_per_floor":[366,97,110,110,122,152,152,166,166,178,194,204,60,71,71,168,168,184,40,53,68,81,81,93,93,93,125,75,4,4,22,22,120,120,138,157,157,6,25,45,45,62,62,62,79,91,111,131,131,131],"floor_reached":51,"campfire_rested":0,"playtime":1577,"item_purchase_floors":[],"current_hp_per_floor":[75,75,80,80,80,59,59,65,65,64,70,68,68,54,54,66,77,64,64,66,62,49,49,51,51,51,41,41,41,41,55,55,46,77,74,77,77,77,67,69,69,69,69,59,54,59,76,74,74,25],"items_purged":["Parasite"],"gold":131,"score":681,"play_id":"1e0e4950-f603-4eb2-82be-4f3bb4b955ed","local_time":"20180618054157","is_prod":false,"is_daily":false,"chose_seed":false,"is_ascension_mode":false,"campfire_upgraded":6,"win_rate":0,"timestamp":1529289717,"campfire_choices":[{"data":"Armaments","floor":7.0,"key":"SMITH"},{"data":"Bash","floor":15.0,"key":"SMITH"},{"data":"Inflame","floor":23.0,"key":"SMITH"},{"data":"Inflame","floor":32.0,"key":"SMITH"},{"data":"Spot Weakness","floor":41,"key":"SMITH"},{"data":"Offering","floor":49,"key":"SMITH"}],"path_taken":["M","$","M","?","?","E","R","M","T","M","M","M","$","M","R","BOSS","M","$","M","M","M","R","M","?","T","E","?","$","?","M","R","BOSS","M","M","?","$","M","M","R","?","T","?","M","?","M","M","R","BOSS"],"build_version":"2018-06-14v2","seed_source_timestamp":216218695375186,"purchased_purges":1,"victory":true,"master_deck":["Strike_R+1","Strike_R+1","Strike_R+1","Strike_R+1","Defend_R+1","Defend_R+1","Defend_R+1","Defend_R+1","Bash+1","Armaments+1","Sword Boomerang","Shrug It Off","Anger","Shrug It Off","Twin Strike+1","Inflame+1","Inflame+1","Offering+1","Twin Strike+1","Ghostly Armor","Spot Weakness+1","Reaper","Madness","Madness"],"max_hp_per_floor":[80,80,80,80,80,80,80,80,80,80,80,80,77,77,77,77,77,77,77,77,77,77,77,77,77,77,77,77,77,77,77,77,77,77,77,77,77,77,77,77,77,77,77,77,77,77,77,77,77,77],"special_seed":0,"relics":["Burning Blood","Paper Frog","Meat on the Bone","Pantograph","Busted Crown","Whetstone","Bottled Flame","Boot","Coffee Dripper","Bag of Preparation","Red Skull"],"card_choices":[{"not_picked":["Warcry","True Grit"],"picked":"Armaments","floor":1.0},{"not_picked":["Wild Strike","Anger"],"picked":"Shrug It Off","floor":3.0},{"not_picked":["Perfected Strike","Armaments"],"picked":"Shrug It Off","floor":5.0},{"not_picked":["Heavy Blade","Ghostly Armor"],"picked":"Twin Strike","floor":6.0},{"not_picked":["Juggernaut","Perfected Strike","Blood for Blood"],"picked":"SKIP","floor":8.0},{"not_picked":["Iron Wave","Burning Pact"],"picked":"Inflame","floor":10.0},{"not_picked":["Infernal Blade","Body Slam","Warcry"],"picked":"SKIP","floor":11.0},{"not_picked":["Combust","Havoc","Reckless Charge"],"picked":"SKIP","floor":12.0},{"not_picked":["Perfected Strike","Clash","True Grit"],"picked":"SKIP","floor":14.0},{"not_picked":["Reaper","Immolate"],"picked":"Offering","floor":16.0},{"not_picked":["Clash"],"picked":"SKIP","floor":18.0},{"not_picked":[],"picked":"Twin Strike+1","floor":20.0},{"not_picked":["Warcry"],"picked":"SKIP","floor":21.0},{"not_picked":["Combust"],"picked":"SKIP","floor":22.0},{"not_picked":["True Grit+1"],"picked":"SKIP","floor":24.0},{"not_picked":[],"picked":"Ghostly Armor","floor":27.0},{"not_picked":["Twin Strike"],"picked":"SKIP","floor":31.0},{"not_picked":[],"picked":"Reaper","floor":33},{"not_picked":["Cleave+1"],"picked":"SKIP","floor":35},{"not_picked":["Rupture+1"],"picked":"SKIP","floor":36},{"not_picked":["Evolve"],"picked":"SKIP","floor":39},{"not_picked":["Anger+1"],"picked":"SKIP","floor":40},{"not_picked":["Clothesline"],"picked":"SKIP","floor":42},{"not_picked":["Evolve+1"],"picked":"SKIP","floor":45},{"not_picked":["Sentinel"],"picked":"SKIP","floor":46},{"not_picked":["Twin Strike"],"picked":"SKIP","floor":47},{"not_picked":["Clash"],"picked":"SKIP","floor":48}],"player_experience":147446,"potions_floor_usage":[50,50],"damage_taken":[{"damage":11.0,"enemies":"Jaw Worm","floor":1.0,"turns":2.0},{"damage":1.0,"enemies":"Cultist","floor":3.0,"turns":3.0},{"damage":2.0,"enemies":"Small Slimes","floor":5.0,"turns":3.0},{"damage":27.0,"enemies":"Gremlin Nob","floor":6.0,"turns":4.0},{"damage":0.0,"enemies":"Red Slaver","floor":8.0,"turns":4.0},{"damage":7.0,"enemies":"Looter","floor":10.0,"turns":3.0},{"damage":0.0,"enemies":"Exordium Wildlife","floor":11.0,"turns":3.0},{"damage":8.0,"enemies":"2 Fungi Beasts","floor":12.0,"turns":4.0},{"damage":20.0,"enemies":"Lots of Slimes","floor":14.0,"turns":4.0},{"damage":17.0,"enemies":"Slime Boss","floor":16.0,"turns":8.0},{"damage":19.0,"enemies":"2 Thieves","floor":18.0,"turns":3.0},{"damage":4.0,"enemies":"Spheric Guardian","floor":20.0,"turns":2.0},{"damage":10.0,"enemies":"Snecko","floor":21.0,"turns":3.0},{"damage":19.0,"enemies":"Snake Plant","floor":22.0,"turns":3.0},{"damage":4.0,"enemies":"Sentry and Sphere","floor":24.0,"turns":2.0},{"damage":28.0,"enemies":"Gremlin Leader","floor":27.0,"turns":5.0},{"damage":4.0,"enemies":"Snecko","floor":31.0,"turns":4.0},{"damage":49,"enemies":"Automaton","floor":33,"turns":10},{"damage":9,"enemies":"3 Shapes","floor":35,"turns":4},{"damage":4,"enemies":"3 Darklings","floor":36,"turns":4},{"damage":20,"enemies":"Maw","floor":39,"turns":6},{"damage":4,"enemies":"Sphere and 2 Shapes","floor":40,"turns":4},{"damage":6,"enemies":"3 Darklings","floor":42,"turns":4},{"damage":11,"enemies":"Maw","floor":45,"turns":6},{"damage":15,"enemies":"4 Shapes","floor":46,"turns":6},{"damage":5,"enemies":"3 Darklings","floor":47,"turns":4},{"damage":32,"enemies":"Maw","floor":48,"turns":7},{"damage":117,"enemies":"Donu and Deca","floor":50,"turns":9}],"relics_obtained":[{"floor":6.0,"key":"Meat on the Bone"},{"floor":9.0,"key":"Pantograph"},{"floor":26.0,"key":"Bottled Flame"},{"floor":27.0,"key":"Boot"},{"floor":43,"key":"Red Skull"}],"event_choices":[{"event_name":"Transmorgrifier","player_choice":"Transform","floor":4.0,"damage_taken":0.0},{"event_name":"Back to Basics","player_choice":"Simplicity","floor":25.0,"damage_taken":0.0},{"event_name":"The Joust","player_choice":"Bet on Owner","floor":28.0,"damage_taken":0.0},{"event_name":"Ghosts","player_choice":"Ignored","floor":30.0,"damage_taken":0.0},{"event_name":"SecretPortal","player_choice":"Rejected Portal.","floor":37,"damage_taken":0},{"event_name":"Winding Halls","player_choice":"Embrace Madness","floor":44,"damage_taken":0}],"boss_relics":[{"not_picked":["Tiny House","Fusion Hammer"],"picked":"Busted Crown"},{"not_picked":["Velvet Choker","Lizard Tail"],"picked":"Coffee Dripper"}],"items_purged_floors":[],"is_endless":false,"potions_floor_spawned":[5,6,11,14,22,24,27,35,42,45,46],"seed_played":"-2897618945043593470","ascension_level":0,"potions_obtained":[{"floor":5.0,"key":"Strength Potion"},{"floor":6.0,"key":"EntropicBrew"},{"floor":11.0,"key":"FairyPotion"},{"floor":14.0,"key":"Dexterity Potion"},{"floor":22.0,"key":"Strength Potion"},{"floor":24.0,"key":"Regen Potion"},{"floor":27.0,"key":"Fire Potion"},{"floor":35,"key":"Block Potion"},{"floor":42,"key":"Strength Potion"}],"is_trial":false}