{"gold_per_floor":[99,99,99,99,99,99,99,99,99,99,99,99,99,84,84,84,84,9,9,9],"floor_reached":20,"playtime":686,"items_purged":[],"score":184,"play_id":"229d5058-6065-4ae6-886d-cb6935ccd65d","local_time":"20181004032406","is_ascension_mode":false,"campfire_choices":[{"data":"Gash","floor":6.0,"key":"SMITH"},{"data":"Go for the Eyes","floor":11,"key":"SMITH"},{"floor":15,"key":"REST"}],"neow_cost":"NONE","seed_source_timestamp":5511082154121,"circlet_count":0,"master_deck":["Strike_B","Strike_B","Strike_B","Strike_B","Defend_B","Defend_B","Defend_B","Defend_B","Zap","Dualcast","Rebound","Gash+1","Gash","Go for the Eyes+1","Machine Learning","Conserve Battery","Echo Form","Self Repair","Steam+1"],"special_seed":0,"relics":["Ectoplasm","Bag of Marbles","Turnip","Gremlin Horn","Golden Idol","PreservedInsect","NlothsMask","White Beast Statue"],"potions_floor_usage":[12,20],"damage_taken":[{"damage":7.0,"enemies":"Jaw Worm","floor":1.0,"turns":3.0},{"damage":1.0,"enemies":"Cultist","floor":2.0,"turns":3.0},{"damage":0.0,"enemies":"2 Louse","floor":5.0,"turns":1.0},{"damage":2,"enemies":"Blue Slaver","floor":7,"turns":2},{"damage":16,"enemies":"Lagavulin","floor":8,"turns":5},{"damage":12,"enemies":"3 Sentries","floor":12,"turns":7},{"damage":8,"enemies":"Exordium Thugs","floor":14,"turns":4},{"damage":33,"enemies":"Hexaghost","floor":16,"turns":10},{"damage":27,"enemies":"2 Thieves","floor":18,"turns":4},{"damage":24,"enemies":"3 Byrds","floor":19,"turns":7},{"damage":32,"enemies":"Sentry and Sphere","floor":20,"turns":5}],"seed_played":"3291182914488018371","potions_obtained":[{"floor":2.0,"key":"GamblersBrew"},{"floor":7,"key":"Block Potion"},{"floor":18,"key":"FearPotion"},{"floor":19,"key":"AttackPotion"}],"is_trial":false,"path_per_floor":["M","M","?","$","M","R","M","E","T","?","R","E","?","M","R","B",null,"M","M"],"character_chosen":"DEFECT","items_purchased":[],"campfire_rested":1,"item_purchase_floors":[],"current_hp_per_floor":[68,67,60,60,60,60,58,42,42,42,42,30,30,22,42,9,69,42,32,0],"gold":9,"neow_bonus":"BOSS_RELIC","is_prod":false,"is_daily":false,"chose_seed":false,"campfire_upgraded":2,"win_rate":0,"timestamp":1538612646,"path_taken":["M","M","?","$","M","R","M","E","T","?","R","E","?","M","R","BOSS","M","M","M"],"build_version":"2018-09-27","purchased_purges":0,"victory":false,"max_hp_per_floor":[75,75,75,75,75,75,75,75,75,69,69,69,69,69,69,69,69,69,69,69],"card_choices":[{"not_picked":["Cold Snap","Barrage","Darkness"],"picked":"SKIP","floor":1.0},{"not_picked":["Rip and Tear","Ball Lightning"],"picked":"Rebound","floor":2.0},{"not_picked":["Cold Snap","Doom and Gloom"],"picked":"Gash","floor":5.0},{"not_picked":["Turbo","Conserve Battery"],"picked":"Gash","floor":7},{"not_picked":["Coolheaded","Self Repair"],"picked":"Go for the Eyes","floor":8},{"not_picked":["Ball Lightning","Chaos"],"picked":"Machine Learning","floor":12},{"not_picked":["Loop","Glacier"],"picked":"Conserve Battery","floor":14},{"not_picked":["Buffer","Rainbow"],"picked":"Echo Form","floor":16},{"not_picked":["Sweeping Beam","Go for the Eyes"],"picked":"Self Repair","floor":18},{"not_picked":["Stack","Lockon"],"picked":"Steam+1","floor":19}],"player_experience":360709,"relics_obtained":[{"floor":8,"key":"Turnip"},{"floor":9,"key":"Gremlin Horn"},{"floor":12,"key":"PreservedInsect"}],"event_choices":[{"event_name":"Scrap Ooze","player_choice":"success","floor":3.0,"damage_taken":7.0},{"event_name":"Golden Idol","player_choice":"Lose Max HP","floor":10,"damage_taken":0},{"event_name":"FaceTrader","player_choice":"Trade","floor":13,"damage_taken":0}],"is_beta":false,"boss_relics":[{"not_picked":["Sozu","Philosopher\u0027s Stone"],"picked":"White Beast Statue"}],"items_purged_floors":[],"is_endless":false,"potions_floor_spawned":[2,7,18,19],"killed_by":"Sentry and Sphere","ascension_level":0}