{"gold_per_floor":[116,127,127,127,143,143,162,87,87,87,147,180,195,195,195,195],"floor_reached":16,"playtime":388,"items_purged":["Strike_R"],"score":100,"play_id":"53575e05-b2e0-44b7-adaf-aa9a173f99e8","local_time":"20190718223117","is_ascension_mode":false,"campfire_choices":[{"data":"Body Slam","floor":6.0,"key":"SMITH"},{"floor":15.0,"key":"DIG"}],"neow_cost":"NONE","seed_source_timestamp":53113181477100,"circlet_count":0,"master_deck":["Strike_R+1","Strike_R","Strike_R+1","Strike_R","Defend_R","Defend_R","Defend_R","Defend_R","Bash","Body Slam+1"],"special_seed":0,"relics":["Burning Blood","Turnip","Shovel","Charon\u0027s Ashes","PreservedInsect","Boot"],"potions_floor_usage":[16,16,16],"damage_taken":[{"damage":6.0,"enemies":"Jaw Worm","floor":1.0,"turns":4.0},{"damage":1.0,"enemies":"2 Louse","floor":2.0,"turns":4.0},{"damage":5.0,"enemies":"Small Slimes","floor":5.0,"turns":3.0},{"damage":10.0,"enemies":"Exordium Wildlife","floor":7.0,"turns":4.0},{"damage":28.0,"enemies":"Gremlin Nob","floor":11.0,"turns":4.0},{"damage":28.0,"enemies":"3 Sentries","floor":12.0,"turns":12.0},{"damage":0.0,"enemies":"Looter","floor":13.0,"turns":3.0},{"damage":43,"enemies":"Slime Boss","floor":16,"turns":9}],"seed_played":"-3042501883221595461","potions_obtained":[{"floor":2.0,"key":"Block Potion"},{"floor":11.0,"key":"FearPotion"},{"floor":12.0,"key":"GamblersBrew"},{"floor":13.0,"key":"Regen Potion"}],"is_trial":false,"path_per_floor":["M","M","?","?","M","R","M","$","T","$","?","E","M","?","R","B"],"character_chosen":"IRONCLAD","items_purchased":[],"campfire_rested":0,"item_purchase_floors":[],"current_hp_per_floor":[80,80,85,68,69,69,65,65,65,65,43,21,27,20,20,0],"gold":195,"neow_bonus":"THREE_CARDS","is_prod":false,"is_daily":false,"chose_seed":false,"campfire_upgraded":1,"win_rate":0,"timestamp":1563478277,"path_taken":["M","M","?","?","M","R","M","$","T","$","?","E","M","?","R","BOSS"],"build_version":"2019-07-10","purchased_purges":1,"victory":false,"max_hp_per_floor":[80,80,85,85,85,85,85,85,85,85,85,85,85,85,85,85],"card_choices":[{"not_picked":["Thunderclap","Pommel Strike"],"picked":"Body Slam","floor":0.0},{"not_picked":["Heavy Blade","Sever Soul","Twin Strike"],"picked":"SKIP","floor":1.0},{"not_picked":["Pommel Strike","Fire Breathing","Thunderclap"],"picked":"SKIP","floor":2.0},{"not_picked":["Seeing Red","Wild Strike","Thunderclap"],"picked":"SKIP","floor":5.0},{"not_picked":["Rampage","Burning Pact","Wild Strike"],"picked":"SKIP","floor":7.0},{"not_picked":["Whirlwind","Pummel","Twin Strike"],"picked":"SKIP","floor":12.0},{"not_picked":["Twin Strike","Cleave","Power Through"],"picked":"SKIP","floor":13.0}],"player_experience":177657,"relics_obtained":[{"floor":9.0,"key":"Turnip"},{"floor":11.0,"key":"Shovel"},{"floor":12.0,"key":"Charon\u0027s Ashes"},{"floor":15.0,"key":"Boot"}],"event_choices":[{"damage_healed":0.0,"max_hp_gain":5.0,"max_hp_loss":0.0,"gold_gain":0.0,"event_name":"Big Fish","player_choice":"Donut","floor":3.0,"gold_loss":0.0,"damage_taken":0.0},{"damage_healed":0.0,"max_hp_gain":0.0,"max_hp_loss":0.0,"gold_gain":0.0,"event_name":"Shining Light","player_choice":"Entered Light","floor":4.0,"gold_loss":0.0,"damage_taken":17.0,"cards_upgraded":["Strike_R","Strike_R"]},{"damage_healed":0.0,"max_hp_gain":0.0,"max_hp_loss":0.0,"gold_gain":30.0,"event_name":"Dead Adventurer","player_choice":"Searched \u00272\u0027 times","floor":11.0,"gold_loss":0.0,"damage_taken":0.0},{"damage_healed":0.0,"max_hp_gain":0.0,"max_hp_loss":0.0,"gold_gain":0.0,"event_name":"Scrap Ooze","player_choice":"Success","floor":14.0,"gold_loss":0.0,"damage_taken":7.0,"relics_obtained":["PreservedInsect"]}],"is_beta":true,"boss_relics":[],"items_purged_floors":[8],"is_endless":false,"potions_floor_spawned":[2,11,12,13],"killed_by":"Slime Boss","ascension_level":0}