{"gold_per_floor":[111,111,125,140,20,46,62,113,166,189,189],"floor_reached":11,"playtime":223,"items_purged":["Strike_R"],"score":73,"play_id":"db6ef8ab-d18f-4fa7-b333-dee9fdc3df40","local_time":"20190716094202","is_ascension_mode":false,"campfire_choices":[],"neow_cost":"NONE","seed_source_timestamp":164502739392400,"circlet_count":0,"master_deck":["Strike_R","Strike_R","Strike_R","Strike_R","Defend_R","Defend_R","Defend_R","Defend_R","Bash","Whirlwind","Feed"],"special_seed":0,"relics":["Burning Blood","Smiling Mask","Juzu Bracelet","Tiny Chest","Art of War"],"potions_floor_usage":[],"damage_taken":[{"damage":10.0,"enemies":"Cultist","floor":1.0,"turns":4.0},{"damage":6.0,"enemies":"Jaw Worm","floor":3.0,"turns":3.0},{"damage":0.0,"enemies":"2 Louse","floor":4.0,"turns":3.0},{"damage":54.0,"enemies":"Lagavulin","floor":6.0,"turns":8.0},{"damage":30,"enemies":"Exordium Thugs","floor":7,"turns":5}],"seed_played":"-4216158497075633888","potions_obtained":[{"floor":3.0,"key":"SteroidPotion"},{"floor":4.0,"key":"SpeedPotion"}],"is_trial":false,"path_per_floor":["M","?","M","M","$","E","M","?","T","T","$"],"character_chosen":"IRONCLAD","items_purchased":["Feed"],"campfire_rested":0,"item_purchase_floors":[5],"current_hp_per_floor":[84,77,77,83,83,35,11,11,11,11,11],"gold":189,"neow_bonus":"TEN_PERCENT_HP_BONUS","is_prod":false,"is_daily":false,"chose_seed":false,"campfire_upgraded":0,"win_rate":0,"timestamp":1563259322,"path_taken":["M","?","M","M","$","E","M","?","T","?","$"],"build_version":"2019-07-10","purchased_purges":1,"victory":false,"max_hp_per_floor":[88,88,88,88,88,88,88,88,88,88,88],"card_choices":[{"not_picked":["Warcry","Rupture"],"picked":"Whirlwind","floor":1.0},{"not_picked":["Hemokinesis","Wild Strike","Burning Pact"],"picked":"SKIP","floor":3.0},{"not_picked":["Cleave","Sword Boomerang","Havoc"],"picked":"SKIP","floor":4.0},{"not_picked":["Warcry","Intimidate","Combust"],"picked":"SKIP","floor":6.0},{"not_picked":["Headbutt","Iron Wave","Fire Breathing"],"picked":"SKIP","floor":7}],"player_experience":162339,"relics_obtained":[{"floor":6.0,"key":"Juzu Bracelet"},{"floor":9,"key":"Tiny Chest"},{"floor":10,"key":"Art of War"}],"event_choices":[{"damage_healed":0.0,"max_hp_gain":0.0,"max_hp_loss":0.0,"gold_gain":0.0,"event_name":"Scrap Ooze","player_choice":"Success","floor":2.0,"gold_loss":0.0,"damage_taken":7.0,"relics_obtained":["Smiling Mask"]},{"damage_healed":0,"gold_gain":51,"player_choice":"Gained Gold","damage_taken":0,"max_hp_gain":0,"max_hp_loss":0,"event_name":"Golden Wing","floor":8,"gold_loss":0}],"is_beta":true,"boss_relics":[],"items_purged_floors":[5],"is_endless":false,"potions_floor_spawned":[3,4],"ascension_level":0}