{"path_per_floor":["M","?","$","?","M","R","$","M","T","R","M","M","R","M","R","B",null,"M","M","$","?","M","R","$","R","T","M","M","M","R","M","R","B",null,"M","M","M","$","M","R","E","M","T","R","$","?","M","$","R","B"],"character_chosen":"IRONCLAD","items_purchased":["Shrug It Off","Finesse"],"gold_per_floor":[111,111,36,36,55,55,3,27,27,27,47,72,72,86,86,211,211,227,245,54,54,79,79,79,79,79,94,114,129,129,143,143,264,264,282,300,321,196,221,221,255,269,323,323,173,173,196,21,21,21],"floor_reached":51,"campfire_rested":3,"playtime":7057,"current_hp_per_floor":[46,26,26,10,16,16,16,22,22,22,28,32,56,62,62,49,80,73,71,71,71,75,75,75,75,75,66,69,78,78,85,85,74,109,112,109,106,106,101,123,64,85,85,122,122,122,128,128,128,53],"items_purged":["Strike_R","Defend_R","Strike_R","Defend_R","Feed"],"gold":21,"play_id":"743fe9bf-9f95-4d77-84f6-92b429e8d8e7","is_prod":false,"is_daily":false,"is_ascension_mode":true,"campfire_upgraded":8,"path_taken":["M","?","$","?","M","R","$","M","T","R","M","M","R","M","R","BOSS","M","M","$","?","M","R","?","R","T","M","M","?","R","M","R","BOSS","M","?","M","$","M","R","E","?","T","R","$","?","M","$","R","BOSS"],"build_version":"2018-01-29-BETA1","purchased_purges":5,"victory":true,"master_deck":["Strike_R+1","Defend_R","Defend_R","Bash","Rampage+1","Armaments+1","Battle Trance+1","Uppercut+1","Shrug It Off+1","Thunderclap","Inflame+1","Intimidate+1","Reaper","Disarm+1","Headbutt"],"max_hp_per_floor":[80,80,80,80,80,80,80,80,80,80,80,80,80,80,80,80,80,83,87,87,87,91,91,91,91,91,95,99,102,102,105,105,109,109,112,116,119,119,123,123,123,126,126,126,126,126,130,130,130,130],"relics":["Burning Blood","Golden Idol","Omamori","Cursed Key","Frozen Eye","Orrery","Bag of Marbles","Anchor"],"card_choices":[{"not_picked":["Twin Strike","True Grit"],"picked":"Battle Trance"},{"not_picked":["Wild Strike","Battle Trance"],"picked":"Uppercut"},{"not_picked":["Exhume","Rampage"],"picked":"Thunderclap"},{"not_picked":["Uppercut","Cleave"],"picked":"Inflame"},{"not_picked":["Berserk","Demon Form"],"picked":"Feed"},{"not_picked":["Iron Wave","Warcry"],"picked":"Intimidate"},{"not_picked":["Impervious","Exhume"],"picked":"Reaper"},{"not_picked":["Dropkick","Heavy Blade"],"picked":"Disarm"},{"not_picked":["Sentinel","Shrug It Off"],"picked":"Headbutt"}],"player_experience":165050,"potions_floor_usage":[16,16,16,22,33,33,42,50,50],"damage_taken":[{"damage":0,"enemies":"Small Slimes","floor":1,"turns":3},{"damage":0,"enemies":"Jaw Worm","floor":5,"turns":4},{"damage":0,"enemies":"2 Louse","floor":8,"turns":3},{"damage":0,"enemies":"2 Fungi Beasts","floor":11,"turns":6},{"damage":2,"enemies":"3 Louse","floor":12,"turns":3},{"damage":0,"enemies":"Large Slime","floor":14,"turns":6},{"damage":19,"enemies":"Hexaghost","floor":16,"turns":9},{"damage":16,"enemies":"3 Byrds","floor":18,"turns":5},{"damage":12,"enemies":"2 Thieves","floor":19,"turns":3},{"damage":6,"enemies":"Centurion and Healer","floor":22,"turns":4},{"damage":19,"enemies":"Cultist and Chosen","floor":27,"turns":7},{"damage":7,"enemies":"Sentry and Sphere","floor":28,"turns":7},{"damage":0,"enemies":"Centurion and Healer","floor":29,"turns":5},{"damage":2,"enemies":"Snecko","floor":31,"turns":3},{"damage":21,"enemies":"Automaton","floor":33,"turns":12},{"damage":2,"enemies":"Flame Bruiser 1 Orb","floor":35,"turns":6},{"damage":33,"enemies":"3 Darklings","floor":36,"turns":7},{"damage":12,"enemies":"Spire Growth","floor":37,"turns":4},{"damage":28,"enemies":"Flame Bruiser 2 Orb","floor":39,"turns":9},{"damage":65,"enemies":"Giant Head","floor":41,"turns":8},{"damage":28,"enemies":"4 Shapes","floor":42,"turns":7},{"damage":13,"enemies":"Maw","floor":47,"turns":7},{"damage":97,"enemies":"Donu and Deca","floor":50,"turns":10}],"event_choices":[{"event_name":"Golden Idol","player_choice":"Take Damage","floor":2,"damage_taken":0},{"event_name":"Shining Light","player_choice":"Entered Light","floor":4,"damage_taken":0},{"event_name":"Vampires","player_choice":"Ignored","floor":21,"damage_taken":0}],"boss_relics":[{"not_picked":["Tiny House","Runic Cube"],"picked":"Cursed Key"},{"not_picked":["Mark of Pain","Runic Dome"],"picked":"Orrery"}],"potions_floor_spawned":[11,12,14,16,19,31,37,41,47],"seed_played":"8249995234203022727","ascension_level":3,"is_trial":false}