{"gold_per_floor":[219,219,11,26,26,54,64,64,112,112,112,122,134,144,144,241,241,259,42,42,68,68,88,88,88,88,88,100,118,131,55,55,158,158,169,18,37,1,20,20,20,31,83,83,83,96,96,116,116,116],"floor_reached":50,"playtime":2089,"items_purged":["Strike_B","Decay"],"score":444,"play_id":"3ba9b0fe-3fb0-4fc9-aa50-97c156602118","local_time":"20181117153524","is_ascension_mode":false,"campfire_choices":[{"floor":8,"key":"RECALL"},{"data":"Hologram","floor":15,"key":"SMITH"},{"data":"Apotheosis","floor":24,"key":"SMITH"},{"data":"Seek","floor":32,"key":"SMITH"},{"data":"Machine Learning","floor":40,"key":"SMITH"},{"data":"Doubt","floor":45,"key":"PURGE"},{"floor":47,"key":"REST"},{"data":"Loop","floor":49,"key":"SMITH"}],"neow_cost":"NONE","seed_source_timestamp":152477550176085,"circlet_count":0,"master_deck":["Strike_B","Strike_B","Defend_B","Defend_B","Defend_B","Defend_B","Zap+1","Dualcast","Hologram+1","FTL","Steam","Scrape","Cold Snap","Conserve Battery","Go for the Eyes","Coolheaded","Coolheaded","Seek+1","Genetic Algorithm","Apotheosis+1","Steam","Gash","Beam Cell","BootSequence+1","Blizzard","Machine Learning+1","Gash","Cold Snap","Stack+1","Loop+1","Conserve Battery+1"],"relics":["Cracked Core","Boot","Peace Pipe","Sozu","Juzu Bracelet","Bottled Flame","Cursed Key","Regal Pillow"],"potions_floor_usage":[6,16,16,33],"damage_taken":[{"damage":0,"enemies":"2 Louse","floor":1,"turns":3},{"damage":3,"enemies":"Small Slimes","floor":4,"turns":3},{"damage":35,"enemies":"Gremlin Nob","floor":6,"turns":4},{"damage":0,"enemies":"Cultist","floor":7,"turns":3},{"damage":4,"enemies":"Large Slime","floor":12,"turns":5},{"damage":0,"enemies":"Exordium Wildlife","floor":13,"turns":2},{"damage":0,"enemies":"Exordium Thugs","floor":14,"turns":4},{"damage":25,"enemies":"Slime Boss","floor":16,"turns":15},{"damage":0,"enemies":"Spheric Guardian","floor":18,"turns":4},{"damage":5,"enemies":"3 Byrds","floor":23,"turns":5},{"damage":10,"enemies":"Sentry and Sphere","floor":28,"turns":8},{"damage":0,"enemies":"Centurion and Healer","floor":29,"turns":8},{"damage":11,"enemies":"Snecko","floor":30,"turns":9},{"damage":39,"enemies":"Champ","floor":33,"turns":21},{"damage":0,"enemies":"Orb Walker","floor":35,"turns":5},{"damage":17,"enemies":"3 Darklings","floor":37,"turns":5},{"damage":6,"enemies":"4 Shapes","floor":39,"turns":6},{"damage":10,"enemies":"Maw","floor":42,"turns":9},{"damage":8,"enemies":"Transient","floor":46,"turns":5},{"damage":8,"enemies":"Jaw Worm Horde","floor":48,"turns":5},{"damage":67,"enemies":"Time Eater","floor":50,"turns":13}],"seed_played":"-7551465286157180106","potions_obtained":[{"floor":1,"key":"Energy Potion"},{"floor":6,"key":"Poison Potion"},{"floor":12,"key":"Swift Potion"},{"floor":13,"key":"Block Potion"}],"is_trial":false,"path_per_floor":["M","?","$","M","?","E","M","R","T","?","?","M","M","M","R","B",null,"M","$","?","T","$","M","R","?","T","$","M","M","M","$","R","B",null,"M","$","M","$","M","R","$","M","T","$","R","M","R","M","R","B"],"character_chosen":"DEFECT","items_purchased":["FTL","Steam","Apotheosis","Steam","Blizzard","Cold Snap","Loop"],"campfire_rested":1,"item_purchase_floors":[3,3,19,19,31,36,38],"current_hp_per_floor":[75,72,72,69,69,34,34,34,34,59,59,55,55,55,55,30,75,75,75,75,75,75,70,70,70,70,70,60,60,49,49,49,10,75,75,75,58,58,52,52,52,42,42,42,42,34,71,63,63,0],"gold":116,"neow_bonus":"HUNDRED_GOLD","is_prod":false,"is_daily":false,"chose_seed":false,"campfire_upgraded":5,"win_rate":0,"timestamp":1542461724,"path_taken":["M","?","$","M","?","E","M","R","T","?","?","M","?","M","R","BOSS","M","$","?","?","$","M","R","?","T","$","M","M","M","?","R","BOSS","M","$","M","$","M","R","?","M","T","$","R","M","R","M","R","BOSS"],"build_version":"2018-11-15","purchased_purges":2,"victory":false,"max_hp_per_floor":[75,75,75,75,75,75,75,75,75,75,75,75,75,75,75,75,75,75,75,75,75,75,75,75,75,75,75,75,75,75,75,75,75,75,75,75,75,75,75,75,75,75,75,75,75,75,75,75,75,75],"card_choices":[{"not_picked":["Melter","Chill"],"picked":"Hologram","floor":1},{"not_picked":["Melter","Lockon"],"picked":"Scrape","floor":4},{"not_picked":["Redo","FTL"],"picked":"Cold Snap","floor":6},{"not_picked":["Scrape","Fusion"],"picked":"Conserve Battery","floor":7},{"not_picked":["Auto Shields","Beam Cell"],"picked":"Go for the Eyes","floor":12},{"not_picked":["BootSequence","Hello World"],"picked":"Coolheaded","floor":13},{"not_picked":["Leap","Loop"],"picked":"Coolheaded","floor":14},{"not_picked":["Thunder Strike","Biased Cognition"],"picked":"Seek","floor":16},{"not_picked":["Capacitor","Heatsinks+1"],"picked":"Genetic Algorithm","floor":18},{"not_picked":["Turbo+1","Ball Lightning"],"picked":"Gash","floor":23},{"not_picked":["Ball Lightning","Leap"],"picked":"Beam Cell","floor":28},{"not_picked":["Redo","Stack"],"picked":"BootSequence+1","floor":29},{"not_picked":["Go for the Eyes+1","Lockon","Rainbow"],"picked":"SKIP","floor":30},{"not_picked":["Creative AI","Electrodynamics"],"picked":"Machine Learning","floor":33},{"not_picked":["Ball Lightning","Conserve Battery+1"],"picked":"Gash","floor":35},{"not_picked":["Auto Shields+1","Rip and Tear"],"picked":"Stack+1","floor":37},{"not_picked":["Streamline","Chill+1"],"picked":"Conserve Battery+1","floor":39},{"not_picked":["Barrage","Storm+1","Go for the Eyes"],"picked":"SKIP","floor":42},{"not_picked":["Rebound+1","Redo","Hyperbeam"],"picked":"SKIP","floor":46},{"not_picked":["Turbo+1","Fusion","Stack+1"],"picked":"SKIP","floor":48}],"player_experience":475219,"relics_obtained":[{"floor":6,"key":"Peace Pipe"},{"floor":21,"key":"Juzu Bracelet"},{"floor":26,"key":"Bottled Flame"},{"floor":43,"key":"Regal Pillow"}],"event_choices":[{"damage_healed":0,"gold_gain":0,"player_choice":"Success","damage_taken":3,"relics_obtained":["Boot"],"max_hp_gain":0,"max_hp_loss":0,"event_name":"Scrap Ooze","floor":2,"gold_loss":0},{"damage_healed":0,"gold_gain":0,"player_choice":"Grow","damage_taken":0,"max_hp_gain":0,"max_hp_loss":0,"event_name":"Living Wall","floor":5,"gold_loss":0,"cards_upgraded":["Zap"]},{"damage_healed":25,"gold_gain":0,"player_choice":"Banana","damage_taken":0,"max_hp_gain":0,"max_hp_loss":0,"event_name":"Big Fish","floor":10,"gold_loss":0},{"cards_removed":["Strike_B"],"damage_healed":0,"gold_gain":0,"player_choice":"Offered Basic","damage_taken":0,"max_hp_gain":0,"max_hp_loss":0,"event_name":"Bonfire Elementals","floor":11,"gold_loss":0},{"damage_healed":0,"gold_gain":0,"player_choice":"Smashed Altar","damage_taken":0,"max_hp_gain":0,"max_hp_loss":0,"event_name":"Forgotten Altar","floor":20,"gold_loss":0,"cards_obtained":["Decay"]},{"damage_healed":0,"gold_gain":0,"player_choice":"Got Potions","damage_taken":0,"max_hp_gain":0,"max_hp_loss":0,"event_name":"Lab","floor":25,"gold_loss":0}],"is_beta":false,"boss_relics":[{"not_picked":["Astrolabe","Coffee Dripper"],"picked":"Sozu"},{"not_picked":["Eternal Feather","Lizard Tail"],"picked":"Cursed Key"}],"items_purged_floors":[3,36],"is_endless":false,"potions_floor_spawned":[1,6,12,13,14,23,28,33,42,46],"killed_by":"Time Eater","ascension_level":0}