{"path_per_floor":["M","?","M","$","?","R","M","M","T","$","?","M","R","?","R","B",null,"M","$","?","M","$","R","?","M","T","R","M","M","R","M","R","B",null,"M","$","M","?","M","R","M","M","T","R","$","R","?","?","R","B"],"character_chosen":"IRONCLAD","items_purchased":["Metallicize","Bandage Up","Armaments","Dexterity Potion"],"gold_per_floor":[114,189,206,54,54,54,68,82,129,29,29,48,48,48,48,153,153,171,66,66,80,31,31,31,41,41,41,53,68,68,83,83,180,180,198,73,86,86,99,99,114,128,128,128,80,80,80,0,0,0],"floor_reached":51,"campfire_rested":3,"playtime":4134,"current_hp_per_floor":[80,69,69,69,69,69,75,66,66,66,66,72,72,77,77,46,85,82,82,82,85,85,85,85,85,85,85,85,73,73,82,82,58,85,66,66,56,46,19,44,44,48,48,48,48,73,73,73,85,31],"items_purged":["Strike_R","Strike_R","Strike_R"],"gold":0,"play_id":"51f79461-6047-401f-b98a-3f604d3fe19f","is_prod":false,"is_daily":false,"is_ascension_mode":true,"campfire_upgraded":8,"path_taken":["M","?","M","$","?","R","M","M","T","?","?","M","R","?","R","BOSS","M","$","?","M","$","R","?","M","T","R","?","M","R","M","R","BOSS","M","$","M","?","?","R","M","M","T","R","$","R","?","?","R","BOSS"],"build_version":"2018-01-26-BETA1","purchased_purges":3,"victory":true,"master_deck":["Defend_R","Defend_R","Defend_R","Defend_R","Bash+1","Juggernaut+1","Metallicize+1","Rampage+1","Offering+1","Headbutt","Bandage Up","Flame Barrier+1","Armaments+1","Iron Wave+1","Offering+1","Madness","Madness","Iron Wave+1","Sword Boomerang"],"max_hp_per_floor":[80,80,80,80,80,80,80,80,80,80,80,80,80,85,85,85,85,85,85,85,85,85,85,85,85,85,85,85,85,85,85,85,85,85,85,85,85,85,85,85,85,85,85,85,85,85,85,85,85,85],"relics":["Black Blood","Happy Flower","Red Skull","Lizard Tail","Letter Opener","Red Mask"],"card_choices":[{"not_picked":["Twin Strike","Clothesline"],"picked":"Cleave"},{"not_picked":["Pummel","Headbutt"],"picked":"Juggernaut"},{"not_picked":["Headbutt","Rupture"],"picked":"Rampage"},{"not_picked":["Brutality","Dark Embrace"],"picked":"Offering"},{"not_picked":["Feel No Pain","Thunderclap"],"picked":"Headbutt"},{"not_picked":["Hemokinesis","Fire Breathing"],"picked":"Flame Barrier"},{"not_picked":["Spot Weakness","Thunderclap"],"picked":"Iron Wave"},{"not_picked":["Double Tap","Fiend Fire"],"picked":"Offering"},{"not_picked":["Reckless Charge","Dropkick"],"picked":"Iron Wave"}],"player_experience":85334,"potions_floor_usage":[12,28,31,33,39,42,50,50,50],"damage_taken":[{"damage":0,"enemies":"Small Slimes","floor":1,"turns":3},{"damage":6,"enemies":"Jaw Worm","floor":3,"turns":5},{"damage":0,"enemies":"Cultist","floor":7,"turns":4},{"damage":15,"enemies":"Large Slime","floor":8,"turns":10},{"damage":0,"enemies":"2 Fungi Beasts","floor":12,"turns":4},{"damage":37,"enemies":"Hexaghost","floor":16,"turns":9},{"damage":13,"enemies":"Chosen","floor":18,"turns":4},{"damage":5,"enemies":"Shell Parasite","floor":21,"turns":5},{"damage":4,"enemies":"Snecko","floor":25,"turns":5},{"damage":12,"enemies":"Slaver and Parasite","floor":28,"turns":5},{"damage":28,"enemies":"Snake Plant","floor":29,"turns":4},{"damage":5,"enemies":"3 Cultists","floor":31,"turns":5},{"damage":40,"enemies":"Champ","floor":33,"turns":15},{"damage":33,"enemies":"Orb Walker","floor":35,"turns":4},{"damage":24,"enemies":"3 Shapes","floor":37,"turns":6},{"damage":41,"enemies":"3 Darklings","floor":39,"turns":6},{"damage":14,"enemies":"Sphere and 2 Shapes","floor":41,"turns":5},{"damage":25,"enemies":"Maw","floor":42,"turns":8},{"damage":68,"enemies":"Time Eater","floor":50,"turns":13}],"event_choices":[{"event_name":"World of Goop","player_choice":"Gather Gold","floor":2,"damage_taken":0},{"event_name":"Living Wall","player_choice":"Grow","floor":5,"damage_taken":0},{"event_name":"The Lab","player_choice":"Got Potions","floor":11,"damage_taken":0},{"event_name":"Big Fish","player_choice":"Donut","floor":14,"damage_taken":0},{"event_name":"Back to Basics","player_choice":"Elegance","floor":20,"damage_taken":0},{"event_name":"Beggar","player_choice":"Ignored","floor":24,"damage_taken":0},{"event_name":"Winding Halls","player_choice":"Embrace Madness","floor":38,"damage_taken":0},{"event_name":"Transmorgrifier","player_choice":"Transform","floor":47,"damage_taken":0},{"event_name":"Tomb of Lord Red Mask","player_choice":"Paid","floor":48,"damage_taken":0}],"boss_relics":[{"not_picked":["Black Star","Astrolabe"],"picked":"Black Blood"},{"not_picked":["Tiny House","Snecko Eye"],"picked":"Lizard Tail"}],"potions_floor_spawned":[3,8,18,25,29,37,41,42],"seed_played":"-8119782560369775819","ascension_level":1,"is_trial":false}