{"gold_per_floor":[116,116,127,144,75,103,118,79,79,79,109,122,69,81,81,183,183,197,208,218,229,229,229,243,243],"floor_reached":25,"playtime":998,"items_purged":[],"score":217,"play_id":"dac9c07a-7e8a-400d-a247-f21afde0f05c","local_time":"20180715054744","is_ascension_mode":false,"campfire_choices":[{"data":"Armaments","floor":15.0,"key":"SMITH"},{"data":"Limit Break","floor":23.0,"key":"SMITH"}],"neow_cost":"NONE","seed_source_timestamp":0,"circlet_count":0,"master_deck":["Strike_R","Strike_R","Strike_R","Strike_R","Strike_R","Defend_R","Defend_R","Defend_R","Defend_R","Bash","Battle Trance","Ghostly Armor","Body Slam","Inflame","Iron Wave","Inflame","Offering","Armaments+1","Immolate","Shrug It Off","Perfected Strike","Limit Break+1","Shrug It Off","Armaments","Entrench+1","Seeing Red+1","Inflame+1"],"special_seed":0,"relics":["Black Blood","Unceasing Top","Prayer Wheel","Mango"],"potions_floor_usage":[25],"damage_taken":[{"damage":0.0,"enemies":"Small Slimes","floor":1.0,"turns":3.0},{"damage":8.0,"enemies":"2 Louse","floor":3.0,"turns":3.0},{"damage":0.0,"enemies":"Cultist","floor":4.0,"turns":3.0},{"damage":20.0,"enemies":"3 Sentries","floor":6.0,"turns":11.0},{"damage":15.0,"enemies":"Gremlin Gang","floor":7.0,"turns":7.0},{"damage":31.0,"enemies":"Lagavulin","floor":11.0,"turns":7.0},{"damage":7.0,"enemies":"Red Slaver","floor":12.0,"turns":5.0},{"damage":0.0,"enemies":"Looter","floor":14.0,"turns":3.0},{"damage":20.0,"enemies":"Hexaghost","floor":16.0,"turns":9.0},{"damage":22.0,"enemies":"Shell Parasite","floor":18.0,"turns":8.0},{"damage":24.0,"enemies":"2 Thieves","floor":19.0,"turns":4.0},{"damage":19.0,"enemies":"Snake Plant","floor":20.0,"turns":5.0},{"damage":23.0,"enemies":"Cultist and Chosen","floor":21.0,"turns":6.0},{"damage":17.0,"enemies":"Centurion and Healer","floor":24.0,"turns":7.0},{"damage":40,"enemies":"Sentry and Sphere","floor":25,"turns":5}],"seed_played":"3123948246174927675","potions_obtained":[],"is_trial":false,"path_per_floor":["M","?","M","M","$","E","M","$","T","?","E","M","$","M","R","B",null,"M","M","M","M","?","R","M"],"character_chosen":"IRONCLAD","items_purchased":["Inflame","Inflame","Shrug It Off"],"campfire_rested":0,"item_purchase_floors":[5,8,13],"current_hp_per_floor":[80,80,78,80,80,66,57,57,57,80,69,68,68,74,74,60,94,82,68,59,46,46,46,39,0],"gold":243,"neow_bonus":"THREE_SMALL_POTIONS","is_prod":false,"is_daily":false,"chose_seed":false,"campfire_upgraded":2,"win_rate":0,"timestamp":1531622864,"path_taken":["M","?","M","?","$","E","M","?","T","?","E","M","$","M","R","BOSS","M","M","M","M","?","R","M","M"],"build_version":"2018-07-12","purchased_purges":0,"victory":false,"max_hp_per_floor":[80,80,80,80,80,80,80,80,80,80,94,94,94,94,94,94,94,94,94,94,94,94,94,94,94],"card_choices":[{"not_picked":["Thunderclap","Sword Boomerang"],"picked":"Battle Trance","floor":1.0},{"not_picked":["Searing Blow","Havoc"],"picked":"Ghostly Armor","floor":3.0},{"not_picked":["Clothesline","Perfected Strike"],"picked":"Body Slam","floor":4.0},{"not_picked":["Sever Soul","Sword Boomerang"],"picked":"Iron Wave","floor":6.0},{"not_picked":["Flex","Twin Strike","Corruption"],"picked":"SKIP","floor":7.0},{"not_picked":["Anger","Warcry"],"picked":"Offering","floor":11.0},{"not_picked":["Havoc","Iron Wave"],"picked":"Armaments","floor":12.0},{"not_picked":["True Grit","Combust"],"picked":"Immolate","floor":12.0},{"not_picked":["True Grit","Thunderclap"],"picked":"Perfected Strike","floor":14.0},{"not_picked":["Blood for Blood","Warcry","True Grit"],"picked":"SKIP","floor":14.0},{"not_picked":["Brutality","Exhume"],"picked":"Limit Break","floor":16.0},{"not_picked":["Perfected Strike+1","Flex"],"picked":"Shrug It Off","floor":18.0},{"not_picked":["Carnage","Dual Wield","Pommel Strike"],"picked":"SKIP","floor":18.0},{"not_picked":["Warcry+1","Double Tap"],"picked":"Armaments","floor":19.0},{"not_picked":["Dropkick+1","Searing Blow+1","Infernal Blade"],"picked":"SKIP","floor":19.0},{"not_picked":["Warcry+1","Twin Strike+1"],"picked":"Entrench+1","floor":20.0},{"not_picked":["Searing Blow","Heavy Blade","Uppercut"],"picked":"SKIP","floor":20.0},{"not_picked":["Uppercut","Battle Trance"],"picked":"Seeing Red+1","floor":21.0},{"not_picked":["Power Through+1","Perfected Strike","Dropkick"],"picked":"SKIP","floor":21.0},{"not_picked":["Thunderclap","Disarm"],"picked":"Inflame+1","floor":24.0},{"not_picked":["Headbutt","Rupture","Sever Soul"],"picked":"SKIP","floor":24.0}],"player_experience":201392,"relics_obtained":[{"floor":6.0,"key":"Unceasing Top"},{"floor":9.0,"key":"Prayer Wheel"},{"floor":11.0,"key":"Mango"}],"event_choices":[{"event_name":"The Cleric","player_choice":"Leave","floor":2.0,"damage_taken":0.0},{"event_name":"Wheel of Change","player_choice":"Full Heal","floor":10.0,"damage_taken":0.0},{"event_name":"Beggar","player_choice":"Ignored","floor":22.0,"damage_taken":0.0}],"boss_relics":[{"not_picked":["Orrery","Runic Cube"],"picked":"Black Blood"}],"items_purged_floors":[],"is_endless":false,"potions_floor_spawned":[1,4,7,12,16,18,21],"killed_by":"Sentry and Sphere","ascension_level":0}