{"gold_per_floor":[117,136,136,61,61,92,106,181,204,229,229,249,282,282,282,282],"floor_reached":16,"playtime":477,"items_purged":["Doubt"],"score":110,"play_id":"d5745249-1d16-4e5e-8c90-c41343ea4df0","local_time":"20180730214824","is_ascension_mode":false,"campfire_choices":[{"data":"Barricade","floor":11,"key":"SMITH"},{"floor":15,"key":"REST"}],"neow_cost":"CURSE","seed_source_timestamp":118427323644126,"circlet_count":0,"master_deck":["Strike_R","Strike_R","Strike_R","Strike_R","Strike_R","Defend_R","Defend_R","Defend_R","Defend_R","Bash","Barricade+1","Body Slam","Iron Wave","Rage"],"special_seed":0,"relics":["Burning Blood","Golden Idol","Dream Catcher","Juzu Bracelet","Torii"],"potions_floor_usage":[10,13,16],"damage_taken":[{"damage":2.0,"enemies":"Small Slimes","floor":1.0,"turns":5.0},{"damage":8.0,"enemies":"2 Louse","floor":2.0,"turns":3.0},{"damage":53.0,"enemies":"Gremlin Nob","floor":6.0,"turns":6.0},{"damage":1.0,"enemies":"Cultist","floor":7.0,"turns":4.0},{"damage":0,"enemies":"Lots of Slimes","floor":10,"turns":4},{"damage":10,"enemies":"Looter","floor":12,"turns":3},{"damage":21,"enemies":"3 Sentries","floor":13,"turns":11},{"damage":41,"enemies":"The Guardian","floor":16,"turns":14}],"seed_played":"-2360329388536910993","potions_obtained":[{"floor":6.0,"key":"SteroidPotion"},{"floor":7.0,"key":"GamblersBrew"},{"floor":12,"key":"Block Potion"}],"is_trial":false,"path_per_floor":["M","M","?","$","?","E","M","?","T","M","R","M","E","?","R"],"character_chosen":"IRONCLAD","items_purchased":[],"campfire_rested":1,"item_purchase_floors":[],"current_hp_per_floor":[80,78,74,74,74,27,32,21,21,27,27,23,8,8,30,0],"gold":282,"neow_bonus":"THREE_RARE_CARDS","is_prod":false,"is_daily":false,"chose_seed":false,"campfire_upgraded":1,"win_rate":0,"timestamp":1532976504,"path_taken":["M","M","?","$","?","E","M","?","T","M","R","M","E","?","R","BOSS"],"build_version":"2018-07-26","purchased_purges":1,"victory":false,"max_hp_per_floor":[80,80,74,74,74,74,74,74,74,74,74,74,74,74,74,74],"card_choices":[{"not_picked":["Exhume","Limit Break"],"picked":"Barricade","floor":0.0},{"not_picked":["Sever Soul","Uppercut","Cleave"],"picked":"SKIP","floor":1.0},{"not_picked":["Twin Strike","True Grit","Anger"],"picked":"SKIP","floor":2.0},{"not_picked":["Feel No Pain","Reckless Charge","Heavy Blade"],"picked":"SKIP","floor":6.0},{"not_picked":["Blood for Blood","True Grit"],"picked":"Body Slam","floor":7.0},{"not_picked":["Exhume","Heavy Blade","Havoc"],"picked":"SKIP","floor":10},{"not_picked":["Pommel Strike","Spot Weakness"],"picked":"Iron Wave","floor":12},{"not_picked":["Infernal Blade","Iron Wave"],"picked":"Rage","floor":13}],"player_experience":267670,"relics_obtained":[{"floor":6.0,"key":"Dream Catcher"},{"floor":9.0,"key":"Juzu Bracelet"},{"floor":13,"key":"Torii"}],"event_choices":[{"event_name":"Golden Idol","player_choice":"Lose Max HP","floor":3.0,"damage_taken":0.0},{"event_name":"Golden Wing","player_choice":"Ignored","floor":5.0,"damage_taken":0.0},{"event_name":"World of Goop","player_choice":"Gather Gold","floor":8.0,"damage_taken":0.0},{"event_name":"Shining Light","player_choice":"Ignored","floor":14,"damage_taken":0}],"is_beta":false,"boss_relics":[],"items_purged_floors":[4],"is_endless":false,"potions_floor_spawned":[6,7,12],"killed_by":"The Guardian","ascension_level":0}