{"gold_per_floor":[216,235,27,27,27,52,63,63,63,93,93],"floor_reached":11,"playtime":275,"items_purged":[],"score":81,"play_id":"eadec1d9-1561-4dbf-8310-c1305ab6637e","local_time":"20190728124640","is_ascension_mode":false,"campfire_choices":[{"data":"Backflip","floor":8,"key":"SMITH"}],"neow_cost":"NONE","seed_source_timestamp":51669783484000,"circlet_count":0,"master_deck":["Strike_R","Strike_R","Strike_R","Defend_R","Defend_R","Defend_R","Defend_R","Bash","Backflip+1","Creative AI"],"relics":["Burning Blood","PrismaticShard","Calipers","Sundial","Bag of Preparation"],"potions_floor_usage":[10],"damage_taken":[{"damage":6,"enemies":"Cultist","floor":1,"turns":4},{"damage":3,"enemies":"Jaw Worm","floor":2,"turns":4},{"damage":34,"enemies":"Gremlin Nob","floor":6,"turns":5},{"damage":0,"enemies":"2 Louse","floor":7,"turns":3},{"damage":45,"enemies":"Lagavulin","floor":10,"turns":9},{"damage":32,"enemies":"Gremlin Gang","floor":11,"turns":3}],"seed_played":"4382026724349366345","potions_obtained":[{"floor":1,"key":"GamblersBrew"},{"floor":6,"key":"BloodPotion"}],"is_trial":false,"path_per_floor":["M","M","$","?","?","E","M","R","T","E","M"],"character_chosen":"IRONCLAD","items_purchased":["PrismaticShard"],"campfire_rested":0,"item_purchase_floors":[3],"current_hp_per_floor":[80,80,80,73,73,45,51,51,51,32,0],"gold":93,"neow_bonus":"HUNDRED_GOLD","is_prod":false,"is_daily":false,"chose_seed":false,"campfire_upgraded":1,"win_rate":0,"timestamp":1564307200,"path_taken":["M","?","$","?","?","E","?","R","T","E","M"],"build_version":"2019-07-17","purchased_purges":0,"victory":false,"max_hp_per_floor":[80,80,80,80,80,80,80,80,80,80,80],"card_choices":[{"not_picked":["Reckless Charge","Havoc","Twin Strike"],"picked":"SKIP","floor":1},{"not_picked":["Heavy Blade","Clothesline","Iron Wave"],"picked":"SKIP","floor":2},{"not_picked":["Havoc","Anger"],"picked":"Backflip","floor":6},{"not_picked":["Scrape","Disarm","Hologram"],"picked":"SKIP","floor":7},{"not_picked":["Calculated Gamble","Steam"],"picked":"Creative AI","floor":10}],"player_experience":787877,"relics_obtained":[{"floor":6,"key":"Calipers"},{"floor":9,"key":"Sundial"},{"floor":10,"key":"Bag of Preparation"}],"event_choices":[{"cards_removed":["Strike_R"],"damage_healed":0,"gold_gain":0,"player_choice":"Card Removal","damage_taken":7,"max_hp_gain":0,"max_hp_loss":0,"event_name":"Golden Wing","floor":4,"gold_loss":0},{"cards_removed":["Strike_R"],"damage_healed":0,"gold_gain":0,"player_choice":"Offered Basic","damage_taken":0,"max_hp_gain":0,"max_hp_loss":0,"event_name":"Bonfire Elementals","floor":5,"gold_loss":0}],"is_beta":false,"boss_relics":[],"items_purged_floors":[],"is_endless":false,"potions_floor_spawned":[1,6],"killed_by":"Gremlin Gang","ascension_level":0}