{"gold_per_floor":[211,211,38,49,67,92,17,85,157,157,168,168,196,196,196,300,300,315,58,68,68,68,68,83,83,107,124,124,154,29,41,41,144,144,162,19,39,59,77,77,0,0,0,12,24,136,148,172,184,196],"floor_reached":51,"playtime":1378,"items_purged":["Strike_R","Strike_R","Writhe"],"score":698,"play_id":"7f5ceba0-1da4-4787-9437-1138af99058c","local_time":"20190630125648","is_ascension_mode":false,"campfire_choices":[{"data":"The Bomb","floor":10,"key":"SMITH"},{"data":"Evolve","floor":15,"key":"SMITH"},{"data":"Shrug It Off","floor":23,"key":"SMITH"},{"data":"Feed","floor":25,"key":"SMITH"},{"data":"Evolve","floor":28,"key":"SMITH"},{"floor":32,"key":"RECALL"},{"data":"Barricade","floor":40,"key":"SMITH"},{"data":"Uppercut","floor":49,"key":"SMITH"}],"neow_cost":"NONE","seed_source_timestamp":50782935253400,"circlet_count":0,"master_deck":["Strike_R+1","Strike_R+1","Defend_R+1","Defend_R+1","Defend_R+1","Defend_R+1","Bash+1","The Bomb+1","Feed+1","Evolve+1","Parasite","Shrug It Off+1","Pommel Strike+1","Evolve+1","Barricade+1","Shrug It Off+1","Battle Trance+1","Uppercut+1"],"relics":["Burning Blood","Bronze Scales","Mercury Hourglass","Matryoshka","Velvet Choker","Happy Flower","Blood Vial","Bag of Preparation","Anchor","Singing Bowl","Coffee Dripper","Oddly Smooth Stone","Red Mask","MawBank","The Courier","Magic Flower"],"potions_floor_usage":[13,13,33,33,50,50,50,50,50,50],"damage_taken":[{"damage":5,"enemies":"Cultist","floor":1,"turns":4},{"damage":3,"enemies":"Jaw Worm","floor":4,"turns":4},{"damage":12,"enemies":"Small Slimes","floor":5,"turns":3},{"damage":28,"enemies":"Gremlin Nob","floor":6,"turns":4},{"damage":7,"enemies":"3 Louse","floor":11,"turns":4},{"damage":15,"enemies":"3 Sentries","floor":13,"turns":3},{"damage":33,"enemies":"Hexaghost","floor":16,"turns":8},{"damage":2,"enemies":"Spheric Guardian","floor":18,"turns":3},{"damage":10,"enemies":"3 Byrds","floor":20,"turns":3},{"damage":2,"enemies":"Cultist and Chosen","floor":24,"turns":5},{"damage":0,"enemies":"Chosen and Byrds","floor":27,"turns":3},{"damage":23,"enemies":"Book of Stabbing","floor":29,"turns":4},{"damage":21,"enemies":"Snake Plant","floor":31,"turns":3},{"damage":61,"enemies":"Champ","floor":33,"turns":13},{"damage":0,"enemies":"3 Shapes","floor":35,"turns":4},{"damage":3,"enemies":"3 Darklings","floor":37,"turns":3},{"damage":0,"enemies":"Maw","floor":38,"turns":7},{"damage":9,"enemies":"Jaw Worm Horde","floor":39,"turns":3},{"damage":0,"enemies":"Mind Bloom Boss Battle","floor":46,"turns":5},{"damage":6,"enemies":"Writhing Mass","floor":48,"turns":6},{"damage":21,"enemies":"Time Eater","floor":50,"turns":11}],"seed_played":"-5503848509815197393","potions_obtained":[{"floor":1,"key":"BloodPotion"},{"floor":4,"key":"SneckoOil"},{"floor":11,"key":"EntropicBrew"},{"floor":16,"key":"Swift Potion"},{"floor":27,"key":"Energy Potion"},{"floor":35,"key":"PowerPotion"},{"floor":37,"key":"SteroidPotion"},{"floor":39,"key":"Block Potion"},{"floor":47,"key":"Dexterity Potion"}],"is_trial":false,"path_per_floor":["M","?","$","M","M","E","$","?","T","R","M","?","E","?","R","B",null,"M","$","M","?","?","R","M","R","T","M","R","E","$","M","R","B",null,"M","$","M","M","M","R","?","R","T","R","?","?","?","M","R","B",null],"character_chosen":"IRONCLAD","items_purchased":["The Bomb","Happy Flower","Oddly Smooth Stone"],"campfire_rested":0,"item_purchase_floors":[3,19,36],"current_hp_per_floor":[80,85,85,85,79,57,57,57,57,57,59,41,40,62,62,38,91,91,91,87,87,87,87,91,91,91,91,91,76,76,65,65,12,95,97,97,99,99,96,96,96,96,96,96,96,103,103,105,105,93],"gold":208,"neow_bonus":"HUNDRED_GOLD","is_prod":false,"is_daily":false,"chose_seed":false,"campfire_upgraded":7,"win_rate":0,"timestamp":1561888608,"path_taken":["M","?","$","M","M","E","$","?","T","R","M","?","E","?","R","BOSS","M","$","M","?","?","R","M","R","T","M","R","E","$","M","R","BOSS","M","$","M","M","M","R","?","R","T","R","?","?","?","M","R","BOSS"],"build_version":"2019-01-23","purchased_purges":3,"victory":true,"max_hp_per_floor":[80,85,85,85,85,85,85,85,85,85,88,88,88,88,88,91,91,91,91,91,91,91,91,91,91,91,91,91,93,93,95,95,95,95,97,97,99,99,99,99,99,99,99,99,99,103,103,105,105,105],"card_choices":[{"not_picked":["Infernal Blade","Armaments","True Grit"],"picked":"SKIP","floor":1},{"not_picked":["Rampage","Warcry","Combust"],"picked":"SKIP","floor":4},{"not_picked":["Feel No Pain","Cleave","Clothesline"],"picked":"SKIP","floor":5},{"not_picked":["Warcry","Rampage"],"picked":"Feed","floor":6},{"not_picked":["True Grit","Twin Strike","Clothesline"],"picked":"SKIP","floor":11},{"not_picked":["Anger","Twin Strike"],"picked":"Evolve","floor":13},{"not_picked":["Carnage+1","Flex"],"picked":"Shrug It Off","floor":18},{"not_picked":["Havoc+1","Second Wind","Pommel Strike"],"picked":"SKIP","floor":20},{"not_picked":["Twin Strike","Whirlwind"],"picked":"Pommel Strike+1","floor":24},{"not_picked":["Twin Strike+1","Flame Barrier"],"picked":"Evolve","floor":27},{"not_picked":["Wild Strike","Perfected Strike","Rupture"],"picked":"Singing Bowl","floor":29},{"not_picked":["Searing Blow","Power Through","Seeing Red"],"picked":"Singing Bowl","floor":31},{"not_picked":["Bludgeon","Exhume"],"picked":"Barricade","floor":33},{"not_picked":["Iron Wave+1","Rage+1","Carnage+1"],"picked":"Singing Bowl","floor":35},{"not_picked":["Second Wind","Corruption","True Grit+1"],"picked":"Singing Bowl","floor":37},{"not_picked":["Twin Strike","Perfected Strike+1"],"picked":"Shrug It Off+1","floor":38},{"not_picked":["Havoc+1","Hemokinesis+1"],"picked":"Battle Trance+1","floor":39},{"not_picked":["Iron Wave+1","Flex+1"],"picked":"Uppercut","floor":46},{"not_picked":["Demon Form","Rampage","Hemokinesis"],"picked":"Singing Bowl","floor":48}],"player_experience":655863,"relics_obtained":[{"floor":6,"key":"Bronze Scales"},{"floor":9,"key":"Mercury Hourglass"},{"floor":13,"key":"Matryoshka"},{"floor":26,"key":"Bag of Preparation"},{"floor":26,"key":"Anchor"},{"floor":29,"key":"Singing Bowl"},{"floor":43,"key":"MawBank"},{"floor":43,"key":"The Courier"},{"floor":46,"key":"Magic Flower"}],"event_choices":[{"damage_healed":0,"gold_gain":0,"player_choice":"Donut","damage_taken":0,"max_hp_gain":5,"max_hp_loss":0,"event_name":"Big Fish","floor":2,"gold_loss":0},{"damage_healed":0,"gold_gain":68,"player_choice":"Gained Gold","damage_taken":0,"max_hp_gain":0,"max_hp_loss":0,"event_name":"Golden Wing","floor":8,"gold_loss":0},{"damage_healed":0,"gold_gain":0,"player_choice":"Entered Light","damage_taken":18,"max_hp_gain":0,"max_hp_loss":0,"event_name":"Shining Light","floor":12,"gold_loss":0,"cards_upgraded":["Bash","Defend_R"]},{"damage_healed":22,"gold_gain":0,"player_choice":"Healed and dodged fight","damage_taken":0,"max_hp_gain":0,"max_hp_loss":0,"event_name":"Mushrooms","floor":14,"gold_loss":0,"cards_obtained":["Parasite"]},{"damage_healed":0,"gold_gain":0,"player_choice":"Opened","damage_taken":0,"relics_obtained":["Blood Vial"],"max_hp_gain":0,"max_hp_loss":0,"event_name":"The Mausoleum","floor":21,"gold_loss":0,"cards_obtained":["Writhe"]},{"damage_healed":0,"gold_gain":0,"player_choice":"Simplicity","damage_taken":0,"max_hp_gain":0,"max_hp_loss":0,"event_name":"Back to Basics","floor":22,"gold_loss":0,"cards_upgraded":["Strike_R","Strike_R","Strike_R","Defend_R","Defend_R","Defend_R"]},{"damage_healed":0,"gold_gain":0,"player_choice":"Paid","damage_taken":0,"relics_obtained":["Red Mask"],"max_hp_gain":0,"max_hp_loss":0,"event_name":"Tomb of Lord Red Mask","floor":41,"gold_loss":77},{"cards_removed":["Strike_R"],"damage_healed":0,"gold_gain":0,"player_choice":"Removed Attack","damage_taken":0,"max_hp_gain":0,"max_hp_loss":0,"event_name":"Falling","floor":45,"gold_loss":0},{"damage_healed":0,"gold_gain":0,"player_choice":"Fight","damage_taken":0,"max_hp_gain":0,"max_hp_loss":0,"event_name":"MindBloom","floor":46,"gold_loss":0},{"damage_healed":0,"gold_gain":0,"player_choice":"Got Potions","damage_taken":0,"max_hp_gain":0,"max_hp_loss":0,"event_name":"Lab","floor":47,"gold_loss":0}],"is_beta":false,"boss_relics":[{"not_picked":["Runic Pyramid","Calling Bell"],"picked":"Velvet Choker"},{"not_picked":["Eternal Feather","Pandora\u0027s Box"],"picked":"Coffee Dripper"}],"items_purged_floors":[7,19,30],"is_endless":false,"potions_floor_spawned":[1,4,11,16,27,31,35,37,39],"ascension_level":0}