{"gold_per_floor":[119,44,219,239,239,239,271,286,286,301,301,315,20,20,20,121,121,139,156,0,16,30,30,43,60,60,60,60,26,46,57,57,154,154,166,166,177,69,69,69,6,19,42,62,87,87,87],"floor_reached":47,"playtime":2104,"items_purged":["Normality","Doubt","Strike_B"],"score":459,"play_id":"fc05bcde-38fd-45f1-8531-887b30aeb757","local_time":"20181120052549","is_ascension_mode":false,"campfire_choices":[{"data":"Zap","floor":6.0,"key":"SMITH"},{"data":"Echo Form","floor":15.0,"key":"SMITH"},{"floor":23.0,"key":"REST"},{"floor":28.0,"key":"REST"},{"floor":32.0,"key":"RECALL"},{"floor":40,"key":"REST"},{"floor":46,"key":"REST"}],"neow_cost":"CURSE","seed_source_timestamp":17443688173547,"circlet_count":0,"master_deck":["Strike_B","Strike_B","Strike_B","Defend_B","Defend_B","Defend_B","Defend_B","Zap+1","Dualcast","Auto Shields","Echo Form+1","Loop","Force Field","Leap","Conserve Battery","Ball Lightning","Heatsinks","Machine Learning","Loop"],"special_seed":0,"relics":["Cracked Core","Bird Faced Urn","Strawberry","Bag of Preparation","Bottled Tornado","Membership Card","Fusion Hammer","Pantograph","Letter Opener","Busted Crown","Lantern","Potion Belt"],"potions_floor_usage":[45,47,47,47,47,47],"damage_taken":[{"damage":2.0,"enemies":"2 Louse","floor":1.0,"turns":2.0},{"damage":5.0,"enemies":"Jaw Worm","floor":4.0,"turns":4.0},{"damage":43.0,"enemies":"3 Sentries","floor":7.0,"turns":11.0},{"damage":0.0,"enemies":"Small Slimes","floor":8.0,"turns":3.0},{"damage":0.0,"enemies":"Looter","floor":10.0,"turns":3.0},{"damage":3.0,"enemies":"2 Fungi Beasts","floor":12.0,"turns":4.0},{"damage":41.0,"enemies":"Hexaghost","floor":16.0,"turns":11.0},{"damage":8.0,"enemies":"Chosen","floor":18.0,"turns":5.0},{"damage":11.0,"enemies":"3 Byrds","floor":19.0,"turns":6.0},{"damage":11.0,"enemies":"Centurion and Healer","floor":21.0,"turns":15.0},{"damage":13.0,"enemies":"Shelled Parasite and Fungi","floor":22.0,"turns":8.0},{"damage":12.0,"enemies":"Snake Plant","floor":24.0,"turns":6.0},{"damage":14.0,"enemies":"Sentry and Sphere","floor":25.0,"turns":7.0},{"damage":4.0,"enemies":"Chosen and Byrds","floor":30.0,"turns":7.0},{"damage":3.0,"enemies":"Centurion and Healer","floor":31.0,"turns":7.0},{"damage":75.0,"enemies":"Champ","floor":33.0,"turns":15.0},{"damage":4.0,"enemies":"Orb Walker","floor":35.0,"turns":4.0},{"damage":10.0,"enemies":"3 Darklings","floor":37.0,"turns":5.0},{"damage":25,"enemies":"Sphere and 2 Shapes","floor":42,"turns":6},{"damage":17,"enemies":"Transient","floor":44,"turns":5},{"damage":51,"enemies":"Nemesis","floor":45,"turns":9},{"damage":65,"enemies":"Giant Head","floor":47,"turns":10}],"seed_played":"-6882391164209451882","potions_obtained":[{"floor":7.0,"key":"Energy Potion"},{"floor":10.0,"key":"Strength Potion"},{"floor":12.0,"key":"EntropicBrew"},{"floor":22.0,"key":"PowerPotion"}],"is_trial":false,"path_per_floor":["M","$","?","M","?","R","E","M","T","M","?","M","$","?","R","B",null,"M","M","$","M","M","R","M","M","T","?","R","$","M","M","R","B",null,"M","?","M","$","?","R","$","M","T","M","E","R","E"],"character_chosen":"DEFECT","items_purchased":["Membership Card","Force Field","Conserve Battery","Pantograph","Heatsinks","Loop","Lantern"],"campfire_rested":4,"item_purchase_floors":[13,13,20,20,29,38,38],"current_hp_per_floor":[73,73,73,68,72,72,29,29,29,31,58,57,57,57,57,22,82,74,69,69,64,55,79,70,60,60,60,82,82,82,79,79,11,82,81,78,74,74,74,78,78,57,57,52,17,40,0],"gold":87,"neow_bonus":"ONE_RARE_RELIC","is_prod":false,"is_daily":false,"chose_seed":false,"campfire_upgraded":2,"win_rate":0,"timestamp":1542684349,"path_taken":["M","$","?","M","?","R","E","M","T","M","?","M","$","?","R","BOSS","M","M","$","M","M","R","M","M","T","?","R","$","M","M","R","BOSS","M","?","M","$","?","R","$","M","T","M","E","R","E"],"build_version":"2018-11-15","purchased_purges":3,"victory":false,"max_hp_per_floor":[75,75,75,75,82,82,82,82,82,82,82,82,82,82,82,82,82,82,82,82,82,82,82,82,82,82,82,82,82,82,82,82,82,82,82,78,78,78,78,78,78,78,78,78,78,78,78],"card_choices":[{"not_picked":["Chill","Go for the Eyes","Steam"],"picked":"SKIP","floor":1.0},{"not_picked":["Go for the Eyes","Hologram"],"picked":"Auto Shields","floor":4.0},{"not_picked":["Redo","Go for the Eyes"],"picked":"Echo Form","floor":7.0},{"not_picked":["Coolheaded","Lockon"],"picked":"Loop","floor":8.0},{"not_picked":["Redo","Ball Lightning","Darkness"],"picked":"SKIP","floor":10.0},{"not_picked":["Gash","Barrage","Redo"],"picked":"SKIP","floor":12.0},{"not_picked":["Reinforced Body","Go for the Eyes"],"picked":"Leap","floor":18.0},{"not_picked":["Rebound+1","Leap","Aggregate"],"picked":"SKIP","floor":19.0},{"not_picked":["Beam Cell+1","Go for the Eyes","Blizzard+1"],"picked":"SKIP","floor":21.0},{"not_picked":["Barrage","Steam","Aggregate"],"picked":"SKIP","floor":22.0},{"not_picked":["Hyperbeam","Aggregate+1"],"picked":"Ball Lightning","floor":24.0},{"not_picked":["Redo","BootSequence","Chill+1"],"picked":"SKIP","floor":25.0},{"not_picked":["Compile Driver","Turbo","Go for the Eyes"],"picked":"SKIP","floor":30.0},{"not_picked":["Rebound","Reprogram","Coolheaded+1"],"picked":"SKIP","floor":31.0},{"not_picked":["Reboot","Core Surge"],"picked":"Machine Learning","floor":33.0},{"not_picked":["FTL+1"],"picked":"SKIP","floor":35.0},{"not_picked":["Gash+1"],"picked":"SKIP","floor":37.0},{"not_picked":["Barrage+1"],"picked":"SKIP","floor":42},{"not_picked":["Glacier+1"],"picked":"SKIP","floor":44},{"not_picked":["Go for the Eyes"],"picked":"SKIP","floor":45}],"player_experience":488363,"relics_obtained":[{"floor":7.0,"key":"Bag of Preparation"},{"floor":9.0,"key":"Bottled Tornado"},{"floor":26.0,"key":"Letter Opener"},{"floor":45,"key":"Potion Belt"}],"event_choices":[{"damage_healed":0.0,"max_hp_gain":0.0,"max_hp_loss":0.0,"gold_gain":175.0,"event_name":"Liars Game","player_choice":"AGREE","floor":3.0,"gold_loss":0.0,"damage_taken":0.0,"cards_obtained":["Doubt"]},{"damage_healed":0.0,"max_hp_gain":0.0,"max_hp_loss":0.0,"gold_gain":0.0,"event_name":"Scrap Ooze","player_choice":"Success","floor":5.0,"gold_loss":0.0,"damage_taken":3.0,"relics_obtained":["Strawberry"]},{"damage_healed":27.0,"max_hp_gain":0.0,"max_hp_loss":0.0,"gold_gain":0.0,"event_name":"Big Fish","player_choice":"Banana","floor":11.0,"gold_loss":0.0,"damage_taken":0.0},{"damage_healed":0.0,"max_hp_gain":0.0,"max_hp_loss":0.0,"gold_gain":0.0,"event_name":"The Cleric","player_choice":"Leave","floor":14.0,"gold_loss":0.0,"damage_taken":0.0},{"damage_healed":0.0,"max_hp_gain":0.0,"max_hp_loss":0.0,"gold_gain":0.0,"event_name":"Beggar","player_choice":"Ignored","floor":27.0,"gold_loss":0.0,"damage_taken":0.0},{"damage_healed":0.0,"max_hp_gain":0.0,"max_hp_loss":4.0,"gold_gain":0.0,"event_name":"Winding Halls","player_choice":"Max HP","floor":36.0,"gold_loss":0.0,"damage_taken":0.0},{"damage_healed":0,"gold_gain":0,"player_choice":"Ignored","damage_taken":0,"max_hp_gain":0,"max_hp_loss":0,"event_name":"Mysterious Sphere","floor":39,"gold_loss":0}],"is_beta":false,"boss_relics":[{"not_picked":["Calling Bell","Velvet Choker"],"picked":"Fusion Hammer"},{"not_picked":["White Beast Statue","Runic Pyramid"],"picked":"Busted Crown"}],"items_purged_floors":[2,13,41],"is_endless":false,"potions_floor_spawned":[7,10,12,18,22,25,31,37,44],"killed_by":"Giant Head","ascension_level":0}