{"gold_per_floor":[117,130,130,141,156,156,167,167,212,245,265,265,295,260,260,357,357,369,383,397,416,430,430,458,458,458,120,120,131,131,142,142,238,238,249,263,281,292,95,95,130,130,130,130,96,110,110,110],"floor_reached":48,"playtime":1303,"items_purged":[],"score":521,"play_id":"f3f62b45-2300-401e-8c7f-b37a0940efd5","local_time":"20180730232813","is_ascension_mode":false,"campfire_choices":[{"data":"Rage","floor":6,"key":"SMITH"},{"data":"Sword Boomerang","floor":8,"key":"SMITH"},{"data":"Armaments","floor":12,"key":"SMITH"},{"data":"Sword Boomerang","floor":15,"key":"SMITH"},{"floor":23,"key":"REST"},{"floor":28,"key":"REST"},{"data":"Limit Break","floor":32,"key":"SMITH"},{"floor":40,"key":"REST"},{"floor":42,"key":"REST"}],"neow_cost":"NONE","seed_source_timestamp":123606267752863,"circlet_count":0,"master_deck":["Strike_R","Strike_R","Strike_R","Strike_R","Strike_R","Defend_R","Defend_R","Defend_R","Defend_R","Bash+1","Rage+1","Sword Boomerang+1","Offering","Armaments+1","Sword Boomerang+1","Limit Break+1","Inflame+1","Thunderclap","Battle Trance","Demon Form","Limit Break","Demon Form","Apotheosis+1","Whirlwind","Shockwave+1"],"relics":["Black Blood","Dream Catcher","Question Card","Vajra","Lantern","Red Skull","Magic Flower","Fusion Hammer","DollysMirror","Potion Belt","Paper Frog"],"potions_floor_usage":[22,24,31,41],"damage_taken":[{"damage":8,"enemies":"Jaw Worm","floor":1,"turns":3},{"damage":6,"enemies":"Cultist","floor":2,"turns":3},{"damage":4,"enemies":"Small Slimes","floor":4,"turns":3},{"damage":11,"enemies":"Looter","floor":5,"turns":3},{"damage":13,"enemies":"2 Fungi Beasts","floor":7,"turns":4},{"damage":19,"enemies":"3 Sentries","floor":10,"turns":8},{"damage":16,"enemies":"Lots of Slimes","floor":11,"turns":4},{"damage":28,"enemies":"Gremlin Nob","floor":13,"turns":4},{"damage":18,"enemies":"Slime Boss","floor":16,"turns":6},{"damage":5,"enemies":"Chosen","floor":18,"turns":3},{"damage":15,"enemies":"Spheric Guardian","floor":19,"turns":3},{"damage":34,"enemies":"3 Cultists","floor":20,"turns":5},{"damage":32,"enemies":"Sentry and Sphere","floor":21,"turns":5},{"damage":20,"enemies":"Centurion and Healer","floor":22,"turns":7},{"damage":39,"enemies":"Gremlin Leader","floor":24,"turns":6},{"damage":23,"enemies":"Snecko","floor":29,"turns":4},{"damage":10,"enemies":"Snake Plant","floor":31,"turns":2},{"damage":24,"enemies":"Champ","floor":33,"turns":6},{"damage":15,"enemies":"Orb Walker","floor":35,"turns":3},{"damage":7,"enemies":"Flame Bruiser 1 Orb","floor":36,"turns":4},{"damage":23,"enemies":"3 Darklings","floor":37,"turns":5},{"damage":26,"enemies":"Maw","floor":38,"turns":5},{"damage":75,"enemies":"Nemesis","floor":41,"turns":7},{"damage":55,"enemies":"4 Shapes","floor":46,"turns":5},{"damage":17,"enemies":"Flame Bruiser 2 Orb","floor":48,"turns":2}],"seed_played":"7067729654315310648","potions_obtained":[{"floor":1,"key":"PowerPotion"},{"floor":2,"key":"LiquidBronze"},{"floor":11,"key":"EssenceOfSteel"},{"floor":16,"key":"Swift Potion"},{"floor":24,"key":"Weak Potion"},{"floor":29,"key":"LiquidBronze"},{"floor":37,"key":"BloodPotion"},{"floor":46,"key":"Regen Potion"}],"is_trial":false,"path_per_floor":["M","M","$","M","M","R","M","R","T","E","M","R","E","?","R","B",null,"M","M","M","M","M","R","E","?","T","$","R","M","?","M","R","B",null,"M","M","M","M","$","R","E","R","T","?","$","M","?"],"character_chosen":"IRONCLAD","items_purchased":["Magic Flower","Thunderclap","DollysMirror","Whirlwind"],"campfire_rested":4,"item_purchase_floors":[27,27,39,45],"current_hp_per_floor":[78,78,78,80,75,75,68,68,68,55,45,45,23,43,43,31,80,80,75,51,29,19,43,14,14,14,14,38,30,30,35,35,26,80,80,80,72,61,61,80,32,56,56,56,56,16,16,0],"gold":110,"neow_bonus":"UPGRADE_CARD","is_prod":false,"is_daily":false,"chose_seed":false,"campfire_upgraded":5,"win_rate":0,"timestamp":1532982493,"path_taken":["M","M","$","M","M","R","M","R","T","E","M","R","E","?","R","BOSS","M","M","M","?","M","R","E","?","T","$","R","?","?","?","R","BOSS","M","M","M","M","$","R","E","R","T","?","$","M","?","M"],"build_version":"2018-07-26","purchased_purges":0,"victory":false,"max_hp_per_floor":[80,80,80,80,80,80,80,80,80,80,80,80,80,80,80,80,80,80,80,80,80,80,80,80,80,80,80,80,80,80,80,80,80,80,80,80,80,80,80,80,80,80,80,80,80,80,80,80],"card_choices":[{"not_picked":["Rampage","Headbutt"],"picked":"Rage","floor":1},{"not_picked":["Headbutt","Feel No Pain"],"picked":"Sword Boomerang","floor":2},{"not_picked":["Armaments","Cleave"],"picked":"Offering","floor":4},{"not_picked":["Clash","Havoc","Pommel Strike"],"picked":"SKIP","floor":5},{"not_picked":["Infernal Blade","Pommel Strike","Disarm"],"picked":"SKIP","floor":7},{"not_picked":["Pommel Strike","Warcry"],"picked":"Armaments","floor":10},{"not_picked":["Shrug It Off","Twin Strike","Limit Break"],"picked":"Sword Boomerang","floor":11},{"not_picked":["Flex","Rampage","Havoc","Shrug It Off"],"picked":"SKIP","floor":13},{"not_picked":["Exhume","Feed","Immolate"],"picked":"Limit Break","floor":16},{"not_picked":["Perfected Strike","Sever Soul","Clothesline","Havoc"],"picked":"SKIP","floor":18},{"not_picked":["Metallicize","Rupture","Sword Boomerang","Twin Strike"],"picked":"SKIP","floor":19},{"not_picked":["Havoc+1","Sentinel+1","Flex","Sever Soul"],"picked":"SKIP","floor":20},{"not_picked":["Armaments","Warcry","Clash","Uppercut"],"picked":"SKIP","floor":21},{"not_picked":["Dual Wield","Wild Strike","Metallicize","Second Wind"],"picked":"SKIP","floor":22},{"not_picked":["Feed","Pommel Strike","Flex"],"picked":"Inflame+1","floor":23},{"not_picked":["Sword Boomerang","Carnage+1","Barricade","Ghostly Armor"],"picked":"SKIP","floor":24},{"not_picked":["Evolve+1","Rupture+1","Heavy Blade"],"picked":"Battle Trance","floor":29},{"not_picked":["Twin Strike","Sword Boomerang","Iron Wave","Perfected Strike"],"picked":"SKIP","floor":31},{"not_picked":["Barricade","Double Tap","Limit Break"],"picked":"Demon Form","floor":33},{"not_picked":["Cleave","Iron Wave+1","Clash+1","Flex+1"],"picked":"SKIP","floor":35},{"not_picked":["Spot Weakness+1","Shrug It Off+1","Infernal Blade","True Grit"],"picked":"SKIP","floor":36},{"not_picked":["Armaments","Reckless Charge","Intimidate"],"picked":"Limit Break","floor":37},{"not_picked":["Inflame+1","Clash+1","Evolve+1","Clothesline"],"picked":"SKIP","floor":38},{"not_picked":["Exhume","Rampage","Armaments+1","Barricade"],"picked":"SKIP","floor":41},{"not_picked":["Panache","Secret Technique","Bandage Up"],"picked":"Apotheosis","floor":44},{"not_picked":["Clash","Flex+1","Iron Wave+1"],"picked":"Shockwave+1","floor":46}],"player_experience":272512,"relics_obtained":[{"floor":9,"key":"Dream Catcher"},{"floor":10,"key":"Question Card"},{"floor":13,"key":"Vajra"},{"floor":24,"key":"Lantern"},{"floor":26,"key":"Red Skull"},{"floor":41,"key":"Potion Belt"},{"floor":43,"key":"Paper Frog"}],"event_choices":[{"event_name":"The Cleric","player_choice":"Healed","floor":14,"damage_taken":0},{"event_name":"Match and Keep!","player_choice":"0 cards matched","floor":25,"damage_taken":0},{"event_name":"Cursed Tome","player_choice":"Ignored","floor":30,"damage_taken":0},{"event_name":"SensoryStone","player_choice":"Memory 1","floor":44,"damage_taken":0},{"event_name":"Accursed Blacksmith","player_choice":"Forge","floor":47,"damage_taken":0}],"is_beta":false,"boss_relics":[{"not_picked":["Eternal Feather","Sozu"],"picked":"Black Blood"},{"not_picked":["Mark of Pain","Tiny House"],"picked":"Fusion Hammer"}],"items_purged_floors":[],"is_endless":false,"potions_floor_spawned":[1,2,11,13,16,18,20,24,29,37,46],"killed_by":"Flame Bruiser 2 Orb","ascension_level":0}