{"gold_per_floor":[113,113,126,126,126,161,86,101,101,111,111,139,50,50,50,150,150,170,170,170,195,217,229,259,171,171,118,147,22,47,65,65,166,166,185,285,34,50,100,100,112,128,128,160,172,172,199,199,199,199],"floor_reached":51,"playtime":1182,"items_purged":["Strike_R","Strike_R","Strike_R"],"score":758,"play_id":"ac464893-2dc1-4190-8bdb-eb23431d6b42","local_time":"20190716101530","is_ascension_mode":false,"campfire_choices":[{"data":"Inflame","floor":11.0,"key":"SMITH"},{"data":"Battle Trance","floor":15.0,"key":"SMITH"},{"data":"Limit Break","floor":23.0,"key":"SMITH"},{"data":"Sword Boomerang","floor":32.0,"key":"SMITH"},{"data":"Shrug It Off","floor":40.0,"key":"SMITH"},{"data":"Defend_R","floor":46,"key":"SMITH"},{"data":"Defend_R","floor":49,"key":"SMITH"}],"neow_cost":"PERCENT_DAMAGE","seed_source_timestamp":165538765120400,"circlet_count":0,"master_deck":["Strike_R+1","Defend_R","Defend_R+1","Defend_R+1","Defend_R+1","Bash","Limit Break+1","Whirlwind","Inflame+1","Battle Trance+1","Flash of Steel","Limit Break+1","Shrug It Off+1","Sword Boomerang+1","Iron Wave"],"special_seed":0,"relics":["Burning Blood","Magic Flower","Pantograph","Bronze Scales","Coffee Dripper","MutagenicStrength","MawBank","Blue Candle","Red Mask","Mango","Busted Crown","Prayer Wheel","Shuriken","Nunchaku","Self Forming Clay","Charon\u0027s Ashes","Blood Vial"],"potions_floor_usage":[50],"damage_taken":[{"damage":12.0,"enemies":"Small Slimes","floor":1.0,"turns":5.0},{"damage":1.0,"enemies":"Jaw Worm","floor":3.0,"turns":4.0},{"damage":27.0,"enemies":"Gremlin Nob","floor":6.0,"turns":4.0},{"damage":1.0,"enemies":"Cultist","floor":8.0,"turns":3.0},{"damage":16.0,"enemies":"Blue Slaver","floor":10.0,"turns":4.0},{"damage":18.0,"enemies":"Lagavulin","floor":12.0,"turns":4.0},{"damage":47.0,"enemies":"Hexaghost","floor":16.0,"turns":8.0},{"damage":2.0,"enemies":"3 Byrds","floor":18.0,"turns":4.0},{"damage":5.0,"enemies":"Chosen","floor":21.0,"turns":2.0},{"damage":0.0,"enemies":"3 Cultists","floor":22.0,"turns":3.0},{"damage":16.0,"enemies":"Snake Plant","floor":24.0,"turns":2.0},{"damage":0.0,"enemies":"Masked Bandits","floor":28.0,"turns":2.0},{"damage":15.0,"enemies":"Slavers","floor":30.0,"turns":3.0},{"damage":0.0,"enemies":"Chosen and Byrds","floor":31.0,"turns":3.0},{"damage":27.0,"enemies":"Collector","floor":33.0,"turns":4.0},{"damage":5.0,"enemies":"3 Shapes","floor":35.0,"turns":3.0},{"damage":0.0,"enemies":"Mind Bloom Boss Battle","floor":36.0,"turns":4.0},{"damage":0.0,"enemies":"Orb Walker","floor":38.0,"turns":3.0},{"damage":29.0,"enemies":"2 Orb Walkers","floor":39.0,"turns":3.0},{"damage":2.0,"enemies":"3 Darklings","floor":41.0,"turns":2.0},{"damage":12.0,"enemies":"4 Shapes","floor":42.0,"turns":2.0},{"damage":8.0,"enemies":"Reptomancer","floor":44.0,"turns":3.0},{"damage":0.0,"enemies":"Transient","floor":45.0,"turns":4.0},{"damage":21,"enemies":"Nemesis","floor":47,"turns":3},{"damage":18,"enemies":"Donu and Deca","floor":50,"turns":4}],"seed_played":"1184333071321451533","potions_obtained":[{"floor":8.0,"key":"Ancient Potion"},{"floor":12.0,"key":"Regen Potion"},{"floor":24.0,"key":"FearPotion"},{"floor":30.0,"key":"PowerPotion"},{"floor":33.0,"key":"BloodPotion"},{"floor":47,"key":"BloodPotion"}],"is_trial":false,"path_per_floor":["M","?","M","$","?","E","$","M","T","M","R","E","$","?","R","B",null,"M","?","?","M","M","R","M","$","T","$","?","$","E","M","R","B",null,"M","?","$","M","?","R","M","M","T","E","M","R","E","?","R","B",null],"character_chosen":"IRONCLAD","items_purchased":["Flash of Steel","Shrug It Off","Shuriken"],"campfire_rested":0,"item_purchase_floors":[13,27,37],"current_hp_per_floor":[50,50,55,55,55,34,34,42,42,35,35,26,26,10,10,34,80,80,80,80,80,80,80,73,73,73,73,80,80,88,94,94,76,94,94,94,94,94,74,74,81,78,78,79,88,88,76,76,76,85],"gold":199,"neow_bonus":"THREE_RARE_CARDS","is_prod":false,"is_daily":false,"chose_seed":false,"campfire_upgraded":7,"win_rate":0,"timestamp":1563261330,"path_taken":["M","?","M","$","?","E","$","M","T","M","R","E","$","?","R","BOSS","M","?","?","M","?","R","M","$","T","$","?","$","E","M","R","BOSS","M","?","$","M","?","R","M","M","T","E","M","R","E","?","R","BOSS"],"build_version":"2019-07-10","purchased_purges":3,"victory":true,"max_hp_per_floor":[80,80,80,80,80,80,80,80,80,80,80,80,80,80,80,80,80,80,80,80,80,80,80,80,80,80,80,80,80,94,94,94,94,94,94,94,94,94,94,94,94,94,94,94,94,94,94,94,94,94],"card_choices":[{"not_picked":["Brutality","Reaper"],"picked":"Limit Break","floor":0.0},{"not_picked":["Shrug It Off","Cleave"],"picked":"Whirlwind","floor":1.0},{"not_picked":["Twin Strike","Armaments"],"picked":"Inflame","floor":3.0},{"not_picked":["Juggernaut","Double Tap","Impervious"],"picked":"SKIP","floor":6.0},{"not_picked":["Havoc","Armaments","Warcry"],"picked":"SKIP","floor":8.0},{"not_picked":["Dual Wield","Corruption","Armaments"],"picked":"SKIP","floor":10.0},{"not_picked":["Clothesline","Twin Strike"],"picked":"Battle Trance","floor":12.0},{"not_picked":["Impervious","Fiend Fire"],"picked":"Limit Break","floor":16.0},{"not_picked":["Disarm","Flex+1","Thunderclap"],"picked":"SKIP","floor":18.0},{"not_picked":["Anger","Whirlwind+1","Iron Wave+1"],"picked":"SKIP","floor":21.0},{"not_picked":["Reckless Charge","Ghostly Armor","Rage"],"picked":"SKIP","floor":22.0},{"not_picked":["Havoc","Metallicize+1","Headbutt+1"],"picked":"SKIP","floor":24.0},{"not_picked":["Pommel Strike+1","Clash+1"],"picked":"Sword Boomerang","floor":30.0},{"not_picked":["Whirlwind","Armaments","Rage"],"picked":"SKIP","floor":31.0},{"not_picked":["Clothesline"],"picked":"SKIP","floor":35.0},{"not_picked":["Corruption+1"],"picked":"SKIP","floor":38.0},{"not_picked":["Uppercut"],"picked":"SKIP","floor":38.0},{"not_picked":["Armaments+1"],"picked":"SKIP","floor":41.0},{"not_picked":["Headbutt"],"picked":"SKIP","floor":41.0},{"not_picked":["Second Wind+1"],"picked":"SKIP","floor":42.0},{"not_picked":["Armaments"],"picked":"SKIP","floor":42.0},{"not_picked":["Thunderclap+1"],"picked":"SKIP","floor":44.0},{"not_picked":["Clothesline+1"],"picked":"SKIP","floor":45.0},{"not_picked":["True Grit+1"],"picked":"SKIP","floor":45.0},{"not_picked":["Dark Embrace"],"picked":"SKIP","floor":47}],"player_experience":163314,"relics_obtained":[{"floor":6.0,"key":"Magic Flower"},{"floor":9.0,"key":"Pantograph"},{"floor":12.0,"key":"Bronze Scales"},{"floor":26.0,"key":"Blue Candle"},{"floor":28.0,"key":"Red Mask"},{"floor":30.0,"key":"Mango"},{"floor":36.0,"key":"Prayer Wheel"},{"floor":39.0,"key":"Nunchaku"},{"floor":43.0,"key":"Self Forming Clay"},{"floor":44.0,"key":"Charon\u0027s Ashes"},{"floor":47,"key":"Blood Vial"}],"event_choices":[{"damage_healed":0.0,"max_hp_gain":0.0,"max_hp_loss":0.0,"gold_gain":0.0,"event_name":"The Cleric","player_choice":"Leave","floor":2.0,"gold_loss":0.0,"damage_taken":0.0},{"damage_healed":0.0,"max_hp_gain":0.0,"max_hp_loss":0.0,"gold_gain":0.0,"event_name":"Living Wall","player_choice":"Grow","floor":5.0,"gold_loss":0.0,"damage_taken":0.0,"cards_upgraded":["Limit Break"]},{"damage_healed":0.0,"max_hp_gain":0.0,"max_hp_loss":0.0,"gold_gain":0.0,"event_name":"Shining Light","player_choice":"Entered Light","floor":14.0,"gold_loss":0.0,"damage_taken":16.0,"cards_upgraded":["Strike_R","Defend_R"]},{"damage_healed":0.0,"max_hp_gain":0.0,"max_hp_loss":0.0,"gold_gain":0.0,"event_name":"Drug Dealer","player_choice":"Inject Mutagens","floor":19.0,"gold_loss":0.0,"damage_taken":0.0,"relics_obtained":["MutagenicStrength"]},{"damage_healed":0.0,"max_hp_gain":0.0,"max_hp_loss":0.0,"gold_gain":0.0,"event_name":"WeMeetAgain","player_choice":"Gave Potion","floor":20.0,"gold_loss":0.0,"damage_taken":0.0,"relics_obtained":["MawBank"]},{"damage_healed":0.0,"max_hp_gain":0.0,"max_hp_loss":0.0,"gold_gain":0.0,"event_name":"Masked Bandits","player_choice":"Fought Bandits","floor":28.0,"gold_loss":0.0,"damage_taken":0.0},{"damage_healed":0.0,"max_hp_gain":0.0,"max_hp_loss":0.0,"gold_gain":0.0,"event_name":"MindBloom","player_choice":"Fight","floor":36.0,"gold_loss":0.0,"damage_taken":0.0},{"damage_healed":0.0,"max_hp_gain":0.0,"max_hp_loss":0.0,"gold_gain":0.0,"event_name":"Mysterious Sphere","player_choice":"Fight","floor":39.0,"gold_loss":0.0,"damage_taken":0.0},{"cards_removed":["Strike_R"],"damage_healed":0,"gold_gain":0,"player_choice":"Took Card","damage_taken":0,"max_hp_gain":0,"max_hp_loss":0,"event_name":"NoteForYourself","floor":48,"gold_loss":0,"cards_obtained":["Iron Wave"]}],"is_beta":true,"boss_relics":[{"not_picked":["Calling Bell","Black Blood"],"picked":"Coffee Dripper"},{"not_picked":["Velvet Choker","Mark of Pain"],"picked":"Busted Crown"}],"items_purged_floors":[7,25,29],"is_endless":false,"potions_floor_spawned":[8,12,24,30,33,35,39,44,47],"ascension_level":0}