{"gold_per_floor":[119,134,134,67,80,80,90,90,90,110,43,56,87,11,11,107,107,107,107,107,107,17,17,17,17,17,17,17,17,17,17,17,17,17,17,17,17,17,17,17,17,17,17,17,17,17,17],"floor_reached":47,"playtime":1482,"items_purged":[],"score":494,"play_id":"1f1f2ecc-6043-43cf-8c7c-058d89f6ee05","local_time":"20181003045716","is_ascension_mode":true,"campfire_choices":[{"data":"Noxious Fumes","floor":6.0,"key":"SMITH"},{"data":"Caltrops","floor":8.0,"key":"SMITH"},{"data":"Footwork","floor":15.0,"key":"SMITH"},{"data":"Noxious Fumes","floor":23.0,"key":"SMITH"},{"floor":30.0,"key":"REST"},{"data":"A Thousand Cuts","floor":32.0,"key":"SMITH"},{"data":"Caltrops","floor":40.0,"key":"SMITH"},{"data":"Leg Sweep","floor":42.0,"key":"SMITH"},{"data":"Neutralize","floor":44.0,"key":"SMITH"}],"neow_cost":"NONE","seed_source_timestamp":14936259645872,"circlet_count":0,"master_deck":["Defend_G","Defend_G","Defend_G","Defend_G","Defend_G","Strike_G","Strike_G","Survivor","Neutralize+1","A Thousand Cuts+1","Noxious Fumes+1","Caltrops+1","Footwork+1","Leg Sweep+1","Corpse Explosion","Caltrops+1","Escape Plan","Deflect","Noxious Fumes+1","Deflect","Cloak And Dagger","Deflect+1","Deflect","Bandage Up"],"special_seed":0,"relics":["Ring of the Snake","Blood Vial","Ectoplasm","MutagenicStrength","Pear","Pantograph","Empty Cage","Regal Pillow"],"potions_floor_usage":[47,47],"damage_taken":[{"damage":1.0,"enemies":"Jaw Worm","floor":1.0,"turns":6.0},{"damage":2.0,"enemies":"Small Slimes","floor":2.0,"turns":4.0},{"damage":2.0,"enemies":"2 Louse","floor":5.0,"turns":4.0},{"damage":8.0,"enemies":"Gremlin Gang","floor":7.0,"turns":5.0},{"damage":4.0,"enemies":"Exordium Thugs","floor":10.0,"turns":5.0},{"damage":2.0,"enemies":"Looter","floor":12.0,"turns":5.0},{"damage":7.0,"enemies":"Gremlin Nob","floor":13.0,"turns":6.0},{"damage":23.0,"enemies":"Slime Boss","floor":16.0,"turns":9.0},{"damage":0.0,"enemies":"3 Byrds","floor":18.0,"turns":1.0},{"damage":0.0,"enemies":"Shell Parasite","floor":19.0,"turns":6.0},{"damage":17.0,"enemies":"Shelled Parasite and Fungi","floor":21.0,"turns":4.0},{"damage":27.0,"enemies":"Sentry and Sphere","floor":27.0,"turns":5.0},{"damage":34.0,"enemies":"Slavers","floor":29.0,"turns":4.0},{"damage":11.0,"enemies":"Snecko","floor":31.0,"turns":5.0},{"damage":5.0,"enemies":"Champ","floor":33.0,"turns":12.0},{"damage":29.0,"enemies":"3 Darklings","floor":35.0,"turns":4.0},{"damage":11.0,"enemies":"Orb Walker","floor":37.0,"turns":5.0},{"damage":1.0,"enemies":"Maw","floor":38.0,"turns":8.0},{"damage":17.0,"enemies":"Sphere and 2 Shapes","floor":41.0,"turns":5.0},{"damage":31.0,"enemies":"3 Darklings","floor":46.0,"turns":3.0},{"damage":32,"enemies":"Transient","floor":47,"turns":3}],"seed_played":"-5209577284134816996","potions_obtained":[{"floor":1.0,"key":"LiquidBronze"},{"floor":10.0,"key":"FairyPotion"},{"floor":13.0,"key":"GamblersBrew"},{"floor":21.0,"key":"Poison Potion"},{"floor":27.0,"key":"SpeedPotion"},{"floor":31.0,"key":"Poison Potion"},{"floor":33.0,"key":"AttackPotion"},{"floor":38.0,"key":"Strength Potion"},{"floor":41.0,"key":"Regen Potion"}],"is_trial":false,"path_per_floor":["M","M","?","$","M","R","M","R","T","M","$","M","E","$","R","B",null,"M","M","$","M","$","R","?","$","T","M","?","E","R","M","R","B",null,"M","$","M","M","?","R","M","R","T","R","?","M"],"character_chosen":"THE_SILENT","items_purchased":["Caltrops","Leg Sweep","Caltrops","Noxious Fumes","Deflect"],"campfire_rested":1,"item_purchase_floors":[4,11,14,22,22],"current_hp_per_floor":[69,67,60,60,58,58,50,50,50,48,48,48,43,43,43,22,70,70,70,70,53,53,53,53,53,63,38,38,6,30,21,21,43,80,51,51,42,43,43,43,32,32,32,32,32,3,0],"gold":17,"neow_bonus":"ONE_RANDOM_RARE_CARD","is_prod":false,"is_daily":false,"chose_seed":false,"campfire_upgraded":8,"win_rate":0,"timestamp":1538531836,"path_taken":["M","M","?","$","?","R","M","R","T","M","$","M","E","?","R","BOSS","M","M","$","M","$","R","?","$","T","M","?","E","R","M","R","BOSS","M","$","M","M","?","R","M","R","T","R","?","?","M"],"build_version":"2018-09-27","purchased_purges":0,"victory":false,"max_hp_per_floor":[70,70,70,70,70,70,70,70,70,70,70,70,70,70,70,70,70,70,70,70,70,70,70,70,70,80,80,80,80,80,80,80,80,80,80,80,80,80,80,80,80,80,80,80,80,80,80],"card_choices":[{"not_picked":["Choke","Skewer"],"picked":"Noxious Fumes","floor":1.0},{"not_picked":["Underhanded Strike","Prepared","Dagger Throw"],"picked":"SKIP","floor":2.0},{"not_picked":["Dagger Spray","Underhanded Strike","Flying Knee"],"picked":"SKIP","floor":5.0},{"not_picked":["Dash","Quick Slash","Predator"],"picked":"SKIP","floor":7.0},{"not_picked":["Blade Dance","Dagger Throw"],"picked":"Footwork","floor":10.0},{"not_picked":["Setup","All Out Attack","Poisoned Stab"],"picked":"SKIP","floor":12.0},{"not_picked":["Sucker Punch","Dagger Throw"],"picked":"Corpse Explosion","floor":13.0},{"not_picked":["Eviscerate","Bane","Blade Dance"],"picked":"SKIP","floor":18.0},{"not_picked":["Reflex+1","Infinite Blades"],"picked":"Escape Plan","floor":19.0},{"not_picked":["Blade Dance","Poisoned Stab+1"],"picked":"Deflect","floor":21.0},{"not_picked":["Expertise+1","Quick Slash","Blade Dance"],"picked":"SKIP","floor":27.0},{"not_picked":["Blade Dance","Endless Agony+1"],"picked":"Cloak And Dagger","floor":29.0},{"not_picked":["Deadly Poison","Endless Agony","Dagger Throw"],"picked":"SKIP","floor":31.0},{"not_picked":["Bane","Distraction+1","Blade Dance"],"picked":"SKIP","floor":35.0},{"not_picked":["Underhanded Strike+1","All Out Attack"],"picked":"Deflect+1","floor":37.0},{"not_picked":["Caltrops","Underhanded Strike+1"],"picked":"Deflect","floor":38.0},{"not_picked":["Blind","Madness"],"picked":"Bandage Up","floor":39.0},{"not_picked":["Concentrate","Prepared+1","Caltrops"],"picked":"SKIP","floor":41.0},{"not_picked":["Endless Agony+1","PiercingWail+1","Deadly Poison+1"],"picked":"SKIP","floor":46.0}],"player_experience":352964,"relics_obtained":[{"floor":9.0,"key":"Blood Vial"},{"floor":26.0,"key":"Pear"},{"floor":29.0,"key":"Pantograph"},{"floor":43.0,"key":"Regal Pillow"}],"event_choices":[{"event_name":"Golden Wing","player_choice":"Card Removal","floor":3.0,"damage_taken":0.0},{"event_name":"Drug Dealer","player_choice":"Inject Mutagens","floor":24.0,"damage_taken":0.0},{"event_name":"SensoryStone","player_choice":"Memory 1","floor":39.0,"damage_taken":0.0},{"event_name":"FaceTrader","player_choice":"Leave","floor":45.0,"damage_taken":0.0}],"is_beta":false,"boss_relics":[{"not_picked":["Lizard Tail","Ring of the Serpent"],"picked":"Ectoplasm"},{"not_picked":["Sozu","Orrery"],"picked":"Empty Cage"}],"items_purged_floors":[],"is_endless":false,"potions_floor_spawned":[1,10,13,21,27,31,33,38,41,46],"killed_by":"Transient","ascension_level":1}