{"gold_per_floor":[11,11,26,26,26,26,26,37,62,62,62,62,97,97,97,198,198,164,10,30,30,30,30,47,47,47,66,31,31,31,66,66,66],"floor_reached":33,"playtime":760,"items_purged":[],"score":284,"play_id":"b7a804d4-6b12-4420-9e8b-e61a854bcab3","local_time":"20181112003157","is_ascension_mode":false,"campfire_choices":[{"data":"Demon Form","floor":6.0,"key":"SMITH"},{"data":"Armaments","floor":10.0,"key":"SMITH"},{"data":"Defend_R","floor":12.0,"key":"SMITH"},{"data":"Defend_R","floor":15.0,"key":"SMITH"},{"data":"Shrug It Off","floor":23,"key":"SMITH"},{"data":"Bash","floor":25,"key":"SMITH"},{"floor":29,"key":"REST"},{"floor":32,"key":"REST"}],"neow_cost":"NO_GOLD","seed_source_timestamp":311087534842463,"circlet_count":0,"master_deck":["Strike_R","Strike_R","Strike_R","Strike_R","Strike_R","Defend_R+1","Defend_R+1","Defend_R+1","Defend_R+1","Bash+1","Demon Form+1","Armaments+1","Feed","Shrug It Off+1","Metallicize"],"special_seed":0,"relics":["Black Blood","Question Card","Strawberry","Potion Belt","Orichalcum","Meat on the Bone","War Paint"],"potions_floor_usage":[20,33,33],"damage_taken":[{"damage":2.0,"enemies":"Small Slimes","floor":1.0,"turns":4.0},{"damage":10.0,"enemies":"Jaw Worm","floor":3.0,"turns":4.0},{"damage":6.0,"enemies":"2 Louse","floor":8.0,"turns":4.0},{"damage":15.0,"enemies":"Lagavulin","floor":13.0,"turns":6.0},{"damage":47.0,"enemies":"The Guardian","floor":16.0,"turns":10.0},{"damage":36,"enemies":"2 Thieves","floor":18,"turns":5},{"damage":6,"enemies":"Chosen","floor":20,"turns":7},{"damage":30,"enemies":"Snake Plant","floor":24,"turns":6},{"damage":51,"enemies":"Sentry and Sphere","floor":27,"turns":9},{"damage":46,"enemies":"Gremlin Leader","floor":31,"turns":7},{"damage":98,"enemies":"Automaton","floor":33,"turns":12}],"seed_played":"-7386446913336744221","potions_obtained":[{"floor":8.0,"key":"SpeedPotion"},{"floor":18,"key":"Explosive Potion"},{"floor":20,"key":"SpeedPotion"}],"is_trial":false,"path_per_floor":["M","?","M","$","?","R","$","M","T","R","$","R","E","$","R","B",null,"M","$","M","$","?","R","M","R","T","M","$","R","?","E","R","B"],"character_chosen":"IRONCLAD","items_purchased":["Orichalcum","Metallicize"],"campfire_rested":2,"item_purchase_floors":[19,28],"current_hp_per_floor":[80,73,69,69,74,74,74,74,81,81,81,81,72,72,72,31,92,69,69,73,73,73,73,53,53,53,24,24,52,52,28,56,0],"gold":66,"neow_bonus":"THREE_RARE_CARDS","is_prod":false,"is_daily":false,"chose_seed":false,"campfire_upgraded":6,"win_rate":0,"timestamp":1541975517,"path_taken":["M","?","M","$","?","R","$","M","T","R","$","R","E","?","R","BOSS","M","$","M","$","?","R","M","R","T","M","$","R","?","E","R","BOSS"],"build_version":"2018-11-08","purchased_purges":0,"victory":false,"max_hp_per_floor":[80,80,80,80,85,85,85,85,92,92,92,92,92,92,92,92,92,95,95,95,95,95,95,95,95,95,95,95,95,95,95,95,95],"card_choices":[{"not_picked":["Feed","Bludgeon"],"picked":"Demon Form","floor":0.0},{"not_picked":["Thunderclap","Clothesline","Hemokinesis"],"picked":"SKIP","floor":1.0},{"not_picked":["Combust","Headbutt","Whirlwind","Burning Pact"],"picked":"SKIP","floor":3.0},{"not_picked":["Thunderclap","Perfected Strike","Pommel Strike"],"picked":"Armaments","floor":8.0},{"not_picked":["Flex","Dropkick","Rage","Power Through"],"picked":"SKIP","floor":13.0},{"not_picked":["Immolate","Exhume","Dark Embrace"],"picked":"Feed","floor":16.0},{"not_picked":["Evolve","Spot Weakness+1","Dual Wield"],"picked":"Shrug It Off","floor":18},{"not_picked":["Shockwave","Clash","Headbutt+1","Heavy Blade"],"picked":"SKIP","floor":20},{"not_picked":["Dropkick","Body Slam","Havoc","Dual Wield+1"],"picked":"SKIP","floor":24},{"not_picked":["Wild Strike","Flex","Inflame","Clash"],"picked":"SKIP","floor":27},{"not_picked":["Wild Strike+1","Pummel","Headbutt","Thunderclap+1"],"picked":"SKIP","floor":31}],"player_experience":457683,"relics_obtained":[{"floor":9.0,"key":"Strawberry"},{"floor":13.0,"key":"Potion Belt"},{"floor":26,"key":"Meat on the Bone"},{"floor":31,"key":"War Paint"}],"event_choices":[{"damage_healed":0.0,"max_hp_gain":0.0,"max_hp_loss":0.0,"gold_gain":0.0,"event_name":"Scrap Ooze","player_choice":"Success","floor":2.0,"gold_loss":0.0,"damage_taken":7.0,"relics_obtained":["Question Card"]},{"damage_healed":0.0,"max_hp_gain":5.0,"max_hp_loss":0.0,"gold_gain":0.0,"event_name":"Big Fish","player_choice":"Donut","floor":5.0,"gold_loss":0.0,"damage_taken":0.0},{"damage_healed":0,"gold_gain":0,"player_choice":"Ignored","damage_taken":0,"max_hp_gain":0,"max_hp_loss":0,"event_name":"Vampires","floor":22,"gold_loss":0},{"damage_healed":0,"gold_gain":0,"player_choice":"Ignored","damage_taken":0,"max_hp_gain":0,"max_hp_loss":0,"event_name":"Cursed Tome","floor":30,"gold_loss":0}],"is_beta":false,"boss_relics":[{"not_picked":["White Beast Statue","Tiny House"],"picked":"Black Blood"}],"items_purged_floors":[],"is_endless":false,"potions_floor_spawned":[8,18,20],"killed_by":"Automaton","ascension_level":0}