{"gold_per_floor":[130,160,172,259,290,336,366,404,416,428,295,314,345,242,242,337,337,352,12,23,23,33,33,33,64,64,64,97,113,113,113,113,211,211,221,221,241,255,270,9,9,38,88,99,125,50,64,83,83,83],"floor_reached":50,"playtime":1520,"items_purged":["Doubt"],"score":637,"play_id":"b6a0e722-59db-49cf-8e81-f6ca0f8f7eb0","local_time":"20180730225801","is_ascension_mode":false,"campfire_choices":[{"data":"Double Tap","floor":10.0,"key":"SMITH"},{"data":"Armaments","floor":15.0,"key":"SMITH"},{"data":"Apotheosis","floor":23.0,"key":"SMITH"},{"floor":32.0,"key":"REST"},{"data":"Trip","floor":41,"key":"SMITH"},{"data":"Blind","floor":49,"key":"SMITH"}],"neow_cost":"NONE","seed_source_timestamp":121562054403335,"circlet_count":0,"master_deck":["Strike_R","Strike_R","Strike_R","Strike_R","Strike_R","Defend_R+1","Defend_R","Defend_R","Defend_R","Bash","Twin Strike","Offering+1","Double Tap+1","Thunderclap","Cleave","Blind+1","Feed","Rage+1","Apotheosis+1","Reaper","Battle Trance+1","Trip+1"],"special_seed":0,"relics":["Burning Blood","MawBank","Bag of Preparation","Vajra","Red Skull","Ginger","Velvet Choker","Pen Nib","Nloth\u0027s Gift","Anchor","War Paint","Orichalcum","Cursed Key","Shuriken","Potion Belt","Art of War","Question Card"],"potions_floor_usage":[45,50,50,50],"damage_taken":[{"damage":6.0,"enemies":"Cultist","floor":1.0,"turns":3.0},{"damage":7.0,"enemies":"2 Louse","floor":2.0,"turns":2.0},{"damage":5.0,"enemies":"Small Slimes","floor":5.0,"turns":3.0},{"damage":19.0,"enemies":"Gremlin Nob","floor":6.0,"turns":3.0},{"damage":15.0,"enemies":"Looter","floor":7.0,"turns":2.0},{"damage":30.0,"enemies":"3 Sentries","floor":8.0,"turns":10.0},{"damage":5.0,"enemies":"3 Louse","floor":12.0,"turns":1.0},{"damage":0.0,"enemies":"Gremlin Nob","floor":13.0,"turns":2.0},{"damage":22.0,"enemies":"The Guardian","floor":16.0,"turns":8.0},{"damage":10.0,"enemies":"2 Thieves","floor":18.0,"turns":2.0},{"damage":10.0,"enemies":"Spheric Guardian","floor":20.0,"turns":3.0},{"damage":9.0,"enemies":"3 Cultists","floor":22.0,"turns":4.0},{"damage":33.0,"enemies":"Slavers","floor":25.0,"turns":4.0},{"damage":17.0,"enemies":"Book of Stabbing","floor":28.0,"turns":3.0},{"damage":0.0,"enemies":"Snecko","floor":29.0,"turns":2.0},{"damage":66,"enemies":"Collector","floor":33,"turns":7},{"damage":8,"enemies":"Flame Bruiser 1 Orb","floor":35,"turns":5},{"damage":4,"enemies":"Orb Walker","floor":37,"turns":3},{"damage":24,"enemies":"4 Shapes","floor":38,"turns":2},{"damage":10,"enemies":"Sphere and 2 Shapes","floor":39,"turns":4},{"damage":26,"enemies":"2 Orb Walkers","floor":42,"turns":5},{"damage":1,"enemies":"3 Darklings","floor":44,"turns":3},{"damage":27,"enemies":"Giant Head","floor":45,"turns":6},{"damage":5,"enemies":"Transient","floor":47,"turns":5},{"damage":6,"enemies":"Sphere and 2 Shapes","floor":48,"turns":4},{"damage":128,"enemies":"Time Eater","floor":50,"turns":10}],"seed_played":"6172261427251038043","potions_obtained":[{"floor":2.0,"key":"SkillPotion"},{"floor":5.0,"key":"Regen Potion"},{"floor":6.0,"key":"Poison Potion"},{"floor":12.0,"key":"Dexterity Potion"},{"floor":13.0,"key":"PowerPotion"},{"floor":20.0,"key":"SkillPotion"},{"floor":47,"key":"SkillPotion"}],"is_trial":false,"path_per_floor":["M","M","?","?","M","E","M","E","T","R","$","M","E","$","R","B",null,"M","$","M","?","M","R","?","E","T","$","E","M","?","$","R","B",null,"M","?","M","M","M","$","R","E","T","M","E","$","M","M","R"],"character_chosen":"IRONCLAD","items_purchased":["Red Skull","Blind","Pen Nib","Apotheosis","Shuriken"],"campfire_rested":1,"item_purchase_floors":[11,14,19,19,40],"current_hp_per_floor":[80,79,79,68,69,56,47,23,23,23,23,24,30,30,30,14,80,80,80,76,76,73,73,73,49,49,49,38,48,48,48,75,15,91,91,91,95,89,99,99,99,79,79,103,82,82,93,111,111,0],"gold":83,"neow_bonus":"RANDOM_COMMON_RELIC","is_prod":false,"is_daily":false,"chose_seed":false,"campfire_upgraded":5,"win_rate":0,"timestamp":1532980681,"path_taken":["M","M","?","?","M","E","?","E","T","R","$","M","E","?","R","BOSS","M","$","M","?","M","R","?","E","T","$","E","M","?","$","R","BOSS","M","?","M","M","M","$","R","E","T","M","E","$","?","M","R","BOSS"],"build_version":"2018-07-26","purchased_purges":1,"victory":false,"max_hp_per_floor":[80,80,80,80,80,80,80,80,80,80,80,80,80,80,80,80,80,84,84,84,84,84,84,84,87,87,87,87,91,91,91,91,91,91,91,91,95,99,103,103,103,103,103,107,107,107,107,111,111,111],"card_choices":[{"not_picked":["Perfected Strike","Anger"],"picked":"Twin Strike","floor":1.0},{"not_picked":["Hemokinesis","Flex","Second Wind"],"picked":"SKIP","floor":2.0},{"not_picked":["Metallicize","Clothesline"],"picked":"Offering","floor":5.0},{"not_picked":["Twin Strike","Bloodletting"],"picked":"Double Tap","floor":6.0},{"not_picked":["Flex","Pommel Strike","Clothesline"],"picked":"SKIP","floor":7.0},{"not_picked":["Uppercut","Sentinel"],"picked":"Thunderclap","floor":8.0},{"not_picked":["Pummel","Iron Wave"],"picked":"Cleave","floor":12.0},{"not_picked":["Wild Strike","Thunderclap"],"picked":"Armaments","floor":13.0},{"not_picked":["Juggernaut","Brutality"],"picked":"Feed","floor":16.0},{"not_picked":["Rampage","Flex+1"],"picked":"Rage+1","floor":18.0},{"not_picked":["Seeing Red","Warcry","Pummel"],"picked":"SKIP","floor":20.0},{"not_picked":["Flex","Intimidate","Metallicize"],"picked":"SKIP","floor":22.0},{"not_picked":["Dark Embrace","Cleave","Clothesline"],"picked":"SKIP","floor":25.0},{"not_picked":["Wild Strike+1","Fiend Fire","Juggernaut"],"picked":"SKIP","floor":28.0},{"not_picked":["Reckless Charge","Havoc+1","Bloodletting"],"picked":"SKIP","floor":29.0},{"not_picked":["Juggernaut","Immolate"],"picked":"Reaper","floor":33},{"not_picked":["Body Slam","Iron Wave"],"picked":"Battle Trance+1","floor":35},{"not_picked":["Dramatic Entrance","Apotheosis"],"picked":"Trip","floor":36},{"not_picked":["Power Through","Warcry","Wild Strike"],"picked":"SKIP","floor":37},{"not_picked":["Heavy Blade","Twin Strike","Juggernaut"],"picked":"SKIP","floor":38},{"not_picked":["True Grit","Flex+1","Pommel Strike+1"],"picked":"SKIP","floor":39},{"not_picked":["Armaments","Impervious","Cleave+1"],"picked":"SKIP","floor":42},{"not_picked":["Juggernaut","Havoc","Rupture"],"picked":"SKIP","floor":44},{"not_picked":["Cleave","Reaper","Impervious"],"picked":"SKIP","floor":45},{"not_picked":["Pommel Strike","Anger+1","Armaments+1","Heavy Blade"],"picked":"SKIP","floor":47},{"not_picked":["Entrench","Ghostly Armor+1","Twin Strike","Shrug It Off+1"],"picked":"SKIP","floor":48}],"player_experience":270511,"relics_obtained":[{"floor":6.0,"key":"Bag of Preparation"},{"floor":8.0,"key":"Vajra"},{"floor":9.0,"key":"Blue Candle"},{"floor":13.0,"key":"Ginger"},{"floor":25.0,"key":"Anchor"},{"floor":26.0,"key":"War Paint"},{"floor":28.0,"key":"Orichalcum"},{"floor":42,"key":"Potion Belt"},{"floor":43,"key":"Art of War"},{"floor":45,"key":"Question Card"}],"event_choices":[{"event_name":"The Cleric","player_choice":"Leave","floor":3.0,"damage_taken":0.0},{"event_name":"World of Goop","player_choice":"Gather Gold","floor":4.0,"damage_taken":0.0},{"event_name":"Purifier","player_choice":"One Purge","floor":21.0,"damage_taken":0.0},{"event_name":"N\u0027loth","player_choice":"Traded a Blue Candle","floor":24.0,"damage_taken":0.0},{"event_name":"Ghosts","player_choice":"Ignored","floor":30.0,"damage_taken":0.0},{"event_name":"SensoryStone","player_choice":"Memory 1","floor":36,"damage_taken":0}],"is_beta":false,"boss_relics":[{"not_picked":["Orrery","Fusion Hammer"],"picked":"Velvet Choker"},{"not_picked":["Lizard Tail","Calling Bell"],"picked":"Cursed Key"}],"items_purged_floors":[46],"is_endless":false,"potions_floor_spawned":[2,5,6,12,13,20,22,29,33,35,38,39,47],"killed_by":"Time Eater","ascension_level":0}