{"gold_per_floor":[209,219,232,232,232,232,307,341,395,320,350,16,32,32,32,130,130,140,15,28,28,28,28,56,74,374,388,401,416,416,432,432,536,536,549,566,389,404,143,173,173,207,231,262,291,322,45,56,56,56],"floor_reached":51,"playtime":1699,"items_purged":["Strike_R","Strike_R","Strike_R","Bash"],"score":916,"play_id":"85b4f2ec-0e04-4727-96df-a1c1b6d308d0","local_time":"20190707165315","is_ascension_mode":false,"campfire_choices":[{"data":"Body Slam","floor":6.0,"key":"SMITH"},{"data":"Good Instincts","floor":15.0,"key":"SMITH"},{"data":"Evolve","floor":23.0,"key":"SMITH"},{"data":"Body Slam","floor":32.0,"key":"SMITH"},{"data":"Body Slam","floor":41.0,"key":"SMITH"},{"data":"Entrench","floor":49,"key":"SMITH"}],"neow_cost":"NONE","seed_source_timestamp":59690843135600,"circlet_count":0,"master_deck":["Defend_R","Defend_R","Defend_R","Defend_R","Body Slam+1","Shrug It Off","Body Slam+1","Battle Trance","Evolve+1","Good Instincts+1","Impervious","Body Slam+1","Body Slam+1","Shrug It Off","Doubt","Entrench+1"],"special_seed":0,"relics":["Burning Blood","Anchor","Pen Nib","Centennial Puzzle","Oddly Smooth Stone","Empty Cage","Matryoshka","Happy Flower","Old Coin","Cursed Key","Bottled Lightning","Red Skull","Question Card","Smiling Mask","MawBank","Calipers"],"potions_floor_usage":[50],"damage_taken":[{"damage":2.0,"enemies":"Small Slimes","floor":1.0,"turns":4.0},{"damage":0.0,"enemies":"2 Louse","floor":2.0,"turns":2.0},{"damage":12.0,"enemies":"Jaw Worm","floor":3.0,"turns":6.0},{"damage":37.0,"enemies":"3 Sentries","floor":8.0,"turns":12.0},{"damage":18.0,"enemies":"Lagavulin","floor":11.0,"turns":6.0},{"damage":1.0,"enemies":"Exordium Thugs","floor":13.0,"turns":3.0},{"damage":10.0,"enemies":"Slime Boss","floor":16.0,"turns":6.0},{"damage":3.0,"enemies":"Shell Parasite","floor":18.0,"turns":3.0},{"damage":0.0,"enemies":"2 Thieves","floor":20.0,"turns":4.0},{"damage":0.0,"enemies":"Slavers","floor":24.0,"turns":5.0},{"damage":0.0,"enemies":"Snake Plant","floor":25.0,"turns":1.0},{"damage":9.0,"enemies":"Snecko","floor":27.0,"turns":3.0},{"damage":0.0,"enemies":"Chosen and Byrds","floor":28.0,"turns":4.0},{"damage":0.0,"enemies":"Centurion and Healer","floor":29.0,"turns":4.0},{"damage":0.0,"enemies":"Cultist and Chosen","floor":31.0,"turns":4.0},{"damage":36.0,"enemies":"Automaton","floor":33.0,"turns":9.0},{"damage":0.0,"enemies":"3 Shapes","floor":35.0,"turns":4.0},{"damage":0.0,"enemies":"Orb Walker","floor":36.0,"turns":2.0},{"damage":0.0,"enemies":"Jaw Worm Horde","floor":38.0,"turns":2.0},{"damage":0.0,"enemies":"Reptomancer","floor":40.0,"turns":4.0},{"damage":3.0,"enemies":"Nemesis","floor":42.0,"turns":5.0},{"damage":0.0,"enemies":"Writhing Mass","floor":44.0,"turns":1.0},{"damage":0.0,"enemies":"Spire Growth","floor":45.0,"turns":3.0},{"damage":0,"enemies":"Sphere and 2 Shapes","floor":46,"turns":1},{"damage":0,"enemies":"Maw","floor":48,"turns":4},{"damage":0,"enemies":"Donu and Deca","floor":50,"turns":4}],"seed_played":"6881419143395691657","potions_obtained":[{"floor":1.0,"key":"Ancient Potion"},{"floor":3.0,"key":"Poison Potion"},{"floor":13.0,"key":"Energy Potion"},{"floor":16.0,"key":"FearPotion"},{"floor":20.0,"key":"AttackPotion"},{"floor":45.0,"key":"SpeedPotion"}],"is_trial":false,"path_per_floor":["M","M","M","?","$","R","?","E","T","$","E","$","M","?","R","B",null,"M","$","M","$","$","R","E","M","T","M","M","M","?","M","R","B",null,"M","M","$","M","$","E","R","E","T","M","M","M","$","M","R","B",null],"character_chosen":"IRONCLAD","items_purchased":["Oddly Smooth Stone","Evolve","Body Slam","Bottled Lightning","Calipers"],"campfire_rested":0,"item_purchase_floors":[12,12,37,39,47],"current_hp_per_floor":[80,80,74,74,74,74,63,32,32,32,20,20,25,25,25,21,80,80,80,80,80,80,80,80,80,80,77,80,80,80,80,80,50,80,80,80,80,80,80,80,80,80,80,80,80,80,80,80,80,80],"gold":56,"neow_bonus":"HUNDRED_GOLD","is_prod":false,"is_daily":false,"chose_seed":false,"campfire_upgraded":6,"win_rate":0,"timestamp":1562507595,"path_taken":["M","M","M","?","$","R","?","E","T","?","E","$","?","?","R","BOSS","M","$","M","?","$","R","E","M","T","M","M","M","?","M","R","BOSS","M","M","$","M","$","E","R","E","T","M","M","?","$","M","R","BOSS"],"build_version":"2019-07-05","purchased_purges":4,"victory":true,"max_hp_per_floor":[80,80,80,80,80,80,80,80,80,80,80,80,80,80,80,80,80,80,80,80,80,80,80,80,80,80,80,80,80,80,80,80,80,80,80,80,80,80,80,80,80,80,80,80,80,80,80,80,80,80],"card_choices":[{"not_picked":["Rampage","Flex"],"picked":"Body Slam","floor":1.0},{"not_picked":["Rampage","Headbutt"],"picked":"Shrug It Off","floor":2.0},{"not_picked":["Heavy Blade","Clash"],"picked":"Body Slam","floor":3.0},{"not_picked":["Metallicize","Corruption","Fire Breathing"],"picked":"SKIP","floor":8.0},{"not_picked":["Limit Break","Seeing Red"],"picked":"Battle Trance","floor":11.0},{"not_picked":["Inflame","Headbutt","Bloodletting"],"picked":"SKIP","floor":13.0},{"not_picked":["Cleave","Rampage","Inflame"],"picked":"SKIP","floor":18.0},{"not_picked":["Sword Boomerang","Second Wind","Cleave"],"picked":"SKIP","floor":20.0},{"not_picked":["True Grit","Inflame+1"],"picked":"Body Slam","floor":24.0},{"not_picked":["Ghostly Armor","Cleave","Havoc+1"],"picked":"SKIP","floor":25.0},{"not_picked":["Dropkick","Infernal Blade","Sword Boomerang"],"picked":"SKIP","floor":27.0},{"not_picked":["Havoc","Heavy Blade","Perfected Strike"],"picked":"SKIP","floor":28.0},{"not_picked":["Clash","Warcry","Wild Strike"],"picked":"SKIP","floor":29.0},{"not_picked":["Feel No Pain","Perfected Strike","Thunderclap"],"picked":"SKIP","floor":31.0},{"not_picked":["Intimidate+1","Iron Wave","Blood for Blood"],"picked":"SKIP","floor":35.0},{"not_picked":["Uppercut","Anger","Armaments"],"picked":"SKIP","floor":36.0},{"not_picked":["Wild Strike+1","Flex+1"],"picked":"Shrug It Off","floor":38.0},{"not_picked":["Reckless Charge","Pummel+1","Intimidate"],"picked":"SKIP","floor":40.0},{"not_picked":["Wild Strike+1","True Grit","Infernal Blade+1"],"picked":"SKIP","floor":42.0},{"not_picked":["Clothesline","Reckless Charge+1","Pummel","Cleave+1"],"picked":"SKIP","floor":44.0},{"not_picked":["Clothesline","Shrug It Off","Clash+1"],"picked":"Entrench","floor":45.0},{"not_picked":["Searing Blow","Evolve","Berserk","Thunderclap"],"picked":"SKIP","floor":46},{"not_picked":["Warcry","True Grit+1","Rupture+1","Whirlwind"],"picked":"SKIP","floor":48}],"player_experience":676407,"relics_obtained":[{"floor":8.0,"key":"Anchor"},{"floor":9.0,"key":"Pen Nib"},{"floor":11.0,"key":"Centennial Puzzle"},{"floor":24.0,"key":"Matryoshka"},{"floor":26.0,"key":"Happy Flower"},{"floor":26.0,"key":"Old Coin"},{"floor":40.0,"key":"Red Skull"},{"floor":42.0,"key":"Question Card"},{"floor":43.0,"key":"Smiling Mask"},{"floor":43.0,"key":"MawBank"}],"event_choices":[{"damage_healed":0.0,"max_hp_gain":0.0,"max_hp_loss":0.0,"gold_gain":0.0,"event_name":"Living Wall","player_choice":"Grow","floor":4.0,"gold_loss":0.0,"damage_taken":0.0,"cards_upgraded":["Body Slam"]},{"damage_healed":0.0,"max_hp_gain":0.0,"max_hp_loss":0.0,"gold_gain":75.0,"event_name":"World of Goop","player_choice":"Gather Gold","floor":7.0,"gold_loss":0.0,"damage_taken":11.0},{"damage_healed":0.0,"max_hp_gain":0.0,"max_hp_loss":0.0,"gold_gain":0.0,"event_name":"Match and Keep!","player_choice":"2 cards matched","floor":14.0,"gold_loss":0.0,"damage_taken":0.0,"cards_obtained":["Good Instincts","Impervious"]},{"damage_healed":0.0,"max_hp_gain":0.0,"max_hp_loss":0.0,"gold_gain":0.0,"event_name":"Match and Keep!","player_choice":"0 cards matched","floor":30.0,"gold_loss":0.0,"damage_taken":0.0,"cards_obtained":[]}],"is_beta":false,"boss_relics":[{"not_picked":["Lizard Tail","Philosopher\u0027s Stone"],"picked":"Empty Cage"},{"not_picked":["Runic Dome","Snecko Eye"],"picked":"Cursed Key"}],"items_purged_floors":[10,12,19,37],"is_endless":false,"potions_floor_spawned":[1,3,13,16,20,25,29,33,38,45,46,48],"ascension_level":0}