{"gold_per_floor":[114,36,52,52,66,66,91,108,108,108,128,156,168,185,185,283,283,300,315,24,35,35,69,86,86,86,86,96,113,113,113,113,113],"floor_reached":33,"playtime":1370,"items_purged":[],"score":306,"play_id":"0870ef54-f8e6-48dc-a7a2-62ded81a61ad","local_time":"20180806115641","is_ascension_mode":false,"campfire_choices":[{"data":"Defragment","floor":6.0,"key":"SMITH"},{"data":"Zap","floor":10.0,"key":"SMITH"},{"data":"Dualcast","floor":15.0,"key":"SMITH"},{"floor":25.0,"key":"DIG"},{"floor":27.0,"key":"DIG"},{"floor":32,"key":"DIG"}],"neow_cost":"","seed_source_timestamp":327207455532632,"circlet_count":0,"master_deck":["Strike_B","Strike_B","Strike_B","Strike_B","Defend_B","Defend_B","Defend_B","Defend_B","Zap+1","Dualcast+1","Defragment+1","Hologram","Conserve Battery","Loop+1","Steam","Seek","Ball Lightning+1","Defragment+1","Leap","Loop+1","Self Repair+1"],"special_seed":0,"relics":["Cracked Core","Meat on the Bone","Symbiotic Virus","Frozen Egg 2","Inserter","Shovel","Letter Opener","Oddly Smooth Stone","Lantern","Kunai","StoneCalendar"],"potions_floor_usage":[33],"damage_taken":[{"damage":0.0,"enemies":"Cultist","floor":1.0,"turns":3.0},{"damage":2.0,"enemies":"Small Slimes","floor":3.0,"turns":4.0},{"damage":1.0,"enemies":"Jaw Worm","floor":5.0,"turns":4.0},{"damage":30.0,"enemies":"Lagavulin","floor":7.0,"turns":8.0},{"damage":10.0,"enemies":"3 Louse","floor":8.0,"turns":4.0},{"damage":0.0,"enemies":"Large Slime","floor":11.0,"turns":5.0},{"damage":9.0,"enemies":"3 Sentries","floor":12.0,"turns":5.0},{"damage":16.0,"enemies":"Gremlin Gang","floor":13.0,"turns":4.0},{"damage":15.0,"enemies":"3 Louse","floor":14.0,"turns":4.0},{"damage":23.0,"enemies":"Slime Boss","floor":16.0,"turns":4.0},{"damage":9.0,"enemies":"Spheric Guardian","floor":18.0,"turns":4.0},{"damage":10.0,"enemies":"3 Byrds","floor":19.0,"turns":3.0},{"damage":0.0,"enemies":"Centurion and Healer","floor":21.0,"turns":6.0},{"damage":21.0,"enemies":"Gremlin Leader","floor":23.0,"turns":6.0},{"damage":21.0,"enemies":"Snake Plant","floor":24.0,"turns":2.0},{"damage":28.0,"enemies":"3 Cultists","floor":28.0,"turns":5.0},{"damage":0,"enemies":"Centurion and Healer","floor":29,"turns":4},{"damage":65,"enemies":"Automaton","floor":33,"turns":6}],"seed_played":"8426157381550979614","potions_obtained":[{"floor":8.0,"key":"Energy Potion"},{"floor":11.0,"key":"AttackPotion"},{"floor":14.0,"key":"AttackPotion"},{"floor":16.0,"key":"LiquidBronze"},{"floor":18.0,"key":"Dexterity Potion"},{"floor":19.0,"key":"EssenceOfSteel"},{"floor":31,"key":"SmokeBomb"},{"floor":31,"key":"SkillPotion"},{"floor":31,"key":"Strength Potion"}],"is_trial":false,"path_per_floor":["M","$","M","$","M","R","E","M","T","R","M","E","M","M","R","B",null,"M","M","$","M","$","E","M","R","T","R","M","M","?","?","R"],"character_chosen":"DEFECT","items_purchased":["Defragment","Shovel"],"campfire_rested":0,"item_purchase_floors":[2,20],"current_hp_per_floor":[75,75,73,73,72,72,42,44,44,44,44,47,43,40,40,29,75,66,56,56,56,56,47,38,38,38,38,22,44,44,44,44,0],"gold":113,"neow_bonus":"","is_prod":false,"is_daily":false,"chose_seed":false,"campfire_upgraded":3,"win_rate":0,"timestamp":1533545801,"path_taken":["M","$","M","$","?","R","E","M","T","R","M","E","M","M","R","BOSS","M","M","$","M","$","E","M","R","T","R","M","?","?","?","R","BOSS"],"build_version":"2018-08-02","purchased_purges":0,"victory":false,"max_hp_per_floor":[75,75,75,75,75,75,75,75,75,75,75,75,75,75,75,75,75,75,75,75,75,75,75,75,75,75,75,75,75,75,75,75,75],"card_choices":[{"not_picked":["Cold Snap","Sweeping Beam","Go for the Eyes"],"picked":"SKIP","floor":1.0},{"not_picked":["BootSequence","Beam Cell","Fusion"],"picked":"SKIP","floor":3.0},{"not_picked":["Beam Cell","Blizzard"],"picked":"Hologram","floor":5.0},{"not_picked":["Redo","Barrage"],"picked":"Conserve Battery","floor":7.0},{"not_picked":["Blizzard","Glacier","Beam Cell"],"picked":"SKIP","floor":8.0},{"not_picked":["Consume","Melter","Compile Driver"],"picked":"SKIP","floor":11.0},{"not_picked":["White Noise","Biased Cognition"],"picked":"Loop","floor":12.0},{"not_picked":["Capacitor+1","Redo","Sweeping Beam"],"picked":"SKIP","floor":13.0},{"not_picked":["Scrape","Go for the Eyes"],"picked":"Steam","floor":14.0},{"not_picked":["Multi-Cast","Rainbow"],"picked":"Seek","floor":16.0},{"not_picked":["Blizzard","Hello World+1","Cold Snap"],"picked":"SKIP","floor":18.0},{"not_picked":["Turbo","Genetic Algorithm"],"picked":"Ball Lightning+1","floor":19.0},{"not_picked":["Beam Cell","Hologram"],"picked":"Defragment+1","floor":21.0},{"not_picked":["Meteor Strike","Sweeping Beam"],"picked":"Leap","floor":23.0},{"not_picked":["Coolheaded","Genetic Algorithm"],"picked":"Loop+1","floor":24.0},{"not_picked":["Glacier","Force Field"],"picked":"Self Repair+1","floor":28.0},{"not_picked":["Cold Snap","Rebound","Sweeping Beam"],"picked":"SKIP","floor":29}],"player_experience":293627,"relics_obtained":[{"floor":7.0,"key":"Meat on the Bone"},{"floor":9.0,"key":"Symbiotic Virus"},{"floor":12.0,"key":"Frozen Egg 2"},{"floor":23.0,"key":"Letter Opener"},{"floor":25.0,"key":"Oddly Smooth Stone"},{"floor":26.0,"key":"Lantern"},{"floor":27.0,"key":"Kunai"},{"floor":32,"key":"StoneCalendar"}],"event_choices":[{"event_name":"Drug Dealer","player_choice":"Ignored","floor":30,"damage_taken":0},{"event_name":"The Lab","player_choice":"Got Potions","floor":31,"damage_taken":0}],"is_beta":false,"boss_relics":[{"not_picked":["Velvet Choker","Black Star"],"picked":"Inserter"}],"items_purged_floors":[],"is_endless":false,"potions_floor_spawned":[8,11,14,16,18,19,21],"killed_by":"Automaton","ascension_level":0}