{"gold_per_floor":[116,116,130,148,148,148,173,190,190,115,130,146,146],"floor_reached":13,"playtime":816,"items_purged":["Strike_G"],"score":126,"play_id":"3e81550c-5846-4020-a7ba-6854149d7a19","local_time":"20181107223832","is_ascension_mode":true,"campfire_choices":[{"data":"Backflip","floor":6,"key":"SMITH"}],"neow_cost":"NONE","seed_source_timestamp":35993857464237,"circlet_count":0,"master_deck":["Defend_G","Defend_G","Defend_G","Defend_G","Defend_G","Strike_G","Strike_G","Strike_G","Strike_G","Survivor","Neutralize+1","Bane+1","Cloak And Dagger","Backflip+1","Leg Sweep","Poisoned Stab"],"relics":["Ring of the Snake","Snake Skull","Boot","Bronze Scales"],"potions_floor_usage":[7,11],"damage_taken":[{"damage":6,"enemies":"Jaw Worm","floor":1,"turns":7},{"damage":1,"enemies":"2 Louse","floor":3,"turns":4},{"damage":0,"enemies":"Cultist","floor":4,"turns":4},{"damage":34,"enemies":"3 Sentries","floor":7,"turns":12},{"damage":4,"enemies":"Exordium Thugs","floor":8,"turns":5},{"damage":0,"enemies":"2 Fungi Beasts","floor":11,"turns":3},{"damage":0,"enemies":"3 Louse","floor":12,"turns":4},{"damage":11,"enemies":"Large Slime","floor":13,"turns":7}],"seed_played":"-7088745955078469747","potions_obtained":[{"floor":4,"key":"LiquidBronze"},{"floor":5,"key":"FairyPotion"},{"floor":5,"key":"SteroidPotion"},{"floor":8,"key":"FearPotion"}],"is_trial":false,"path_per_floor":["M","?","M","M","?","R","E","M","T","$","M","M","M"],"character_chosen":"THE_SILENT","items_purchased":[],"campfire_rested":0,"item_purchase_floors":[],"current_hp_per_floor":[57,43,42,42,42,42,8,4,4,4,4,4,0],"gold":146,"neow_bonus":"RANDOM_COMMON_RELIC","is_prod":false,"is_daily":false,"chose_seed":false,"campfire_upgraded":1,"win_rate":0,"timestamp":1541626712,"path_taken":["M","?","M","M","?","R","E","?","T","$","M","M","M"],"build_version":"2018-11-06","purchased_purges":1,"victory":false,"max_hp_per_floor":[70,70,70,70,70,70,70,70,70,70,70,70,70],"card_choices":[{"not_picked":["Outmaneuver","Crippling Poison"],"picked":"Bane","floor":1},{"not_picked":["Bane","Flechettes"],"picked":"Cloak And Dagger","floor":3},{"not_picked":["Quick Slash","Dagger Throw"],"picked":"Backflip","floor":4},{"not_picked":["Underhanded Strike","Distraction","Accuracy"],"picked":"SKIP","floor":7},{"not_picked":["Dagger Throw","Eviscerate","Backflip"],"picked":"SKIP","floor":8},{"not_picked":["Terror","Backstab"],"picked":"Leg Sweep","floor":11},{"not_picked":["Bouncing Flask","Catalyst"],"picked":"Poisoned Stab","floor":12}],"player_experience":614203,"relics_obtained":[{"floor":7,"key":"Boot"},{"floor":9,"key":"Bronze Scales"}],"event_choices":[{"damage_healed":0,"gold_gain":0,"player_choice":"Entered Light","damage_taken":14,"max_hp_gain":0,"max_hp_loss":0,"event_name":"Shining Light","floor":2,"gold_loss":0,"cards_upgraded":["Neutralize","Bane"]},{"damage_healed":0,"gold_gain":0,"player_choice":"Got Potions","damage_taken":0,"max_hp_gain":0,"max_hp_loss":0,"event_name":"Lab","floor":5,"gold_loss":0}],"is_beta":true,"boss_relics":[],"items_purged_floors":[10],"is_endless":false,"potions_floor_spawned":[4,8],"killed_by":"Large Slime","ascension_level":9}