{"gold_per_floor":[118,118,138,138,148,181,198,198,268,281,281,9,23,42,42,147,147,163,163,138,138],"floor_reached":21,"playtime":634,"items_purged":["Strike_B"],"score":183,"play_id":"2e9876fa-dc16-4db2-9dc2-010ca505ecb7","local_time":"20190726174106","is_ascension_mode":false,"campfire_choices":[{"data":"Zap","floor":8.0,"key":"SMITH"},{"data":"Reboot","floor":11.0,"key":"SMITH"},{"data":"Blind","floor":15.0,"key":"SMITH"}],"neow_cost":"NONE","seed_source_timestamp":259664640882900,"circlet_count":0,"master_deck":["Strike_B","Strike_B","Defend_B","Defend_B","Defend_B","Defend_B","Zap+1","Dualcast","FTL","Hologram","Beam Cell","Reboot+1","Go for the Eyes","Blind+1","Self Repair","Leap","Reinforced Body","Gash","Seek","Gash","Steam","Skim"],"special_seed":0,"relics":["FrozenCore","Anchor","StoneCalendar","The Courier"],"potions_floor_usage":[],"damage_taken":[{"damage":1.0,"enemies":"Jaw Worm","floor":1.0,"turns":2.0},{"damage":2.0,"enemies":"Small Slimes","floor":3.0,"turns":3.0},{"damage":1.0,"enemies":"Cultist","floor":5.0,"turns":3.0},{"damage":32.0,"enemies":"3 Sentries","floor":6.0,"turns":6.0},{"damage":0.0,"enemies":"Exordium Wildlife","floor":7.0,"turns":3.0},{"damage":0.0,"enemies":"Blue Slaver","floor":10.0,"turns":2.0},{"damage":0.0,"enemies":"Large Slime","floor":13.0,"turns":5.0},{"damage":0.0,"enemies":"Red Slaver","floor":14.0,"turns":2.0},{"damage":21.0,"enemies":"Slime Boss","floor":16.0,"turns":7.0},{"damage":5.0,"enemies":"Chosen","floor":18.0,"turns":7.0},{"damage":8.0,"enemies":"2 Thieves","floor":20.0,"turns":5.0},{"damage":17,"enemies":"Cultist and Chosen","floor":21,"turns":5}],"seed_played":"1716755003590746556","potions_obtained":[{"floor":1.0,"key":"Explosive Potion"},{"floor":7.0,"key":"Weak Potion"},{"floor":10.0,"key":"Swift Potion"},{"floor":13.0,"key":"FocusPotion"},{"floor":16.0,"key":"FearPotion"}],"is_trial":false,"path_per_floor":["M","?","M","?","M","E","M","R","T","M","R","$","M","M","R","B",null,"M","?","M","M"],"character_chosen":"DEFECT","items_purchased":["Go for the Eyes","Blind","Self Repair","Leap"],"campfire_rested":0,"item_purchase_floors":[12,12,12,12],"current_hp_per_floor":[74,74,72,72,71,39,39,39,39,39,39,39,46,53,53,39,75,75,75,74,57],"gold":138,"neow_bonus":"RANDOM_COMMON_RELIC","is_prod":false,"is_daily":false,"chose_seed":false,"campfire_upgraded":3,"win_rate":0,"timestamp":1564152066,"path_taken":["M","?","M","?","M","E","M","R","T","M","R","$","M","M","R","BOSS","M","?","M","M"],"build_version":"2019-07-17","purchased_purges":1,"victory":false,"max_hp_per_floor":[75,75,75,75,75,75,75,75,75,75,75,75,75,75,75,75,75,75,75,75,75],"card_choices":[{"not_picked":["Recycle","Stack"],"picked":"FTL","floor":1.0},{"not_picked":["Ball Lightning","BootSequence"],"picked":"Hologram","floor":3.0},{"not_picked":["Ball Lightning","Hologram","Chill"],"picked":"SKIP","floor":5.0},{"not_picked":["Stack","Cold Snap","Recycle"],"picked":"SKIP","floor":6.0},{"not_picked":["Coolheaded","Redo"],"picked":"Beam Cell","floor":7.0},{"not_picked":["Barrage","Beam Cell"],"picked":"Reboot","floor":10.0},{"not_picked":["Auto Shields","Recycle"],"picked":"Reinforced Body","floor":13.0},{"not_picked":["Force Field","Steam"],"picked":"Gash","floor":14.0},{"not_picked":["Biased Cognition","Amplify"],"picked":"Seek","floor":16.0},{"not_picked":["Steam","Compile Driver"],"picked":"Gash","floor":18.0},{"not_picked":["Turbo","Seek"],"picked":"Skim","floor":20}],"player_experience":765646,"relics_obtained":[{"floor":6.0,"key":"StoneCalendar"},{"floor":9.0,"key":"The Courier"}],"event_choices":[{"damage_healed":0.0,"max_hp_gain":0.0,"max_hp_loss":0.0,"gold_gain":0.0,"event_name":"The Cleric","player_choice":"Leave","floor":2.0,"gold_loss":0.0,"damage_taken":0.0},{"cards_removed":["Strike_B"],"damage_healed":0.0,"max_hp_gain":0.0,"max_hp_loss":0.0,"gold_gain":0.0,"event_name":"Bonfire Elementals","player_choice":"Offered Basic","floor":4.0,"gold_loss":0.0,"damage_taken":0.0},{"damage_healed":0.0,"max_hp_gain":0.0,"max_hp_loss":0.0,"gold_gain":0.0,"event_name":"The Library","player_choice":"Read","floor":19.0,"gold_loss":0.0,"damage_taken":0.0,"cards_obtained":["Steam"]}],"is_beta":false,"boss_relics":[{"not_picked":["Runic Pyramid","Calling Bell"],"picked":"FrozenCore"}],"items_purged_floors":[12],"is_endless":false,"potions_floor_spawned":[1,7,10,13,16],"killed_by":"Cultist and Chosen","ascension_level":0}