{"gold_per_floor":[111,36,47,58,58,58,92,92,118,130,148,148,148,166,166,265,265,283,301,317,317,317,317,346,358,381,398,415,415,262,281,281,378,378,392,8,24,43,59,94,94,108,156,175,175,190,216,216,216,216],"floor_reached":51,"playtime":2438,"items_purged":[],"score":760,"play_id":"bea3666b-ee8c-4b37-99f0-033d78315d96","local_time":"20180708032222","is_ascension_mode":false,"campfire_choices":[{"data":"Static Discharge","floor":6.0,"key":"SMITH"},{"data":"Zap","floor":8.0,"key":"SMITH"},{"data":"Dualcast","floor":12.0,"key":"SMITH"},{"data":"Redo","floor":15.0,"key":"SMITH"},{"data":"Echo Form","floor":23.0,"key":"SMITH"},{"data":"Thunder Strike","floor":29.0,"key":"SMITH"},{"floor":32.0,"key":"REST"},{"data":"Defragment","floor":41,"key":"SMITH"},{"data":"Loop","floor":45,"key":"SMITH"},{"floor":49,"key":"REST"}],"neow_cost":"NONE","seed_source_timestamp":37445528610669,"circlet_count":0,"master_deck":["Strike_B+1","Strike_B+1","Strike_B+1","Strike_B+1","Defend_B+1","Defend_B+1","Defend_B+1","Defend_B+1","Zap+1","Dualcast+1","Steam","Static Discharge+1","Redo+1","FTL+1","Ball Lightning","Ball Lightning+1","Reinforced Body","Echo Form+1","BootSequence","Capacitor","Conserve Battery","Leap+1","Thunder Strike+1","Defragment+1","Auto Shields","Lockon","Stack+1","Electrodynamics","Defragment+1","Loop+1","Hologram","Writhe"],"special_seed":0,"relics":["Cracked Core","Juzu Bracelet","Bag of Preparation","Singing Bowl","Runic Pyramid","Bottled Lightning","Whetstone","Busted Crown","Bird Faced Urn","Blood Vial","Potion Belt","Dodecahedron"],"potions_floor_usage":[40,47,47],"damage_taken":[{"damage":1.0,"enemies":"Cultist","floor":1.0,"turns":3.0},{"damage":4.0,"enemies":"2 Louse","floor":3.0,"turns":3.0},{"damage":0.0,"enemies":"Small Slimes","floor":4.0,"turns":3.0},{"damage":25.0,"enemies":"Gremlin Nob","floor":7.0,"turns":4.0},{"damage":0.0,"enemies":"Looter","floor":10.0,"turns":3.0},{"damage":2.0,"enemies":"Exordium Thugs","floor":11.0,"turns":3.0},{"damage":6.0,"enemies":"3 Louse","floor":14.0,"turns":2.0},{"damage":14.0,"enemies":"Slime Boss","floor":16.0,"turns":8.0},{"damage":3.0,"enemies":"Spheric Guardian","floor":18.0,"turns":3.0},{"damage":6.0,"enemies":"2 Thieves","floor":19.0,"turns":3.0},{"damage":5.0,"enemies":"Centurion and Healer","floor":20.0,"turns":5.0},{"damage":10.0,"enemies":"Book of Stabbing","floor":24.0,"turns":5.0},{"damage":9.0,"enemies":"Snake Plant","floor":25.0,"turns":4.0},{"damage":5.0,"enemies":"Sentry and Sphere","floor":27.0,"turns":5.0},{"damage":0.0,"enemies":"Centurion and Healer","floor":28.0,"turns":7.0},{"damage":21.0,"enemies":"Slaver and Parasite","floor":31.0,"turns":5.0},{"damage":20.0,"enemies":"Automaton","floor":33.0,"turns":10.0},{"damage":1.0,"enemies":"3 Shapes","floor":35.0,"turns":2.0},{"damage":12.0,"enemies":"3 Darklings","floor":37.0,"turns":3.0},{"damage":26.0,"enemies":"4 Shapes","floor":38.0,"turns":3.0},{"damage":4,"enemies":"Maw","floor":39,"turns":8},{"damage":3,"enemies":"Nemesis","floor":40,"turns":5},{"damage":26,"enemies":"Sphere and 2 Shapes","floor":42,"turns":5},{"damage":13,"enemies":"4 Shapes","floor":44,"turns":6},{"damage":16,"enemies":"3 Darklings","floor":46,"turns":5},{"damage":18,"enemies":"2 Orb Walkers","floor":47,"turns":3},{"damage":20,"enemies":"Donu and Deca","floor":50,"turns":5}],"seed_played":"4860962109081539820","potions_obtained":[{"floor":3.0,"key":"Swift Potion"},{"floor":4.0,"key":"Explosive Potion"},{"floor":11.0,"key":"SkillPotion"},{"floor":13.0,"key":"SmokeBomb"},{"floor":13.0,"key":"LiquidBronze"},{"floor":16.0,"key":"AttackPotion"},{"floor":25.0,"key":"SpeedPotion"},{"floor":27.0,"key":"GamblersBrew"},{"floor":31.0,"key":"Energy Potion"},{"floor":42,"key":"Swift Potion"},{"floor":44,"key":"PowerPotion"}],"is_trial":false,"path_per_floor":["M","$","M","M","?","R","E","R","T","M","M","R","?","M","R","B",null,"M","M","M","$","?","R","E","M","T","M","M","R","$","M","R","B",null,"M","$","M","M","M","E","R","M","T","M","R","M","E","?","R","B"],"character_chosen":"DEFECT","items_purchased":["Static Discharge","Auto Shields","Lockon","Loop","Bird Faced Urn"],"campfire_rested":2,"item_purchase_floors":[2,30,30,36,36],"current_hp_per_floor":[74,74,70,70,70,70,45,45,45,45,43,43,43,37,37,23,75,72,66,61,61,61,61,51,42,42,39,39,39,39,18,41,21,77,76,76,68,50,62,69,69,61,61,62,62,60,52,75,91,77],"gold":216,"neow_bonus":"RANDOM_COMMON_RELIC","is_prod":false,"is_daily":false,"chose_seed":false,"campfire_upgraded":8,"win_rate":0,"timestamp":1531009342,"path_taken":["M","$","M","M","?","R","E","R","T","M","M","R","?","M","R","BOSS","M","M","M","$","?","R","E","M","T","M","M","R","$","M","R","BOSS","M","$","M","M","M","E","R","M","T","M","R","M","E","?","R","BOSS"],"build_version":"2018-07-05","purchased_purges":0,"victory":true,"max_hp_per_floor":[75,75,75,75,75,75,75,75,75,75,75,75,75,75,75,75,75,75,75,75,75,75,75,75,75,75,77,77,77,77,77,77,77,77,77,77,79,81,83,85,85,85,85,87,87,89,91,91,91,91],"card_choices":[{"not_picked":["Go for the Eyes","Fusion"],"picked":"Steam","floor":1.0},{"not_picked":["Scrape","Compile Driver","Turbo"],"picked":"SKIP","floor":3.0},{"not_picked":["Amplify","Aggregate"],"picked":"Redo","floor":4.0},{"not_picked":["Beam Cell","Rebound"],"picked":"FTL","floor":7.0},{"not_picked":["Redo","Double Energy"],"picked":"Ball Lightning","floor":10.0},{"not_picked":["Rainbow","Skim"],"picked":"Ball Lightning","floor":11.0},{"not_picked":["Redo","Beam Cell"],"picked":"Reinforced Body","floor":14.0},{"not_picked":["Creative AI","Fission"],"picked":"Echo Form","floor":16.0},{"not_picked":["Rebound","Beam Cell+1"],"picked":"BootSequence","floor":18.0},{"not_picked":["Leap","Steam Power"],"picked":"Capacitor","floor":19.0},{"not_picked":["Compile Driver","Steam"],"picked":"Conserve Battery","floor":20.0},{"not_picked":["Beam Cell","Leap+1","Gash"],"picked":"SKIP","floor":24.0},{"not_picked":["Beam Cell","Gash"],"picked":"Leap+1","floor":24.0},{"not_picked":["Hologram","Ball Lightning+1"],"picked":"Thunder Strike","floor":25.0},{"not_picked":["Tempest","Cold Snap","Glacier"],"picked":"Singing Bowl","floor":27.0},{"not_picked":["Compile Driver","Conserve Battery"],"picked":"Defragment+1","floor":28.0},{"not_picked":["Conserve Battery+1","Redo"],"picked":"Stack+1","floor":31.0},{"not_picked":["Meteor Strike","Core Surge"],"picked":"Electrodynamics","floor":33.0},{"not_picked":[],"picked":"Defragment","floor":35.0},{"not_picked":["Double Energy"],"picked":"Singing Bowl","floor":37.0},{"not_picked":["Rebound+1"],"picked":"Singing Bowl","floor":38.0},{"not_picked":["Sweeping Beam"],"picked":"Singing Bowl","floor":39},{"not_picked":["Beam Cell"],"picked":"Singing Bowl","floor":40},{"not_picked":[],"picked":"Hologram","floor":42},{"not_picked":["Sunder+1"],"picked":"Singing Bowl","floor":44},{"not_picked":["Recycle+1"],"picked":"Singing Bowl","floor":46},{"not_picked":["Blizzard"],"picked":"Singing Bowl","floor":47}],"player_experience":180408,"relics_obtained":[{"floor":7.0,"key":"Bag of Preparation"},{"floor":9.0,"key":"Singing Bowl"},{"floor":24.0,"key":"Bottled Lightning"},{"floor":26.0,"key":"Whetstone"},{"floor":40,"key":"Blood Vial"},{"floor":43,"key":"Potion Belt"},{"floor":47,"key":"Dodecahedron"}],"event_choices":[{"event_name":"Golden Wing","player_choice":"Ignored","floor":5.0,"damage_taken":0.0},{"event_name":"The Lab","player_choice":"Got Potions","floor":13.0,"damage_taken":0.0},{"event_name":"Back to Basics","player_choice":"Simplicity","floor":22.0,"damage_taken":0.0},{"event_name":"Winding Halls","player_choice":"Writhe","floor":48,"damage_taken":0}],"boss_relics":[{"not_picked":["Eternal Feather","Lizard Tail"],"picked":"Runic Pyramid"},{"not_picked":["Philosopher\u0027s Stone","Nuclear Battery"],"picked":"Busted Crown"}],"items_purged_floors":[],"is_endless":false,"potions_floor_spawned":[3,4,11,16,18,25,27,31,35,39,42,44],"ascension_level":0}