{"gold_per_floor":[211,211,17,0,20,51,51,78,102,67,18,33,33,53,53,179,179,200,200,221,106,106,106,125,125],"floor_reached":25,"playtime":1018,"items_purged":[],"score":314,"play_id":"88c13bd2-47ed-4d70-86b2-91a8517968bd","local_time":"20190725185858","is_ascension_mode":true,"campfire_choices":[{"floor":7,"key":"REST"},{"data":"Glass Knife","floor":15,"key":"SMITH"},{"floor":23,"key":"REST"}],"neow_cost":"NONE","seed_source_timestamp":137907595989437,"circlet_count":0,"master_deck":["AscendersBane","Strike_G","Strike_G","Strike_G","Strike_G","Strike_G","Defend_G","Defend_G","Defend_G","Defend_G","Defend_G","Survivor","Neutralize","Glass Knife+1","Flying Knee","Predator","Injury","Catalyst","Night Terror","J.A.X.","Poisoned Stab","Terror","RitualDagger","Bouncing Flask"],"relics":["Ring of the Snake","TwistedFunnel","Potion Belt","Art of War","Boot","Golden Idol","Busted Crown"],"potions_floor_usage":[6,6,6,16,16,16,16,18,20],"damage_taken":[{"damage":0,"enemies":"Jaw Worm","floor":1,"turns":4},{"damage":1,"enemies":"Cultist","floor":5,"turns":4},{"damage":53,"enemies":"Lagavulin","floor":6,"turns":9},{"damage":24,"enemies":"3 Sentries","floor":8,"turns":11},{"damage":0,"enemies":"Small Slimes","floor":12,"turns":2},{"damage":0,"enemies":"3 Louse","floor":14,"turns":2},{"damage":28,"enemies":"The Guardian","floor":16,"turns":13},{"damage":14,"enemies":"2 Thieves","floor":18,"turns":5},{"damage":19,"enemies":"3 Byrds","floor":20,"turns":4},{"damage":18,"enemies":"Snake Plant","floor":24,"turns":3},{"damage":0,"enemies":"Slavers","floor":25,"turns":1}],"seed_played":"-7373603754910351463","potions_obtained":[{"floor":2,"key":"GhostInAJar"},{"floor":2,"key":"Fruit Juice"},{"floor":2,"key":"Explosive Potion"},{"floor":8,"key":"Dexterity Potion"},{"floor":12,"key":"PowerPotion"},{"floor":14,"key":"Swift Potion"},{"floor":16,"key":"SkillPotion"},{"floor":18,"key":"Swift Potion"}],"is_trial":false,"path_per_floor":["M","?","$","?","M","E","R","E","T","?","$","M","?","M","R","B",null,"M","?","M","$","?","R","M","E"],"character_chosen":"THE_SILENT","items_purchased":["TwistedFunnel","AttackPotion","Poisoned Stab","Terror"],"campfire_rested":2,"item_purchase_floors":[3,11,21,21],"current_hp_per_floor":[63,63,63,63,62,14,36,12,12,30,30,30,30,30,30,2,57,43,43,24,24,18,40,22,22],"gold":125,"neow_bonus":"HUNDRED_GOLD","is_prod":false,"is_daily":false,"chose_seed":false,"campfire_upgraded":1,"win_rate":0,"timestamp":1564099138,"path_taken":["M","?","?","?","M","E","R","E","T","?","?","M","?","M","R","BOSS","M","?","M","$","?","R","M","E"],"build_version":"2019-07-17","purchased_purges":0,"victory":false,"max_hp_per_floor":[70,70,70,70,70,75,75,75,75,75,75,75,75,75,75,75,75,75,75,75,75,75,75,75,75],"card_choices":[{"not_picked":["Deflect","Outmaneuver","Underhanded Strike"],"picked":"SKIP","floor":1},{"not_picked":["Heel Hook","Distraction","Skewer"],"picked":"SKIP","floor":5},{"not_picked":["Heel Hook","Distraction","Skewer"],"picked":"SKIP","floor":5},{"not_picked":["Heel Hook","Riddle With Holes"],"picked":"Glass Knife","floor":6},{"not_picked":["Slice","Dagger Throw"],"picked":"Flying Knee","floor":8},{"not_picked":["Deflect","Masterful Stab"],"picked":"Predator","floor":12},{"not_picked":["Deadly Poison","Masterful Stab"],"picked":"Catalyst","floor":14},{"not_picked":["Die Die Die","Adrenaline"],"picked":"Night Terror","floor":16},{"not_picked":["Cloak And Dagger"],"picked":"SKIP","floor":18},{"not_picked":["Flechettes+1"],"picked":"SKIP","floor":20},{"not_picked":[],"picked":"Bouncing Flask","floor":24}],"player_experience":230193,"relics_obtained":[{"floor":6,"key":"Potion Belt"},{"floor":8,"key":"Art of War"},{"floor":9,"key":"Boot"}],"event_choices":[{"damage_healed":0,"gold_gain":0,"player_choice":"Got Potions","damage_taken":0,"max_hp_gain":0,"max_hp_loss":0,"event_name":"Lab","floor":2,"gold_loss":0},{"damage_healed":0,"gold_gain":0,"player_choice":"Left Gold","damage_taken":0,"max_hp_gain":0,"max_hp_loss":0,"event_name":"World of Goop","floor":4,"gold_loss":17},{"damage_healed":18,"gold_gain":0,"player_choice":"Healed","damage_taken":0,"max_hp_gain":0,"max_hp_loss":0,"event_name":"The Cleric","floor":10,"gold_loss":35},{"damage_healed":0,"gold_gain":0,"player_choice":"Take Wound","damage_taken":0,"relics_obtained":["Golden Idol"],"max_hp_gain":0,"max_hp_loss":0,"event_name":"Golden Idol","floor":13,"gold_loss":0,"cards_obtained":["Injury"]},{"damage_healed":0,"gold_gain":0,"player_choice":"Obtain J.A.X.","damage_taken":0,"max_hp_gain":0,"max_hp_loss":0,"event_name":"Drug Dealer","floor":19,"gold_loss":0,"cards_obtained":["J.A.X."]},{"damage_healed":0,"gold_gain":0,"player_choice":"Joined the Cult","damage_taken":6,"max_hp_gain":0,"max_hp_loss":0,"event_name":"Nest","floor":22,"gold_loss":0,"cards_obtained":["RitualDagger"]}],"is_beta":false,"boss_relics":[{"not_picked":["Lizard Tail","Black Star"],"picked":"Busted Crown"}],"items_purged_floors":[],"is_endless":false,"potions_floor_spawned":[8,12,14,16,18],"killed_by":"Slavers","ascension_level":10}