{"gold_per_floor":[114,114,130,144,144,144,144,144,144,154,71,105,120,148,148,246,246,263,263,282,282,282,282,298,316,342,342,37,37,50,61,61,161,161,173,35,35,52,66,66,53,65,65,65,78,178,212,13,13,13],"floor_reached":51,"playtime":1693,"items_purged":["Strike_R","Strike_R"],"score":712,"play_id":"33801d38-3ecc-4ac0-85ee-9e1721d6938f","local_time":"20190218201210","is_ascension_mode":false,"campfire_choices":[{"data":"Body Slam","floor":6.0,"key":"SMITH"},{"data":"Defend_R","floor":8.0,"key":"SMITH"},{"data":"Good Instincts","floor":15.0,"key":"SMITH"},{"data":"Juggernaut","floor":23.0,"key":"SMITH"},{"data":"Metallicize","floor":27.0,"key":"SMITH"},{"data":"Body Slam","floor":32,"key":"SMITH"},{"data":"Body Slam","floor":40,"key":"SMITH"},{"data":"Armaments","floor":44,"key":"SMITH"},{"data":"Metallicize","floor":49,"key":"SMITH"}],"neow_cost":"NONE","seed_source_timestamp":244452359925760,"circlet_count":0,"master_deck":["Strike_R","Strike_R","Defend_R+1","Defend_R","Defend_R","Defend_R+1","Bash","Body Slam+1","Good Instincts+1","Juggernaut+1","Metallicize+1","Iron Wave","Metallicize+1","Body Slam+1","Body Slam+1","Shrug It Off+1","Armaments+1","Battle Trance"],"special_seed":0,"relics":["Burning Blood","Juzu Bracelet","Kunai","Gremlin Horn","Bronze Scales","Runic Pyramid","Darkstone Periapt","Art of War","Membership Card","Oddly Smooth Stone","Sozu","Omamori","Meat on the Bone","Mango","Strawberry","War Paint","PreservedInsect"],"potions_floor_usage":[31,50,50],"damage_taken":[{"damage":5.0,"enemies":"Small Slimes","floor":1.0,"turns":3.0},{"damage":1.0,"enemies":"Jaw Worm","floor":3.0,"turns":5.0},{"damage":6.0,"enemies":"Cultist","floor":4.0,"turns":3.0},{"damage":9.0,"enemies":"Exordium Thugs","floor":10.0,"turns":5.0},{"damage":9.0,"enemies":"3 Sentries","floor":12.0,"turns":8.0},{"damage":4.0,"enemies":"Large Slime","floor":13.0,"turns":7.0},{"damage":27.0,"enemies":"Lagavulin","floor":14.0,"turns":9.0},{"damage":43.0,"enemies":"Hexaghost","floor":16.0,"turns":11.0},{"damage":8.0,"enemies":"Spheric Guardian","floor":18.0,"turns":5.0},{"damage":0.0,"enemies":"Shell Parasite","floor":20.0,"turns":5.0},{"damage":8.0,"enemies":"Snake Plant","floor":24.0,"turns":3.0},{"damage":9.0,"enemies":"Centurion and Healer","floor":25.0,"turns":5.0},{"damage":8.0,"enemies":"Sentry and Sphere","floor":30.0,"turns":5.0},{"damage":5,"enemies":"Snecko","floor":31,"turns":5},{"damage":9,"enemies":"Champ","floor":33,"turns":10},{"damage":0,"enemies":"3 Darklings","floor":35,"turns":6},{"damage":0,"enemies":"3 Shapes","floor":38,"turns":4},{"damage":0,"enemies":"Maw","floor":39,"turns":7},{"damage":17,"enemies":"Transient","floor":42,"turns":5},{"damage":5,"enemies":"Sphere and 2 Shapes","floor":45,"turns":5},{"damage":19,"enemies":"Mind Bloom Boss Battle","floor":46,"turns":4},{"damage":2,"enemies":"Nemesis","floor":47,"turns":7},{"damage":13,"enemies":"Donu and Deca","floor":50,"turns":8}],"seed_played":"8767726809053190846","potions_obtained":[{"floor":3.0,"key":"Swift Potion"},{"floor":10.0,"key":"Explosive Potion"},{"floor":12.0,"key":"Swift Potion"},{"floor":13.0,"key":"SpeedPotion"},{"floor":18.0,"key":"Dexterity Potion"},{"floor":25.0,"key":"BloodPotion"}],"is_trial":false,"path_per_floor":["M","$","M","M","$","R","?","R","T","M","$","E","M","E","R","B",null,"M","?","M","T","?","R","M","M","T","R","$","?","M","M","R","B",null,"M","$","?","M","M","R","$","M","T","R","M","?","E","$","R","B",null],"character_chosen":"IRONCLAD","items_purchased":["Good Instincts","Membership Card","Oddly Smooth Stone","Body Slam","Omamori","Shrug It Off","Armaments","War Paint","PreservedInsect"],"campfire_rested":0,"item_purchase_floors":[11,28,28,28,36,36,41,48,48],"current_hp_per_floor":[80,80,80,80,80,80,73,73,73,70,70,67,69,48,48,11,80,78,78,80,80,80,80,78,75,75,75,75,75,73,74,74,71,80,80,80,80,80,80,80,80,69,69,69,70,71,82,82,82,85],"gold":13,"neow_bonus":"RANDOM_COMMON_RELIC","is_prod":false,"is_daily":false,"chose_seed":false,"campfire_upgraded":9,"win_rate":0,"timestamp":1550513530,"path_taken":["M","$","M","M","$","R","?","R","T","M","$","E","M","E","R","BOSS","M","?","M","?","?","R","M","M","T","R","$","?","M","M","R","BOSS","M","$","?","M","M","R","$","M","T","R","M","?","E","$","R","BOSS"],"build_version":"2019-01-23","purchased_purges":2,"victory":true,"max_hp_per_floor":[80,80,80,80,80,80,80,80,80,80,80,80,80,80,80,80,80,80,80,80,80,80,80,80,80,80,80,80,80,80,80,80,80,80,80,80,80,80,80,80,80,80,80,80,80,94,101,101,101,101],"card_choices":[{"not_picked":["Wild Strike","Evolve"],"picked":"Body Slam","floor":1.0},{"not_picked":["True Grit","Heavy Blade","Warcry"],"picked":"SKIP","floor":3.0},{"not_picked":["Iron Wave","Flex","Second Wind"],"picked":"SKIP","floor":4.0},{"not_picked":["Fire Breathing","Havoc","Sever Soul"],"picked":"SKIP","floor":10.0},{"not_picked":["Sword Boomerang","Clash","Double Tap"],"picked":"SKIP","floor":12.0},{"not_picked":["Thunderclap","True Grit","Rampage"],"picked":"SKIP","floor":13.0},{"not_picked":["Warcry","Immolate","Pommel Strike"],"picked":"SKIP","floor":14.0},{"not_picked":["Dark Embrace","Exhume"],"picked":"Juggernaut","floor":16.0},{"not_picked":["Twin Strike","Havoc+1"],"picked":"Metallicize","floor":18.0},{"not_picked":["Flame Barrier+1","Iron Wave","Carnage+1"],"picked":"SKIP","floor":20.0},{"not_picked":["Flame Barrier","Power Through+1","Rage+1"],"picked":"SKIP","floor":24.0},{"not_picked":["Evolve","Seeing Red"],"picked":"Metallicize","floor":25.0},{"not_picked":["Rage+1","Burning Pact"],"picked":"Body Slam","floor":30.0},{"not_picked":["Sever Soul","Pommel Strike","Evolve"],"picked":"SKIP","floor":31},{"not_picked":["Clash+1","Corruption+1","Sword Boomerang+1"],"picked":"SKIP","floor":35},{"not_picked":["Clash+1","Warcry+1","Infernal Blade+1"],"picked":"SKIP","floor":38},{"not_picked":["Clothesline+1","Headbutt","Dark Embrace"],"picked":"SKIP","floor":39},{"not_picked":["Havoc+1","Iron Wave+1","Rampage"],"picked":"SKIP","floor":42},{"not_picked":["Pommel Strike","Blood for Blood+1","Thunderclap+1"],"picked":"SKIP","floor":45},{"not_picked":["Disarm","Havoc+1"],"picked":"Battle Trance","floor":46},{"not_picked":["Infernal Blade","Second Wind","Power Through+1"],"picked":"SKIP","floor":47}],"player_experience":584467,"relics_obtained":[{"floor":9.0,"key":"Kunai"},{"floor":12.0,"key":"Gremlin Horn"},{"floor":14.0,"key":"Bronze Scales"},{"floor":21.0,"key":"Darkstone Periapt"},{"floor":26.0,"key":"Art of War"},{"floor":43,"key":"Meat on the Bone"},{"floor":46,"key":"Mango"},{"floor":47,"key":"Strawberry"}],"event_choices":[{"cards_removed":["Strike_R"],"damage_healed":0.0,"max_hp_gain":0.0,"max_hp_loss":0.0,"gold_gain":0.0,"event_name":"Golden Wing","player_choice":"Card Removal","floor":7.0,"gold_loss":0.0,"damage_taken":7.0},{"damage_healed":0.0,"max_hp_gain":0.0,"max_hp_loss":0.0,"gold_gain":0.0,"event_name":"The Library","player_choice":"Read","floor":19.0,"gold_loss":0.0,"damage_taken":0.0,"cards_obtained":["Iron Wave"]},{"damage_healed":0.0,"max_hp_gain":0.0,"max_hp_loss":0.0,"gold_gain":0.0,"event_name":"Transmorgrifier","player_choice":"Ignored","floor":22.0,"gold_loss":0.0,"damage_taken":0.0},{"damage_healed":0,"gold_gain":0,"player_choice":"Ignored","damage_taken":0,"max_hp_gain":0,"max_hp_loss":0,"event_name":"NoteForYourself","floor":37,"gold_loss":0},{"damage_healed":0,"gold_gain":0,"player_choice":"Fight","damage_taken":0,"max_hp_gain":0,"max_hp_loss":0,"event_name":"MindBloom","floor":46,"gold_loss":0}],"is_beta":false,"boss_relics":[{"not_picked":["Lizard Tail","Tiny House"],"picked":"Runic Pyramid"},{"not_picked":["Astrolabe","Empty Cage"],"picked":"Sozu"}],"items_purged_floors":[36,48],"is_endless":false,"potions_floor_spawned":[3,10,12,13,18,25,30,38,39,46,47],"ascension_level":0}