{"gold_per_floor":[12,12,24,92,217,242,242,267,320,330,357,46,96,172,172,172],"floor_reached":16,"playtime":2699,"items_purged":["Strike_G"],"score":142,"play_id":"46c2db29-8cdf-4012-9992-b081549d3079","local_time":"20190723182541","is_ascension_mode":true,"campfire_choices":[{"floor":7,"key":"REST"},{"floor":15,"key":"REST"}],"neow_cost":"NO_GOLD","seed_source_timestamp":24837315776223,"circlet_count":0,"master_deck":["Strike_G","Strike_G","Strike_G","Strike_G","Defend_G","Defend_G","Defend_G","Defend_G","Defend_G","Survivor","Neutralize","Dagger Throw","Underhanded Strike","Prepared","Phantasmal Killer","Endless Agony","Calculated Gamble","Quick Slash","Madness"],"relics":["Ring of the Snake","Tough Bandages","SsserpentHead","Pen Nib","Omamori","Tiny Chest","Darkstone Periapt","PreservedInsect","Bag of Preparation"],"potions_floor_usage":[6,11,16,16],"damage_taken":[{"damage":2,"enemies":"Jaw Worm","floor":1,"turns":5},{"damage":0,"enemies":"Cultist","floor":3,"turns":3},{"damage":0,"enemies":"Small Slimes","floor":4,"turns":3},{"damage":38,"enemies":"Lagavulin","floor":6,"turns":11},{"damage":14,"enemies":"3 Sentries","floor":8,"turns":8},{"damage":0,"enemies":"Looter","floor":10,"turns":3},{"damage":17,"enemies":"Gremlin Nob","floor":11,"turns":3},{"damage":73,"enemies":"The Guardian","floor":16,"turns":14}],"seed_played":"8624869268914372046","potions_obtained":[{"floor":1,"key":"SpeedPotion"},{"floor":4,"key":"Dexterity Potion"},{"floor":6,"key":"Poison Potion"},{"floor":8,"key":"GamblersBrew"}],"is_trial":false,"path_per_floor":["M","?","M","M","?","E","R","E","T","M","E","$","?","T","R","B"],"character_chosen":"THE_SILENT","items_purchased":["Madness","PreservedInsect"],"campfire_rested":2,"item_purchase_floors":[12,12],"current_hp_per_floor":[68,68,68,68,57,19,40,26,26,26,9,9,26,26,47,0],"gold":172,"neow_bonus":"ONE_RARE_RELIC","is_prod":false,"is_daily":false,"chose_seed":false,"campfire_upgraded":0,"win_rate":0,"timestamp":1563924341,"path_taken":["M","?","M","?","?","E","R","E","T","M","E","$","?","?","R","BOSS"],"build_version":"2019-07-17","purchased_purges":1,"victory":false,"max_hp_per_floor":[70,70,70,70,70,70,70,70,70,70,70,70,70,70,70,70],"card_choices":[{"not_picked":["Escape Plan","Acrobatics"],"picked":"Dagger Throw","floor":1},{"not_picked":["Riddle With Holes","Caltrops"],"picked":"Underhanded Strike","floor":3},{"not_picked":["Deadly Poison","Skewer"],"picked":"Prepared","floor":4},{"not_picked":["Sucker Punch","Outmaneuver"],"picked":"Phantasmal Killer","floor":6},{"not_picked":["Poisoned Stab","Distraction"],"picked":"Endless Agony","floor":8},{"not_picked":["Dash","Well Laid Plans"],"picked":"Calculated Gamble","floor":10},{"not_picked":["Deflect","Masterful Stab"],"picked":"Quick Slash","floor":11}],"player_experience":550412,"relics_obtained":[{"floor":6,"key":"Pen Nib"},{"floor":8,"key":"Omamori"},{"floor":9,"key":"Tiny Chest"},{"floor":11,"key":"Darkstone Periapt"},{"floor":14,"key":"Bag of Preparation"}],"event_choices":[{"damage_healed":0,"gold_gain":0,"player_choice":"Trade","damage_taken":0,"relics_obtained":["SsserpentHead"],"max_hp_gain":0,"max_hp_loss":0,"event_name":"FaceTrader","floor":2,"gold_loss":0},{"damage_healed":0,"gold_gain":75,"player_choice":"Gather Gold","damage_taken":11,"max_hp_gain":0,"max_hp_loss":0,"event_name":"World of Goop","floor":5,"gold_loss":0},{"damage_healed":17,"gold_gain":0,"player_choice":"Healed and dodged fight","damage_taken":0,"max_hp_gain":0,"max_hp_loss":0,"event_name":"Mushrooms","floor":13,"gold_loss":0,"cards_obtained":["Parasite"]}],"is_beta":false,"boss_relics":[],"items_purged_floors":[12],"is_endless":false,"potions_floor_spawned":[1,4,6,8],"killed_by":"The Guardian","ascension_level":4}