{"gold_per_floor":[109,63,80,106,122,122,156,156,207,221,241,241,276,294,294,390,390,377,377,387,403,403,403,421,431,431,431,431,35,51,51,51,153,153,172,172,97,110,126,126,141,141,223,256,267,277,287,12,12,12],"floor_reached":51,"playtime":2852,"items_purged":["Strike_B","Defend_B"],"score":668,"play_id":"cca04750-4eeb-46b1-8bf7-65d8dd3936c1","local_time":"20190203101909","is_ascension_mode":false,"campfire_choices":[{"data":"Zap","floor":6,"key":"SMITH"},{"data":"Conserve Battery","floor":8,"key":"SMITH"},{"data":"Loop","floor":12,"key":"SMITH"},{"data":"Go for the Eyes","floor":15,"key":"SMITH"},{"data":"Leap","floor":23,"key":"SMITH"},{"floor":27,"key":"REST"},{"data":"Apotheosis","floor":32,"key":"SMITH"},{"floor":40,"key":"REST"},{"floor":42,"key":"REST"},{"floor":49,"key":"REST"}],"neow_cost":"NONE","seed_source_timestamp":18694325798659,"circlet_count":0,"master_deck":["Strike_B","Strike_B","Strike_B","Defend_B","Defend_B","Defend_B","Zap+1","Dualcast","Cold Snap","Leap+1","Barrage","Ball Lightning","Conserve Battery+1","Loop+1","Go for the Eyes+1","Capacitor","Rainbow","Barrage+1","Machine Learning","Defragment+1","Apotheosis+1","Leap","Defragment+1","Electrodynamics","Conserve Battery+1","Chill","Finesse","Blizzard"],"relics":["FrozenCore","Strawberry","Question Card","Boot","Pantograph","Ornamental Fan","Sundial","MutagenicStrength","ClockworkSouvenir","Fusion Hammer","Bottled Flame","Dream Catcher"],"potions_floor_usage":[7,14,18,30,33,44,46,50,50,50],"damage_taken":[{"damage":1,"enemies":"Cultist","floor":1,"turns":3},{"damage":0,"enemies":"Jaw Worm","floor":3,"turns":3},{"damage":0,"enemies":"Small Slimes","floor":5,"turns":3},{"damage":11,"enemies":"3 Sentries","floor":7,"turns":5},{"damage":0,"enemies":"Looter","floor":10,"turns":3},{"damage":0,"enemies":"3 Louse","floor":11,"turns":3},{"damage":12,"enemies":"Gremlin Nob","floor":13,"turns":4},{"damage":1,"enemies":"Exordium Wildlife","floor":14,"turns":5},{"damage":16,"enemies":"The Guardian","floor":16,"turns":11},{"damage":13,"enemies":"2 Thieves","floor":18,"turns":4},{"damage":2,"enemies":"Spheric Guardian","floor":20,"turns":5},{"damage":3,"enemies":"Centurion and Healer","floor":21,"turns":8},{"damage":13,"enemies":"Chosen and Byrds","floor":24,"turns":6},{"damage":15,"enemies":"Shelled Parasite and Fungi","floor":25,"turns":7},{"damage":0,"enemies":"Snake Plant","floor":30,"turns":5},{"damage":1,"enemies":"Automaton","floor":33,"turns":9},{"damage":4,"enemies":"3 Shapes","floor":35,"turns":5},{"damage":1,"enemies":"Orb Walker","floor":38,"turns":3},{"damage":30,"enemies":"Writhing Mass","floor":39,"turns":7},{"damage":2,"enemies":"4 Shapes","floor":41,"turns":5},{"damage":18,"enemies":"Giant Head","floor":44,"turns":8},{"damage":24,"enemies":"Jaw Worm Horde","floor":45,"turns":4},{"damage":2,"enemies":"Sphere and 2 Shapes","floor":46,"turns":4},{"damage":3,"enemies":"Writhing Mass","floor":47,"turns":7},{"damage":23,"enemies":"Awakened One","floor":50,"turns":9}],"seed_played":"6356144644670629575","potions_obtained":[{"floor":0,"key":"Explosive Potion"},{"floor":0,"key":"Strength Potion"},{"floor":0,"key":"SkillPotion"},{"floor":10,"key":"Fire Potion"},{"floor":20,"key":"PowerPotion"},{"floor":24,"key":"FocusPotion"},{"floor":33,"key":"Ancient Potion"},{"floor":38,"key":"Dexterity Potion"},{"floor":44,"key":"FearPotion"},{"floor":45,"key":"Fire Potion"},{"floor":46,"key":"Strength Potion"},{"floor":47,"key":"FocusPotion"}],"is_trial":false,"path_per_floor":["M","$","M","T","M","R","E","R","T","M","M","R","E","M","R","B",null,"M","?","M","M","?","R","M","M","T","R","?","$","M","?","R","B",null,"M","?","$","M","M","R","M","R","T","E","M","M","M","$","R","B",null],"character_chosen":"DEFECT","items_purchased":["Leap","Apotheosis","ClockworkSouvenir","Leap","Finesse","Blizzard"],"campfire_rested":4,"item_purchase_floors":[2,29,29,29,48,48],"current_hp_per_floor":[74,74,74,81,81,81,70,70,70,70,70,70,58,57,57,66,82,69,69,67,64,48,48,35,20,20,46,46,46,46,46,46,70,87,83,83,83,82,52,78,76,87,87,69,45,43,40,40,66,64],"gold":12,"neow_bonus":"THREE_SMALL_POTIONS","is_prod":false,"is_daily":false,"chose_seed":false,"campfire_upgraded":6,"win_rate":0,"timestamp":1549185549,"path_taken":["M","?","M","?","M","R","E","R","T","M","M","R","E","?","R","BOSS","M","?","M","M","?","R","M","M","T","R","?","$","M","?","R","BOSS","M","?","$","M","M","R","M","R","T","E","M","M","M","$","R","BOSS"],"build_version":"2019-01-23","purchased_purges":2,"victory":true,"max_hp_per_floor":[75,75,75,82,82,82,82,82,82,82,82,82,82,82,82,82,82,82,82,82,82,87,87,87,87,87,87,87,87,87,87,87,87,87,87,87,87,87,87,87,87,87,87,87,87,87,87,87,87,87],"card_choices":[{"not_picked":["Tempest","Leap"],"picked":"Cold Snap","floor":1},{"not_picked":["Compile Driver","Redo"],"picked":"Barrage","floor":3},{"not_picked":["Redo","Go for the Eyes"],"picked":"Ball Lightning","floor":5},{"not_picked":["Auto Shields","Hologram"],"picked":"Conserve Battery","floor":7},{"not_picked":["Leap","Doom and Gloom","Steam"],"picked":"Loop","floor":10},{"not_picked":["Beam Cell","BootSequence","Steam"],"picked":"Go for the Eyes","floor":11},{"not_picked":["Barrage","Coolheaded","Self Repair"],"picked":"Capacitor","floor":13},{"not_picked":["Undo","Force Field","Compile Driver","Streamline"],"picked":"SKIP","floor":14},{"not_picked":["Fission","Core Surge","Reboot"],"picked":"Rainbow","floor":16},{"not_picked":["Doom and Gloom","Go for the Eyes+1","Streamline","Rebound"],"picked":"SKIP","floor":18},{"not_picked":["Turbo+1","Stack","Leap","Undo+1"],"picked":"SKIP","floor":20},{"not_picked":["Lockon","Turbo","Beam Cell"],"picked":"Barrage+1","floor":21},{"not_picked":["Ball Lightning","Hologram","Turbo+1"],"picked":"Machine Learning","floor":24},{"not_picked":["Conserve Battery","Heatsinks","Gash+1"],"picked":"Defragment+1","floor":25},{"not_picked":["Stack","Turbo","Rebound"],"picked":"Defragment+1","floor":30},{"not_picked":["Multi-Cast","Biased Cognition","Fission"],"picked":"Electrodynamics","floor":33},{"not_picked":["White Noise","Self Repair+1","Streamline","Ball Lightning"],"picked":"SKIP","floor":35},{"not_picked":["Gash","Tempest","Loop+1"],"picked":"Conserve Battery+1","floor":38},{"not_picked":["Recycle","Sunder","Hologram","Heatsinks"],"picked":"SKIP","floor":39},{"not_picked":["Compile Driver+1","Fusion","Barrage","Heatsinks+1"],"picked":"SKIP","floor":41},{"not_picked":["Cold Snap+1","Biased Cognition","Turbo","Conserve Battery"],"picked":"SKIP","floor":44},{"not_picked":["Coolheaded","Hologram+1","Barrage","Streamline+1"],"picked":"SKIP","floor":45},{"not_picked":["Consume+1","Redo","Coolheaded+1"],"picked":"Chill","floor":46},{"not_picked":["Force Field","Cold Snap+1","Go for the Eyes+1","Rebound"],"picked":"SKIP","floor":47}],"player_experience":251494,"relics_obtained":[{"floor":4,"key":"Strawberry"},{"floor":7,"key":"Question Card"},{"floor":9,"key":"Boot"},{"floor":13,"key":"Pantograph"},{"floor":26,"key":"Sundial"},{"floor":43,"key":"Bottled Flame"},{"floor":44,"key":"Dream Catcher"}],"event_choices":[{"damage_healed":0,"gold_gain":0,"player_choice":"Opened","damage_taken":0,"relics_obtained":["Ornamental Fan"],"max_hp_gain":0,"max_hp_loss":0,"event_name":"The Mausoleum","floor":19,"gold_loss":0,"cards_obtained":["Writhe"]},{"damage_healed":0,"gold_gain":0,"player_choice":"Shed Blood","damage_taken":21,"max_hp_gain":5,"max_hp_loss":0,"event_name":"Forgotten Altar","floor":22,"gold_loss":0},{"damage_healed":0,"gold_gain":0,"player_choice":"Inject Mutagens","damage_taken":0,"relics_obtained":["MutagenicStrength"],"max_hp_gain":0,"max_hp_loss":0,"event_name":"Drug Dealer","floor":28,"gold_loss":0},{"cards_removed":["Writhe"],"damage_healed":0,"gold_gain":0,"player_choice":"Elegance","damage_taken":0,"max_hp_gain":0,"max_hp_loss":0,"event_name":"Back to Basics","floor":31,"gold_loss":0},{"damage_healed":0,"gold_gain":0,"player_choice":"Bought 0 Potions","damage_taken":0,"max_hp_gain":0,"max_hp_loss":0,"event_name":"The Woman in Blue","floor":36,"gold_loss":0}],"is_beta":false,"boss_relics":[{"not_picked":["Empty Cage","Cursed Key"],"picked":"FrozenCore"},{"not_picked":["Orrery","Velvet Choker"],"picked":"Fusion Hammer"}],"items_purged_floors":[37,48],"is_endless":false,"potions_floor_spawned":[1,3,10,11,20,24,33,38,44,45,46,47],"ascension_level":0}