{"gold_per_floor":[112,112,127,143,163,163,18,18,45,76,76,76,90,90,90,190,190,209,219,234,251,264,295,295,225,298,298,42,42,42,73,73,177,177,194,204,224,234,234,234,264,264,264,283,295,89,89,89,89,89],"floor_reached":51,"playtime":1689,"items_purged":["Decay"],"score":742,"play_id":"afa557f5-4a51-41a3-9ffb-336e06823f02","local_time":"20181004044231","is_ascension_mode":false,"campfire_choices":[{"data":"Defragment","floor":6.0,"key":"SMITH"},{"data":"Zap","floor":12.0,"key":"SMITH"},{"data":"Static Discharge","floor":15.0,"key":"SMITH"},{"floor":24.0,"key":"REST"},{"data":"Defragment","floor":27.0,"key":"SMITH"},{"data":"Buffer","floor":32.0,"key":"SMITH"},{"data":"Electrodynamics","floor":40.0,"key":"SMITH"},{"data":"Self Repair","floor":42.0,"key":"SMITH"},{"data":"Capacitor","floor":47,"key":"SMITH"},{"data":"Defend_B","floor":49,"key":"SMITH"}],"neow_cost":"CURSE","seed_source_timestamp":9184293788528,"circlet_count":0,"master_deck":["Strike_B+1","Strike_B+1","Strike_B","Strike_B","Defend_B+1","Defend_B+1","Defend_B","Defend_B+1","Zap+1","Dualcast+1","Ball Lightning","Defragment+1","Self Repair+1","Buffer+1","Static Discharge+1","Electrodynamics+1","Redo+1","Defragment+1","Capacitor+1","Stack+1","Stack+1","BootSequence","Self Repair","Seek+1","Force Field+1","Hologram+1","Steam+1","Steam+1","Hologram+1"],"special_seed":0,"relics":["Cracked Core","Bird Faced Urn","Blood Vial","DataDisk","Inserter","Question Card","Toxic Egg 2","Matryoshka","MutagenicStrength","Girya","Coffee Dripper","Unceasing Top","Whetstone","Boot","Art of War","War Paint","Orichalcum","Sundial"],"potions_floor_usage":[50,50,50],"damage_taken":[{"damage":2.0,"enemies":"Small Slimes","floor":1.0,"turns":3.0},{"damage":5.0,"enemies":"2 Louse","floor":3.0,"turns":3.0},{"damage":12.0,"enemies":"Jaw Worm","floor":4.0,"turns":4.0},{"damage":13.0,"enemies":"3 Louse","floor":5.0,"turns":3.0},{"damage":20.0,"enemies":"Gremlin Nob","floor":10.0,"turns":4.0},{"damage":2.0,"enemies":"Large Slime","floor":13.0,"turns":4.0},{"damage":1.0,"enemies":"Slime Boss","floor":16.0,"turns":8.0},{"damage":2.0,"enemies":"3 Byrds","floor":18.0,"turns":2.0},{"damage":32.0,"enemies":"2 Thieves","floor":19.0,"turns":3.0},{"damage":35.0,"enemies":"Centurion and Healer","floor":20.0,"turns":3.0},{"damage":18.0,"enemies":"Chosen and Byrds","floor":21.0,"turns":5.0},{"damage":16.0,"enemies":"Snake Plant","floor":22.0,"turns":2.0},{"damage":36.0,"enemies":"Slavers","floor":23.0,"turns":2.0},{"damage":23.0,"enemies":"Book of Stabbing","floor":31.0,"turns":4.0},{"damage":37.0,"enemies":"Automaton","floor":33.0,"turns":9.0},{"damage":15.0,"enemies":"Orb Walker","floor":35.0,"turns":4.0},{"damage":27.0,"enemies":"3 Darklings","floor":36.0,"turns":3.0},{"damage":3.0,"enemies":"Transient","floor":37.0,"turns":5.0},{"damage":34.0,"enemies":"Spire Growth","floor":38.0,"turns":6.0},{"damage":31.0,"enemies":"Mind Bloom Boss Battle","floor":39.0,"turns":8.0},{"damage":117.0,"enemies":"Nemesis","floor":41.0,"turns":8.0},{"damage":7.0,"enemies":"Reptomancer","floor":44.0,"turns":4.0},{"damage":2,"enemies":"Sphere and 2 Shapes","floor":45,"turns":5},{"damage":68,"enemies":"Awakened One","floor":50,"turns":12}],"seed_played":"-1940203385444088728","potions_obtained":[{"floor":4.0,"key":"Ancient Potion"},{"floor":5.0,"key":"PowerPotion"},{"floor":10.0,"key":"FocusPotion"},{"floor":16.0,"key":"Regen Potion"},{"floor":21.0,"key":"Energy Potion"},{"floor":22.0,"key":"FairyPotion"},{"floor":33.0,"key":"Fruit Juice"},{"floor":36.0,"key":"Fruit Juice"},{"floor":39.0,"key":"Fruit Juice"},{"floor":41.0,"key":"FocusPotion"},{"floor":44.0,"key":"Block Potion"}],"is_trial":false,"path_per_floor":["M","$","M","M","M","R","$","?","T","E","?","R","M","?","R","B",null,"M","M","M","M","M","E","R","$","T","R","$","?","?","E","R","B",null,"M","M","M","M","?","R","E","R","T","M","M","$","R","T","R","B"],"character_chosen":"DEFECT","items_purchased":["Self Repair","BootSequence","Matryoshka","Hologram+1","War Paint"],"campfire_rested":1,"item_purchase_floors":[7,25,28,46,46],"current_hp_per_floor":[73,73,68,56,43,43,43,43,43,36,61,61,74,59,59,75,75,75,54,36,49,52,33,55,55,55,55,55,55,55,51,51,46,75,80,62,80,69,75,75,23,23,23,47,80,80,80,80,80,35],"gold":89,"neow_bonus":"ONE_RARE_RELIC","is_prod":false,"is_daily":false,"chose_seed":false,"campfire_upgraded":9,"win_rate":0,"timestamp":1538617351,"path_taken":["M","$","M","M","M","R","$","?","T","E","?","R","M","?","R","BOSS","M","?","M","M","M","E","R","$","T","R","$","?","?","E","R","BOSS","M","M","M","M","?","R","E","R","T","M","M","$","R","?","R","BOSS"],"build_version":"2018-09-27","purchased_purges":1,"victory":true,"max_hp_per_floor":[75,75,75,75,75,75,75,75,75,75,75,75,75,75,75,75,75,75,75,75,75,75,75,75,75,75,75,75,75,75,75,75,75,75,80,80,80,80,85,85,90,90,90,90,90,90,90,90,90,90],"card_choices":[{"not_picked":["Compile Driver","Force Field","Beam Cell"],"picked":"SKIP","floor":1.0},{"not_picked":["FTL","Steam","Redo"],"picked":"SKIP","floor":3.0},{"not_picked":["Doom and Gloom","Go for the Eyes"],"picked":"Ball Lightning","floor":4.0},{"not_picked":["Coolheaded","Reprogram"],"picked":"Defragment","floor":5.0},{"not_picked":["Beam Cell","Hyperbeam"],"picked":"Buffer","floor":10.0},{"not_picked":["Beam Cell","Melter"],"picked":"Static Discharge","floor":13.0},{"not_picked":["Buffer","Meteor Strike"],"picked":"Electrodynamics","floor":16.0},{"not_picked":["Rebound+1","Compile Driver"],"picked":"Redo+1","floor":18.0},{"not_picked":["Cold Snap","Steam+1"],"picked":"Defragment","floor":19.0},{"not_picked":["Beam Cell","FTL"],"picked":"Capacitor","floor":20.0},{"not_picked":["Hello World","Doom and Gloom","Steam Power"],"picked":"SKIP","floor":21.0},{"not_picked":["Beam Cell","Glacier"],"picked":"Stack","floor":22.0},{"not_picked":["Double Energy","Redo"],"picked":"Stack+1","floor":23.0},{"not_picked":["Steam Power+1","Beam Cell+1","Undo+1"],"picked":"Self Repair","floor":31.0},{"not_picked":["Meteor Strike","Fission+1","Buffer"],"picked":"Seek+1","floor":33.0},{"not_picked":["White Noise+1","Stack+1","Recycle+1"],"picked":"Force Field+1","floor":35.0},{"not_picked":["Sweeping Beam+1","Genetic Algorithm+1","Cold Snap"],"picked":"Hologram+1","floor":36.0},{"not_picked":["Reinforced Body+1","Beam Cell+1","Recycle+1"],"picked":"Steam+1","floor":37.0},{"not_picked":["Go for the Eyes","Cold Snap+1","Rip and Tear+1","Doom and Gloom"],"picked":"SKIP","floor":38.0},{"not_picked":["Redo+1","Ball Lightning+1","Meteor Strike"],"picked":"Steam+1","floor":39.0},{"not_picked":["Melter+1","Redo+1","Reprogram+1","Sweeping Beam+1"],"picked":"SKIP","floor":41.0},{"not_picked":["Turbo+1","Rebound","Static Discharge+1","Ball Lightning+1"],"picked":"SKIP","floor":44.0},{"not_picked":["Ball Lightning+1","Streamline","Cold Snap+1","Aggregate+1"],"picked":"SKIP","floor":45}],"player_experience":364254,"relics_obtained":[{"floor":9.0,"key":"Blood Vial"},{"floor":10.0,"key":"DataDisk"},{"floor":23.0,"key":"Question Card"},{"floor":26.0,"key":"Toxic Egg 2"},{"floor":31.0,"key":"Girya"},{"floor":39.0,"key":"Unceasing Top"},{"floor":41.0,"key":"Whetstone"},{"floor":43.0,"key":"Boot"},{"floor":43.0,"key":"Art of War"},{"floor":48,"key":"Orichalcum"},{"floor":48,"key":"Sundial"}],"event_choices":[{"event_name":"Liars Game","player_choice":"disagreed","floor":8.0,"damage_taken":0.0},{"event_name":"Big Fish","player_choice":"Banana","floor":11.0,"damage_taken":0.0},{"event_name":"Shining Light","player_choice":"Entered Light","floor":14.0,"damage_taken":0.0},{"event_name":"Vampires","player_choice":"Ignored","floor":29.0,"damage_taken":0.0},{"event_name":"Drug Dealer","player_choice":"Inject Mutagens","floor":30.0,"damage_taken":0.0},{"event_name":"MindBloom","player_choice":"Fight","floor":39.0,"damage_taken":0.0}],"is_beta":false,"boss_relics":[{"not_picked":["Nuclear Battery","Ectoplasm"],"picked":"Inserter"},{"not_picked":["Astrolabe","Empty Cage"],"picked":"Coffee Dripper"}],"items_purged_floors":[7],"is_endless":false,"potions_floor_spawned":[4,5,10,16,21,22,31,33,36,39,41,44],"ascension_level":0}