{"gold_per_floor":[111,111,29,29,104,104,124,151,174,174,186,216,216,216,216,311,311,331,346,71,86,13,13,27,44,44,44,44,115,150,175,187,302,314,340,364,23,23,98,127,143,160,160,160,35,52,87,97,97,97,97,97,25,50,50],"floor_reached":56,"playtime":1008,"items_purged":["Strike_R","Strike_R","Strike_R"],"score":1275,"play_id":"3bda4567-6d47-430c-a4d7-cc185293d66e","local_time":"20190724174319","is_ascension_mode":false,"campfire_choices":[{"data":"1","floor":6,"key":"LIFT"},{"data":"2","floor":10,"key":"LIFT"},{"data":"3","floor":13,"key":"LIFT"},{"data":"Sword Boomerang","floor":15,"key":"SMITH"},{"floor":23,"key":"RECALL"},{"floor":28,"key":"REST"},{"floor":32,"key":"REST"},{"floor":44,"key":"REST"},{"floor":49,"key":"REST"},{"floor":52,"key":"REST"}],"neow_cost":"PERCENT_DAMAGE","seed_source_timestamp":86658285088200,"circlet_count":0,"master_deck":["Strike_R+1","Strike_R+1","Defend_R","Defend_R","Defend_R","Defend_R+1","Bash","Inflame","Heavy Blade","Sword Boomerang+1","Sword Boomerang+1","Shrug It Off","Shrug It Off","Limit Break","Limit Break","Shrug It Off+1","Limit Break","Whirlwind+1","Evolve"],"relics":["Burning Blood","Girya","Pear","Whetstone","Tiny Chest","Fusion Hammer","Bag of Preparation","Incense Burner","MawBank","Philosopher\u0027s Stone","Paper Frog","Singing Bowl","Pen Nib","Torii","Meat on the Bone","Oddly Smooth Stone"],"potions_floor_usage":[8,47,55,55],"damage_taken":[{"damage":1,"enemies":"Cultist","floor":1,"turns":3},{"damage":3,"enemies":"Small Slimes","floor":7,"turns":3},{"damage":19,"enemies":"3 Sentries","floor":8,"turns":7},{"damage":1,"enemies":"2 Louse","floor":11,"turns":2},{"damage":24,"enemies":"Hexaghost","floor":16,"turns":6},{"damage":17,"enemies":"2 Thieves","floor":18,"turns":3},{"damage":0,"enemies":"Spheric Guardian","floor":19,"turns":2},{"damage":2,"enemies":"Cultist and Chosen","floor":21,"turns":3},{"damage":1,"enemies":"Centurion and Healer","floor":24,"turns":4},{"damage":0,"enemies":"3 Cultists","floor":25,"turns":3},{"damage":20,"enemies":"Book of Stabbing","floor":30,"turns":3},{"damage":0,"enemies":"Snecko","floor":31,"turns":2},{"damage":13,"enemies":"Champ","floor":33,"turns":4},{"damage":3,"enemies":"3 Darklings","floor":35,"turns":3},{"damage":0,"enemies":"Orb Walker","floor":36,"turns":2},{"damage":2,"enemies":"Reptomancer","floor":40,"turns":3},{"damage":3,"enemies":"Maw","floor":41,"turns":4},{"damage":0,"enemies":"Jaw Worm Horde","floor":42,"turns":2},{"damage":3,"enemies":"4 Shapes","floor":46,"turns":4},{"damage":0,"enemies":"Nemesis","floor":47,"turns":1},{"damage":0,"enemies":"Sphere and 2 Shapes","floor":48,"turns":2},{"damage":40,"enemies":"Time Eater","floor":50,"turns":4},{"damage":56,"enemies":"Shield and Spear","floor":54,"turns":5},{"damage":11,"enemies":"The Heart","floor":55,"turns":5}],"seed_played":"-4599871282369154237","potions_obtained":[{"floor":1,"key":"Swift Potion"},{"floor":18,"key":"Block Potion"},{"floor":21,"key":"Energy Potion"},{"floor":31,"key":"AttackPotion"},{"floor":47,"key":"Regen Potion"}],"is_trial":false,"path_per_floor":["M","?","$","?","?","R","M","E","T","R","M","T","R","?","R","B",null,"M","M","$","M","$","R","M","M","T","$","R","T","E","M","R","B",null,"M","M","$","T","?","E","M","M","T","R","$","M","E","M","R","B",null,"R","$","E","B",null],"character_chosen":"IRONCLAD","items_purchased":["Inflame","Bag of Preparation","Shrug It Off","Limit Break","Paper Frog","Evolve"],"campfire_rested":5,"item_purchase_floors":[3,20,20,22,37,53],"current_hp_per_floor":[61,61,61,45,34,34,37,34,34,34,39,39,39,30,30,12,90,79,85,85,89,89,89,90,90,90,90,90,90,76,82,90,83,90,90,90,90,90,81,87,92,96,96,96,96,98,98,98,98,64,98,98,98,62,71],"gold":50,"neow_bonus":"ONE_RARE_RELIC","is_prod":false,"is_daily":false,"chose_seed":false,"campfire_upgraded":1,"win_rate":0,"timestamp":1563979399,"path_taken":["M","?","$","?","?","R","M","E","T","R","M","?","R","?","R","BOSS","M","?","$","M","$","R","M","M","T","$","R","?","E","M","R","BOSS","M","M","$","?","?","E","M","M","T","R","$","?","E","M","R","BOSS","R","$","E","BOSS"],"build_version":"2019-07-17","purchased_purges":3,"victory":true,"max_hp_per_floor":[80,80,80,80,80,80,80,90,90,90,90,90,90,90,90,90,90,90,90,90,90,90,90,90,90,90,90,90,90,90,90,90,90,90,90,90,90,90,90,92,94,96,96,96,96,98,98,98,98,98,98,98,98,100,100],"card_choices":[{"not_picked":["Dual Wield","Burning Pact","Feel No Pain"],"picked":"SKIP","floor":1},{"not_picked":["Thunderclap","Clothesline"],"picked":"Heavy Blade","floor":7},{"not_picked":["Dropkick","Second Wind"],"picked":"Sword Boomerang","floor":8},{"not_picked":["Cleave","Clash"],"picked":"Sword Boomerang","floor":11},{"not_picked":["Clothesline","Dual Wield+1","Armaments"],"picked":"SKIP","floor":18},{"not_picked":["Anger+1","Iron Wave"],"picked":"Shrug It Off","floor":19},{"not_picked":["Blood for Blood","Clash","Thunderclap"],"picked":"SKIP","floor":21},{"not_picked":["Clothesline+1","Hemokinesis","Ghostly Armor"],"picked":"SKIP","floor":24},{"not_picked":["Warcry+1","Thunderclap+1"],"picked":"Limit Break","floor":25},{"not_picked":["Pommel Strike+1","Rupture+1"],"picked":"Shrug It Off+1","floor":30},{"not_picked":["Disarm","True Grit","Shrug It Off+1"],"picked":"SKIP","floor":31},{"not_picked":["Anger","Headbutt+1","Shockwave"],"picked":"SKIP","floor":35},{"not_picked":["Anger","Pommel Strike+1","Cleave"],"picked":"SKIP","floor":36},{"not_picked":["Clothesline","Clash","Shrug It Off+1"],"picked":"Singing Bowl","floor":40},{"not_picked":["Havoc+1","Second Wind","Shrug It Off+1"],"picked":"Singing Bowl","floor":41},{"not_picked":["True Grit+1","Cleave+1","Shockwave"],"picked":"Singing Bowl","floor":42},{"not_picked":["Iron Wave+1","Pommel Strike+1","Havoc+1"],"picked":"Singing Bowl","floor":46},{"not_picked":["Juggernaut","Rampage+1"],"picked":"Limit Break","floor":47},{"not_picked":["Pommel Strike","Disarm"],"picked":"Whirlwind+1","floor":48},{"not_picked":["Shrug It Off+1","Cleave+1","Corruption+1"],"picked":"Singing Bowl","floor":54}],"player_experience":756498,"relics_obtained":[{"floor":8,"key":"Pear"},{"floor":9,"key":"Whetstone"},{"floor":12,"key":"Tiny Chest"},{"floor":26,"key":"Incense Burner"},{"floor":30,"key":"MawBank"},{"floor":38,"key":"Singing Bowl"},{"floor":40,"key":"Pen Nib"},{"floor":43,"key":"Torii"},{"floor":47,"key":"Meat on the Bone"},{"floor":54,"key":"Oddly Smooth Stone"}],"event_choices":[{"damage_healed":0,"gold_gain":0,"player_choice":"Leave","damage_taken":0,"max_hp_gain":0,"max_hp_loss":0,"event_name":"The Cleric","floor":2,"gold_loss":0},{"damage_healed":0,"gold_gain":0,"player_choice":"Entered Light","damage_taken":16,"max_hp_gain":0,"max_hp_loss":0,"event_name":"Shining Light","floor":4,"gold_loss":0,"cards_upgraded":["Strike_R","Defend_R"]},{"damage_healed":0,"gold_gain":75,"player_choice":"Gather Gold","damage_taken":11,"max_hp_gain":0,"max_hp_loss":0,"event_name":"World of Goop","floor":5,"gold_loss":0},{"damage_healed":0,"gold_gain":0,"player_choice":"Damaged","damage_taken":9,"max_hp_gain":0,"max_hp_loss":0,"event_name":"Wheel of Change","floor":14,"gold_loss":0},{"damage_healed":0,"gold_gain":75,"player_choice":"Touch","damage_taken":9,"max_hp_gain":0,"max_hp_loss":0,"event_name":"FaceTrader","floor":39,"gold_loss":0}],"is_beta":false,"boss_relics":[{"not_picked":["Eternal Feather","Pandora\u0027s Box"],"picked":"Fusion Hammer"},{"not_picked":["Tiny House","Black Blood"],"picked":"Philosopher\u0027s Stone"}],"items_purged_floors":[20,37,45],"is_endless":false,"potions_floor_spawned":[1,18,21,31,33,35,41,47,48],"ascension_level":0}