{"gold_per_floor":[117,136,136,151,167,167,192,4,72,72,82,82,111,122,122,217,217,237,114,114,126,142,142,173,173,173,183,183,183,511,521,521,620,620,636,636,636,275,294,322,322,357,357,232,232,252,282,52,52,52],"floor_reached":51,"playtime":3105,"items_purged":["Strike_B","Writhe","Strike_B"],"score":859,"play_id":"9fa3e5da-e7ab-4ddd-8d3a-a2bef888761c","local_time":"20190212173359","is_ascension_mode":true,"campfire_choices":[{"data":"Defragment","floor":6.0,"key":"SMITH"},{"data":"Defragment","floor":10.0,"key":"SMITH"},{"data":"Zap","floor":12.0,"key":"SMITH"},{"data":"BootSequence","floor":15.0,"key":"SMITH"},{"data":"Glacier","floor":23.0,"key":"SMITH"},{"data":"Redo","floor":25,"key":"SMITH"},{"data":"Ball Lightning","floor":29,"key":"SMITH"},{"data":"Go for the Eyes","floor":32,"key":"SMITH"},{"data":"Seek","floor":41,"key":"SMITH"},{"data":"Conserve Battery","floor":45,"key":"SMITH"},{"data":"Blizzard","floor":49,"key":"SMITH"}],"neow_cost":"NONE","seed_source_timestamp":14569029875050,"circlet_count":0,"master_deck":["Strike_B","Strike_B","Defend_B","Defend_B","Defend_B","Defend_B","Zap+1","Dualcast","Defragment+1","Barrage+1","FTL","Defragment+1","Sweeping Beam+1","BootSequence+1","FTL","All For One","Glacier+1","Ball Lightning+1","Leap+1","Redo+1","Go for the Eyes+1","Seek+1","Conserve Battery+1","Conserve Battery+1","Cold Snap+1","Blizzard+1"],"special_seed":0,"relics":["Cracked Core","Oddly Smooth Stone","Dead Branch","Whetstone","Pantograph","Potion Belt","Sozu","Thread and Needle","Dream Catcher","Juzu Bracelet","MutagenicStrength","Old Coin","Eternal Feather","Symbiotic Virus","Ornamental Fan","Ancient Tea Set","Shuriken","Anchor","Happy Flower"],"potions_floor_usage":[30,30],"damage_taken":[{"damage":1.0,"enemies":"Jaw Worm","floor":1.0,"turns":3.0},{"damage":0.0,"enemies":"Cultist","floor":2.0,"turns":3.0},{"damage":2.0,"enemies":"Small Slimes","floor":4.0,"turns":3.0},{"damage":8.0,"enemies":"Gremlin Gang","floor":5.0,"turns":6.0},{"damage":28.0,"enemies":"Gremlin Nob","floor":7.0,"turns":4.0},{"damage":0.0,"enemies":"3 Louse","floor":11.0,"turns":1.0},{"damage":0.0,"enemies":"3 Sentries","floor":13.0,"turns":4.0},{"damage":0.0,"enemies":"2 Fungi Beasts","floor":14.0,"turns":2.0},{"damage":24.0,"enemies":"The Guardian","floor":16.0,"turns":9.0},{"damage":0.0,"enemies":"Chosen","floor":18.0,"turns":3.0},{"damage":0.0,"enemies":"Spheric Guardian","floor":21.0,"turns":3.0},{"damage":0.0,"enemies":"Snecko","floor":22.0,"turns":4.0},{"damage":25,"enemies":"Slavers","floor":24,"turns":4},{"damage":0,"enemies":"Cultist and Chosen","floor":27,"turns":5},{"damage":10,"enemies":"Gremlin Leader","floor":30,"turns":6},{"damage":2,"enemies":"Sentry and Sphere","floor":31,"turns":4},{"damage":46,"enemies":"Automaton","floor":33,"turns":13},{"damage":0,"enemies":"Orb Walker","floor":35,"turns":2},{"damage":13,"enemies":"3 Darklings","floor":39,"turns":4},{"damage":15,"enemies":"Nemesis","floor":40,"turns":9},{"damage":16,"enemies":"Giant Head","floor":42,"turns":10},{"damage":12,"enemies":"Spire Growth","floor":46,"turns":5},{"damage":18,"enemies":"Nemesis","floor":47,"turns":7},{"damage":4,"enemies":"Awakened One","floor":50,"turns":15}],"seed_played":"-6704568548293041158","potions_obtained":[{"floor":1.0,"key":"SteroidPotion"},{"floor":4.0,"key":"Regen Potion"},{"floor":11.0,"key":"Swift Potion"},{"floor":14.0,"key":"Fire Potion"},{"floor":16.0,"key":"Swift Potion"}],"is_trial":false,"path_per_floor":["M","M","?","M","M","R","E","$","T","R","M","R","E","M","R","B",null,"M","$","?","M","M","R","E","R","T","M","?","R","E","M","R","B",null,"M","?","?","$","M","E","R","E","T","$","R","M","E","$","R","B",null],"character_chosen":"DEFECT","items_purchased":["Whetstone","BootSequence","Ball Lightning","Symbiotic Virus","Blizzard","Happy Flower"],"campfire_rested":0,"item_purchase_floors":[8,8,19,38,48,48],"current_hp_per_floor":[74,74,74,72,64,64,48,48,48,48,48,48,48,48,48,49,75,75,75,75,75,75,75,50,50,50,50,50,50,40,38,38,17,75,75,75,75,75,62,47,59,43,43,43,55,43,25,25,40,61],"gold":52,"neow_bonus":"RANDOM_COMMON_RELIC","is_prod":false,"is_daily":false,"chose_seed":false,"campfire_upgraded":11,"win_rate":0,"timestamp":1549989239,"path_taken":["M","M","?","M","M","R","E","$","T","R","?","R","E","M","R","BOSS","M","$","?","M","M","R","E","R","T","M","?","R","E","M","R","BOSS","M","?","?","$","M","E","R","E","T","$","R","M","E","$","R","BOSS"],"build_version":"2019-01-23","purchased_purges":3,"victory":true,"max_hp_per_floor":[75,75,75,75,75,75,75,75,75,75,75,75,75,75,75,75,75,75,75,75,75,75,75,75,75,75,75,75,75,75,75,75,75,75,75,75,75,75,75,75,75,75,75,75,75,75,75,75,75,75],"card_choices":[{"not_picked":["Consume","Scrape"],"picked":"Defragment","floor":1.0},{"not_picked":["Gash","Redo"],"picked":"Barrage","floor":2.0},{"not_picked":["Melter","Turbo"],"picked":"FTL","floor":4.0},{"not_picked":["Steam","Sweeping Beam"],"picked":"Defragment","floor":5.0},{"not_picked":["Rebound","Lockon"],"picked":"Sweeping Beam","floor":7.0},{"not_picked":["Stack","Gash","Reprogram"],"picked":"SKIP","floor":11.0},{"not_picked":["Steam","Leap"],"picked":"FTL","floor":13.0},{"not_picked":["Streamline","Turbo","Sweeping Beam"],"picked":"SKIP","floor":14.0},{"not_picked":["Meteor Strike","Hyperbeam"],"picked":"All For One","floor":16.0},{"not_picked":["Stack","Ball Lightning"],"picked":"Glacier","floor":18.0},{"not_picked":["Reboot","Cold Snap"],"picked":"Leap+1","floor":21.0},{"not_picked":["Recycle","Chaos"],"picked":"Redo","floor":22.0},{"not_picked":["Thunder Strike","Barrage+1","Recycle"],"picked":"SKIP","floor":24},{"not_picked":["Leap","Coolheaded","Gash+1"],"picked":"SKIP","floor":27},{"not_picked":["Barrage","Compile Driver","Coolheaded"],"picked":"SKIP","floor":30},{"not_picked":["Ball Lightning","Hologram"],"picked":"Go for the Eyes","floor":31},{"not_picked":["Reboot","Amplify"],"picked":"Seek","floor":33},{"not_picked":["Undo","Fusion+1","Compile Driver"],"picked":"SKIP","floor":35},{"not_picked":["Chill","Hello World"],"picked":"Conserve Battery+1","floor":39},{"not_picked":["Gash","Fission","Skim"],"picked":"SKIP","floor":40},{"not_picked":["Beam Cell","Force Field+1"],"picked":"Conserve Battery","floor":42},{"not_picked":["Hello World+1","Hologram+1"],"picked":"Cold Snap+1","floor":46},{"not_picked":["Streamline","Darkness+1","Force Field"],"picked":"SKIP","floor":47}],"player_experience":268209,"relics_obtained":[{"floor":7.0,"key":"Dead Branch"},{"floor":9.0,"key":"Pantograph"},{"floor":13.0,"key":"Potion Belt"},{"floor":24,"key":"Dream Catcher"},{"floor":26,"key":"Juzu Bracelet"},{"floor":30,"key":"Old Coin"},{"floor":40,"key":"Ornamental Fan"},{"floor":42,"key":"Ancient Tea Set"},{"floor":43,"key":"Shuriken"},{"floor":47,"key":"Anchor"}],"event_choices":[{"damage_healed":0.0,"max_hp_gain":0.0,"max_hp_loss":0.0,"gold_gain":0.0,"event_name":"Match and Keep!","player_choice":"0 cards matched","floor":3.0,"gold_loss":0.0,"damage_taken":0.0,"cards_obtained":[]},{"damage_healed":0.0,"max_hp_gain":0.0,"max_hp_loss":0.0,"gold_gain":0.0,"event_name":"The Mausoleum","player_choice":"Opened","floor":20.0,"gold_loss":0.0,"damage_taken":0.0,"relics_obtained":["Thread and Needle"],"cards_obtained":["Writhe"]},{"damage_healed":0,"gold_gain":0,"player_choice":"Inject Mutagens","damage_taken":0,"relics_obtained":["MutagenicStrength"],"max_hp_gain":0,"max_hp_loss":0,"event_name":"Drug Dealer","floor":28,"gold_loss":0},{"damage_healed":0,"gold_gain":0,"player_choice":"Got Potions","damage_taken":0,"max_hp_gain":0,"max_hp_loss":0,"event_name":"Lab","floor":36,"gold_loss":0},{"damage_healed":0,"gold_gain":0,"player_choice":"Ignored","damage_taken":0,"max_hp_gain":0,"max_hp_loss":0,"event_name":"Tomb of Lord Red Mask","floor":37,"gold_loss":0}],"is_beta":false,"boss_relics":[{"not_picked":["Cursed Key","Astrolabe"],"picked":"Sozu"},{"not_picked":["Tiny House","Philosopher\u0027s Stone"],"picked":"Eternal Feather"}],"items_purged_floors":[19,38,44],"is_endless":false,"potions_floor_spawned":[1,4,11,14,16,18,22,27,35,40],"ascension_level":2}