{"path_per_floor":["M","?","M","?","$","R","E","$","T","E","R","E","M","$","R","B",null,"M","$","?","M","M","E","R","$","T","R","?","E","M","M","R","B",null,"M","?","M","M","$","R","$","M","T","M","M","R","M","M","R","B"],"character_chosen":"THE_SILENT","items_purchased":["Flash of Steel","Caltrops","Blur","Noxious Fumes","Dash"],"gold_per_floor":[110,185,201,376,171,171,197,19,43,72,72,105,122,13,13,111,111,131,6,6,16,35,62,62,62,130,130,55,83,98,112,112,217,217,232,232,243,255,105,105,105,124,124,137,151,151,170,190,190,190],"floor_reached":51,"campfire_rested":3,"playtime":5547,"current_hp_per_floor":[70,59,59,59,59,59,38,38,38,22,43,41,41,41,41,34,70,70,70,70,70,70,63,63,63,63,63,63,50,50,49,49,49,70,70,70,70,66,66,66,66,43,43,31,31,52,49,49,70,66],"items_purged":["Doubt","Strike_G","Wraith Form v2","Strike_G"],"gold":190,"score":732,"play_id":"c4c7f3e4-7a8b-496d-be0b-47d8741099e3","local_time":"20180430143426","is_prod":false,"is_daily":false,"chose_seed":false,"is_ascension_mode":false,"campfire_upgraded":5,"timestamp":1525091666,"path_taken":["M","?","M","?","$","R","E","$","T","E","R","E","M","$","R","BOSS","M","$","?","M","M","E","R","$","T","R","?","E","M","?","R","BOSS","M","?","M","M","$","R","$","M","T","M","M","R","M","M","R","BOSS"],"build_version":"2018-04-27v3","seed_source_timestamp":5108988341156,"purchased_purges":4,"victory":true,"master_deck":["Defend_G","Defend_G","Defend_G","Defend_G","Strike_G","Strike_G","Strike_G","Survivor","Neutralize+1","Dagger Throw","Acrobatics","Deflect","Flash of Steel","Caltrops+1","Blur+1","Deadly Poison","Blur+1","Dagger Spray+1","Noxious Fumes+1","Dash+1","Tactician","Catalyst+1","Footwork+1","Escape Plan","Sucker Punch+1","Escape Plan","Deadly Poison+1","Noxious Fumes+1","Crippling Poison+1","Escape Plan"],"max_hp_per_floor":[70,70,70,70,70,70,70,70,70,70,70,70,70,70,70,70,70,70,70,70,70,70,70,70,70,70,70,70,70,70,70,70,70,70,70,70,70,70,70,70,70,70,70,70,70,70,70,70,70,70],"relics":["Ring of the Snake","Oddly Smooth Stone","Snake Skull","Centennial Puzzle","Molten Egg 2","Sozu","Girya","Tough Bandages","Thread and Needle","Cursed Key"],"card_choices":[{"not_picked":["Flechettes","Outmaneuver"],"picked":"Dagger Throw","floor":0.0},{"not_picked":["PiercingWail","Dagger Spray"],"picked":"Acrobatics","floor":1},{"not_picked":["Dagger Throw","Acrobatics"],"picked":"Deflect","floor":3},{"not_picked":["Finisher","Outmaneuver"],"picked":"Wraith Form v2","floor":7},{"not_picked":["Predator","Acrobatics"],"picked":"Deadly Poison","floor":10},{"not_picked":["Blade Dance","PiercingWail"],"picked":"Blur","floor":12},{"not_picked":["Catalyst","Flying Knee"],"picked":"Dagger Spray","floor":13},{"not_picked":["Envenom","Doppelganger"],"picked":"Tactician","floor":16},{"not_picked":["Backflip","Bane"],"picked":"Catalyst","floor":18},{"not_picked":["Slice","Calculated Gamble"],"picked":"Footwork","floor":22},{"not_picked":["Dagger Throw","Accuracy"],"picked":"Escape Plan","floor":23},{"not_picked":["Deflect","Slice"],"picked":"Sucker Punch","floor":29},{"not_picked":["All Out Attack","Underhanded Strike"],"picked":"Escape Plan","floor":30},{"not_picked":["Concentrate","PiercingWail"],"picked":"Deadly Poison","floor":35},{"not_picked":["Outmaneuver","Poisoned Stab"],"picked":"Noxious Fumes","floor":38},{"not_picked":["PiercingWail","Flying Knee"],"picked":"Crippling Poison","floor":42},{"not_picked":["Masterful Stab","Riddle With Holes"],"picked":"Escape Plan","floor":48}],"player_experience":346488,"potions_floor_usage":[7,12,16,29],"damage_taken":[{"damage":0.0,"enemies":"Cultist","floor":1.0,"turns":4.0},{"damage":0,"enemies":"Small Slimes","floor":3,"turns":3},{"damage":21,"enemies":"Lagavulin","floor":7,"turns":8},{"damage":16,"enemies":"3 Sentries","floor":10,"turns":10},{"damage":2,"enemies":"Lagavulin","floor":12,"turns":5},{"damage":0,"enemies":"Blue Slaver","floor":13,"turns":4},{"damage":7,"enemies":"Hexaghost","floor":16,"turns":8},{"damage":0,"enemies":"Shell Parasite","floor":18,"turns":5},{"damage":0,"enemies":"Chosen","floor":21,"turns":5},{"damage":0,"enemies":"Snecko","floor":22,"turns":6},{"damage":7,"enemies":"Book of Stabbing","floor":23,"turns":5},{"damage":13,"enemies":"Gremlin Leader","floor":29,"turns":6},{"damage":0,"enemies":"Centurion and Healer","floor":30,"turns":6},{"damage":1,"enemies":"3 Cultists","floor":31,"turns":5},{"damage":0,"enemies":"Automaton","floor":33,"turns":8},{"damage":0,"enemies":"Orb Walker","floor":35,"turns":4},{"damage":0,"enemies":"3 Shapes","floor":37,"turns":4},{"damage":4,"enemies":"Sphere and 2 Shapes","floor":38,"turns":4},{"damage":23,"enemies":"3 Darklings","floor":42,"turns":4},{"damage":12,"enemies":"4 Shapes","floor":44,"turns":4},{"damage":0,"enemies":"Flame Bruiser 2 Orb","floor":45,"turns":5},{"damage":3,"enemies":"Spire Growth","floor":47,"turns":3},{"damage":0,"enemies":"Maw","floor":48,"turns":6},{"damage":4,"enemies":"Awakened One","floor":50,"turns":12}],"event_choices":[{"event_name":"World of Goop","player_choice":"Gather Gold","floor":2,"damage_taken":0},{"event_name":"Liars Game","player_choice":"agreed","floor":4,"damage_taken":0},{"event_name":"Ghosts","player_choice":"Ignored","floor":20,"damage_taken":0},{"event_name":"Beggar","player_choice":"Gave Gold","floor":28,"damage_taken":0},{"event_name":"Tomb of Lord Red Mask","player_choice":"Ignored","floor":36,"damage_taken":0}],"boss_relics":[{"not_picked":["Orrery","Astrolabe"],"picked":"Sozu"},{"not_picked":["Tiny House","Runic Pyramid"],"picked":"Cursed Key"}],"potions_floor_spawned":[3,10,12,13,22,29,31,42,45,48],"seed_played":"7483383550518685196","ascension_level":0,"is_trial":false}