{"gold_per_floor":[117,117,192,204,204,204,233,233,233,246,257,257,257,287,287,287],"floor_reached":16,"playtime":774,"items_purged":[],"score":142,"play_id":"f4502a2b-13ad-4ad8-9ff0-db98e216e0c6","local_time":"20181107222442","is_ascension_mode":true,"campfire_choices":[{"floor":6,"key":"RECALL"},{"floor":8,"key":"REST"},{"floor":13,"key":"REST"},{"data":"Survivor","floor":15,"key":"SMITH"}],"neow_cost":"NONE","seed_source_timestamp":35205919096101,"circlet_count":0,"master_deck":["Defend_G","Defend_G","Defend_G","Defend_G","Defend_G","Strike_G","Strike_G","Strike_G","Strike_G","Strike_G","Survivor+1","Neutralize+1","Poisoned Stab","Footwork+1","Cloak And Dagger","Flying Knee"],"relics":["Ring of the Snake","Darkstone Periapt","Tiny Chest"],"potions_floor_usage":[16,16],"damage_taken":[{"damage":0,"enemies":"2 Louse","floor":1,"turns":3},{"damage":0,"enemies":"Jaw Worm","floor":4,"turns":3},{"damage":55,"enemies":"Gremlin Nob","floor":7,"turns":7},{"damage":0,"enemies":"Small Slimes","floor":10,"turns":4},{"damage":5,"enemies":"3 Louse","floor":11,"turns":5},{"damage":55,"enemies":"Slime Boss","floor":16,"turns":11}],"seed_played":"-5024549399806586522","potions_obtained":[{"floor":7,"key":"SkillPotion"},{"floor":10,"key":"Strength Potion"},{"floor":11,"key":"Poison Potion"}],"is_trial":false,"path_per_floor":["M","?","?","M","?","R","E","R","T","M","M","?","R","?","R","B"],"character_chosen":"THE_SILENT","items_purchased":[],"campfire_rested":2,"item_purchase_floors":[],"current_hp_per_floor":[70,70,59,59,59,59,4,27,27,27,22,22,45,45,45,0],"gold":287,"neow_bonus":"TEN_PERCENT_HP_BONUS","is_prod":false,"is_daily":false,"chose_seed":false,"campfire_upgraded":1,"win_rate":0,"timestamp":1541625882,"path_taken":["M","?","?","M","?","R","E","R","T","?","M","?","R","?","R","BOSS"],"build_version":"2018-11-06","purchased_purges":0,"victory":false,"max_hp_per_floor":[77,77,77,77,77,77,77,77,77,77,77,77,77,77,77,77],"card_choices":[{"not_picked":["Sucker Punch","Distraction"],"picked":"Poisoned Stab","floor":1},{"not_picked":["Deflect","Sucker Punch"],"picked":"Footwork","floor":4},{"not_picked":["Distraction","Expertise"],"picked":"Cloak And Dagger","floor":7},{"not_picked":["Cloak And Dagger","Poisoned Stab"],"picked":"Flying Knee","floor":10},{"not_picked":["Outmaneuver","Prepared","Storm of Steel"],"picked":"SKIP","floor":11}],"player_experience":613429,"relics_obtained":[{"floor":7,"key":"Darkstone Periapt"}],"event_choices":[{"damage_healed":0,"gold_gain":0,"player_choice":"Ignored","damage_taken":0,"max_hp_gain":0,"max_hp_loss":0,"event_name":"Liars Game","floor":2,"gold_loss":0},{"damage_healed":0,"gold_gain":75,"player_choice":"Gather Gold","damage_taken":11,"max_hp_gain":0,"max_hp_loss":0,"event_name":"World of Goop","floor":3,"gold_loss":0},{"damage_healed":0,"gold_gain":0,"player_choice":"Forge","damage_taken":0,"max_hp_gain":0,"max_hp_loss":0,"event_name":"Accursed Blacksmith","floor":5,"gold_loss":0,"cards_upgraded":["Footwork"]},{"damage_healed":0,"gold_gain":0,"player_choice":"Grow","damage_taken":0,"max_hp_gain":0,"max_hp_loss":0,"event_name":"Living Wall","floor":12,"gold_loss":0,"cards_upgraded":["Neutralize"]},{"damage_healed":0,"gold_gain":0,"player_choice":"Gave Potion","damage_taken":0,"relics_obtained":["Tiny Chest"],"max_hp_gain":0,"max_hp_loss":0,"event_name":"WeMeetAgain","floor":14,"gold_loss":0}],"is_beta":true,"boss_relics":[],"items_purged_floors":[],"is_endless":false,"potions_floor_spawned":[7,10,11],"killed_by":"Slime Boss","ascension_level":9}