{"gold_per_floor":[366,243,255,255,265,279,298,298,298,40,75,75,105,125,125,125],"floor_reached":16,"playtime":608,"items_purged":["Injury"],"score":102,"play_id":"fa14376f-f04b-4eba-9eb5-4b0766447acd","local_time":"20181122124213","is_ascension_mode":false,"campfire_choices":[{"data":"Bash","floor":8,"key":"SMITH"},{"data":"Shrug It Off","floor":12,"key":"SMITH"},{"data":"Evolve","floor":15,"key":"SMITH"}],"neow_cost":"CURSE","seed_source_timestamp":61267785597866,"circlet_count":0,"master_deck":["Strike_R","Strike_R","Strike_R","Strike_R","Strike_R","Defend_R","Defend_R","Defend_R","Defend_R","Bash+1","Armaments+1","Shrug It Off+1","Evolve+1"],"relics":["Burning Blood","Meat on the Bone","Letter Opener","Anchor","Odd Mushroom"],"potions_floor_usage":[16],"damage_taken":[{"damage":6,"enemies":"Cultist","floor":1,"turns":4},{"damage":0,"enemies":"2 Louse","floor":3,"turns":3},{"damage":6,"enemies":"Jaw Worm","floor":5,"turns":4},{"damage":22,"enemies":"Large Slime","floor":6,"turns":6},{"damage":6,"enemies":"2 Fungi Beasts","floor":7,"turns":5},{"damage":50,"enemies":"Gremlin Nob","floor":11,"turns":6},{"damage":15,"enemies":"The Mushroom Lair","floor":13,"turns":7},{"damage":12,"enemies":"Exordium Wildlife","floor":14,"turns":7},{"damage":44,"enemies":"Hexaghost","floor":16,"turns":13}],"seed_played":"8287069220246552372","potions_obtained":[{"floor":6,"key":"PowerPotion"},{"floor":11,"key":"GamblersBrew"},{"floor":14,"key":"Explosive Potion"}],"is_trial":false,"path_per_floor":["M","$","M","?","M","M","M","R","T","$","E","R","?","M","R","B"],"character_chosen":"IRONCLAD","items_purchased":["Armaments","Letter Opener"],"campfire_rested":0,"item_purchase_floors":[2,10],"current_hp_per_floor":[80,80,80,80,80,64,64,64,64,64,32,32,35,41,41,0],"gold":125,"neow_bonus":"TWO_FIFTY_GOLD","is_prod":false,"is_daily":false,"chose_seed":false,"campfire_upgraded":3,"win_rate":0,"timestamp":1542883333,"path_taken":["M","$","?","?","M","M","M","R","T","$","E","R","?","M","R","BOSS"],"build_version":"2018-11-15","purchased_purges":1,"victory":false,"max_hp_per_floor":[80,80,80,80,80,80,80,80,80,80,80,80,80,80,80,80],"card_choices":[{"not_picked":["Warcry","Heavy Blade","Flame Barrier"],"picked":"SKIP","floor":1},{"not_picked":["Ghostly Armor","Armaments","Clothesline"],"picked":"SKIP","floor":3},{"not_picked":["Clothesline","Cleave","Thunderclap"],"picked":"SKIP","floor":5},{"not_picked":["Entrench","Seeing Red","True Grit"],"picked":"SKIP","floor":6},{"not_picked":["Limit Break","Sword Boomerang"],"picked":"Shrug It Off","floor":7},{"not_picked":["Carnage","Flex","Clash"],"picked":"SKIP","floor":11},{"not_picked":["Perfected Strike","Dual Wield"],"picked":"Evolve","floor":14}],"player_experience":492875,"relics_obtained":[{"floor":9,"key":"Meat on the Bone"},{"floor":11,"key":"Anchor"},{"floor":13,"key":"Odd Mushroom"}],"event_choices":[{"damage_healed":0,"gold_gain":0,"player_choice":"Grow","damage_taken":0,"max_hp_gain":0,"max_hp_loss":0,"event_name":"Living Wall","floor":4,"gold_loss":0,"cards_upgraded":["Armaments"]},{"damage_healed":0,"gold_gain":0,"player_choice":"Fought Mushrooms","damage_taken":0,"max_hp_gain":0,"max_hp_loss":0,"event_name":"Mushrooms","floor":13,"gold_loss":0}],"is_beta":false,"boss_relics":[],"items_purged_floors":[2],"is_endless":false,"potions_floor_spawned":[6,11,14],"killed_by":"Hexaghost","ascension_level":0}