{"gold_per_floor":[109,109,125,200,211,211,211,247,247,159,159,173,198,198,198,329,329,352,49,0,0,25,60,60,60,109,127,127,142,162,177,177,301,301,322,346,124,139,154,154,179,203,228,269,269,79,79,103,103,103],"floor_reached":51,"playtime":1606,"items_purged":["Writhe"],"score":751,"play_id":"7fd42d44-d44a-40b0-8dbf-4711e5371f4d","local_time":"20190124013646","is_ascension_mode":false,"campfire_choices":[{"data":"Armaments","floor":6.0,"key":"SMITH"},{"data":"Blind","floor":11.0,"key":"SMITH"},{"data":"Inflame","floor":15.0,"key":"SMITH"},{"data":"Feed","floor":24.0,"key":"SMITH"},{"data":"Shrug It Off","floor":28.0,"key":"SMITH"},{"data":"Twin Strike","floor":32.0,"key":"SMITH"},{"data":"Inflame","floor":40.0,"key":"SMITH"},{"data":"Limit Break","floor":49,"key":"SMITH"}],"neow_cost":"NONE","seed_source_timestamp":359443282509937,"circlet_count":0,"master_deck":["Strike_R","Strike_R","Strike_R","Strike_R","Strike_R","Defend_R","Defend_R","Defend_R","Defend_R","Bash+1","Armaments+1","Blind+1","Inflame+1","Twin Strike+1","Feed+1","Shrug It Off+1","Inflame+1","Sword Boomerang+1","Limit Break+1"],"special_seed":0,"relics":["Burning Blood","Golden Idol","Self Forming Clay","Smiling Mask","Busted Crown","Vajra","Bag of Preparation","Red Skull","Bottled Lightning","Regal Pillow","Velvet Choker","Orichalcum","Potion Belt","Lantern"],"potions_floor_usage":[48,50,50,50],"damage_taken":[{"damage":8.0,"enemies":"Jaw Worm","floor":1.0,"turns":4.0},{"damage":0.0,"enemies":"2 Louse","floor":3.0,"turns":3.0},{"damage":2.0,"enemies":"Small Slimes","floor":5.0,"turns":4.0},{"damage":12.0,"enemies":"Gremlin Nob","floor":8.0,"turns":4.0},{"damage":6.0,"enemies":"Looter","floor":12.0,"turns":4.0},{"damage":5.0,"enemies":"Blue Slaver","floor":13.0,"turns":3.0},{"damage":19.0,"enemies":"The Guardian","floor":16.0,"turns":11.0},{"damage":10.0,"enemies":"Shell Parasite","floor":18.0,"turns":5.0},{"damage":7.0,"enemies":"3 Byrds","floor":22.0,"turns":5.0},{"damage":30.0,"enemies":"Slavers","floor":23.0,"turns":8.0},{"damage":8.0,"enemies":"Centurion and Healer","floor":27.0,"turns":6.0},{"damage":4.0,"enemies":"Snecko","floor":29.0,"turns":3.0},{"damage":2.0,"enemies":"3 Cultists","floor":30.0,"turns":6.0},{"damage":19.0,"enemies":"Chosen and Byrds","floor":31.0,"turns":6.0},{"damage":56.0,"enemies":"Champ","floor":33.0,"turns":11.0},{"damage":8.0,"enemies":"3 Shapes","floor":35.0,"turns":5.0},{"damage":0.0,"enemies":"Orb Walker","floor":36.0,"turns":3.0},{"damage":12.0,"enemies":"Maw","floor":38.0,"turns":7.0},{"damage":7.0,"enemies":"3 Darklings","floor":39.0,"turns":4.0},{"damage":18.0,"enemies":"4 Shapes","floor":41.0,"turns":8.0},{"damage":18.0,"enemies":"Maw","floor":42.0,"turns":6.0},{"damage":22.0,"enemies":"Giant Head","floor":44.0,"turns":7.0},{"damage":16,"enemies":"Jaw Worm Horde","floor":48,"turns":4},{"damage":59,"enemies":"Time Eater","floor":50,"turns":9}],"seed_played":"6745758916261477169","potions_obtained":[{"floor":1.0,"key":"AttackPotion"},{"floor":5.0,"key":"Dexterity Potion"},{"floor":12.0,"key":"Explosive Potion"},{"floor":16.0,"key":"SkillPotion"},{"floor":23.0,"key":"EssenceOfSteel"},{"floor":29.0,"key":"GamblersBrew"},{"floor":31.0,"key":"Explosive Potion"},{"floor":33.0,"key":"LiquidBronze"},{"floor":39.0,"key":"Strength Potion"},{"floor":42.0,"key":"AttackPotion"},{"floor":48,"key":"FearPotion"}],"is_trial":false,"path_per_floor":["M","?","M","?","M","R","?","E","T","$","R","M","M","$","R","B",null,"M","$","?","?","M","E","R","T","T","M","R","M","M","M","R","B",null,"M","M","$","M","M","R","M","M","T","E","?","$","?","M","R","B",null],"character_chosen":"IRONCLAD","items_purchased":["Blind","Vajra","Bag of Preparation","Inflame","Orichalcum","Limit Break"],"campfire_rested":0,"item_purchase_floors":[10,19,19,37,37,46],"current_hp_per_floor":[86,86,88,77,81,81,59,53,53,53,53,53,54,54,54,41,88,88,88,88,88,91,71,71,71,71,73,73,75,83,74,74,28,116,118,120,120,114,113,113,105,93,93,77,108,108,108,102,102,53],"gold":103,"neow_bonus":"TEN_PERCENT_HP_BONUS","is_prod":false,"is_daily":false,"chose_seed":false,"campfire_upgraded":8,"win_rate":0,"timestamp":1548286606,"path_taken":["M","?","M","?","M","R","?","E","T","$","R","M","M","$","R","BOSS","M","$","?","?","M","E","R","?","T","M","R","M","?","M","R","BOSS","M","M","$","M","M","R","M","M","T","E","?","$","?","M","R","BOSS"],"build_version":"2019-01-23","purchased_purges":1,"victory":true,"max_hp_per_floor":[88,88,88,88,88,88,88,88,88,88,88,88,88,88,88,88,88,92,92,92,92,96,100,100,100,100,104,104,104,108,112,112,116,116,120,120,120,120,120,120,124,124,124,124,124,124,124,128,128,132],"card_choices":[{"not_picked":["Infernal Blade","Anger","Ghostly Armor"],"picked":"SKIP","floor":1.0},{"not_picked":["Pommel Strike","Twin Strike"],"picked":"Armaments","floor":3.0},{"not_picked":["Iron Wave","Flex","Dark Embrace"],"picked":"SKIP","floor":5.0},{"not_picked":["Ghostly Armor","Pommel Strike","Clash"],"picked":"SKIP","floor":8.0},{"not_picked":["Twin Strike","Rupture"],"picked":"Inflame","floor":12.0},{"not_picked":["Pummel","Headbutt"],"picked":"Twin Strike","floor":13.0},{"not_picked":["Berserk","Fiend Fire"],"picked":"Feed","floor":16.0},{"not_picked":["Flex"],"picked":"SKIP","floor":18.0},{"not_picked":["Sentinel"],"picked":"SKIP","floor":22.0},{"not_picked":["Ghostly Armor"],"picked":"SKIP","floor":23.0},{"not_picked":[],"picked":"Shrug It Off","floor":27.0},{"not_picked":["Flame Barrier"],"picked":"SKIP","floor":29.0},{"not_picked":["Body Slam"],"picked":"SKIP","floor":30.0},{"not_picked":["Shockwave+1"],"picked":"SKIP","floor":31.0},{"not_picked":["Clash"],"picked":"SKIP","floor":35.0},{"not_picked":["Warcry+1"],"picked":"SKIP","floor":36.0},{"not_picked":[],"picked":"Sword Boomerang+1","floor":38.0},{"not_picked":["Shockwave"],"picked":"SKIP","floor":39.0},{"not_picked":["Cleave+1"],"picked":"SKIP","floor":41.0},{"not_picked":["True Grit+1"],"picked":"SKIP","floor":42.0},{"not_picked":["Reckless Charge"],"picked":"SKIP","floor":44.0},{"not_picked":["Infernal Blade"],"picked":"SKIP","floor":48}],"player_experience":564409,"relics_obtained":[{"floor":8.0,"key":"Self Forming Clay"},{"floor":9.0,"key":"Smiling Mask"},{"floor":23.0,"key":"Red Skull"},{"floor":25.0,"key":"Bottled Lightning"},{"floor":26.0,"key":"Regal Pillow"},{"floor":43.0,"key":"Potion Belt"},{"floor":44.0,"key":"Lantern"}],"event_choices":[{"damage_healed":0.0,"max_hp_gain":0.0,"max_hp_loss":0.0,"gold_gain":0.0,"event_name":"Living Wall","player_choice":"Grow","floor":2.0,"gold_loss":0.0,"damage_taken":0.0,"cards_upgraded":["Bash"]},{"damage_healed":0.0,"max_hp_gain":0.0,"max_hp_loss":0.0,"gold_gain":75.0,"event_name":"World of Goop","player_choice":"Gather Gold","floor":4.0,"gold_loss":0.0,"damage_taken":11.0},{"damage_healed":0.0,"max_hp_gain":0.0,"max_hp_loss":0.0,"gold_gain":0.0,"event_name":"Golden Idol","player_choice":"Take Damage","floor":7.0,"gold_loss":0.0,"damage_taken":22.0,"relics_obtained":["Golden Idol"]},{"damage_healed":0.0,"max_hp_gain":0.0,"max_hp_loss":0.0,"gold_gain":0.0,"event_name":"Masked Bandits","player_choice":"Paid Fearfully","floor":20.0,"gold_loss":49.0,"damage_taken":0.0},{"damage_healed":0.0,"max_hp_gain":0.0,"max_hp_loss":0.0,"gold_gain":0.0,"event_name":"Ghosts","player_choice":"Ignored","floor":21.0,"gold_loss":0.0,"damage_taken":0.0},{"damage_healed":31.0,"max_hp_gain":0.0,"max_hp_loss":0.0,"gold_gain":0.0,"event_name":"Winding Halls","player_choice":"Writhe","floor":45.0,"gold_loss":0.0,"damage_taken":0.0,"cards_obtained":["Writhe"]},{"damage_healed":0.0,"max_hp_gain":0.0,"max_hp_loss":0.0,"gold_gain":0.0,"event_name":"SensoryStone","player_choice":"Memory 1","floor":47.0,"gold_loss":0.0,"damage_taken":0.0}],"is_beta":false,"boss_relics":[{"not_picked":["Pandora\u0027s Box","Philosopher\u0027s Stone"],"picked":"Busted Crown"},{"not_picked":["Calling Bell","Eternal Feather"],"picked":"Velvet Choker"}],"items_purged_floors":[46],"is_endless":false,"potions_floor_spawned":[1,5,12,16,23,29,31,33,36,39,42,48],"ascension_level":0}