{"gold_per_floor":[109,119,136,86,98,98,133,133,157,183,82,109,109,127,127,228,228,245,106,121,101,48,48,82,82,82,82,82,182,182,196,196,299,299,319,132,7,0,0,0,20,20,45,45,56,67,27,42,42,42],"floor_reached":51,"playtime":2419,"items_purged":["Strike_G","Strike_G","Strike_G"],"score":876,"play_id":"f2d7651d-5477-4846-b504-e1124284f1c2","local_time":"20190221192654","is_ascension_mode":true,"campfire_choices":[{"data":"A Thousand Cuts","floor":6.0,"key":"SMITH"},{"floor":8.0,"key":"REST"},{"data":"Crippling Poison","floor":15.0,"key":"SMITH"},{"data":"Backflip","floor":23.0,"key":"SMITH"},{"data":"Dodge and Roll","floor":25.0,"key":"SMITH"},{"data":"Night Terror","floor":27.0,"key":"SMITH"},{"data":"Neutralize","floor":30.0,"key":"SMITH"},{"data":"Survivor","floor":32.0,"key":"SMITH"},{"data":"Footwork","floor":40,"key":"SMITH"},{"data":"Noxious Fumes","floor":44,"key":"SMITH"},{"data":"Defend_G","floor":49,"key":"SMITH"}],"neow_cost":"NONE","seed_source_timestamp":12003316467175,"circlet_count":0,"master_deck":["Defend_G","Defend_G","Defend_G","Defend_G+1","Strike_G","Survivor+1","Neutralize+1","Crippling Poison+1","Quick Slash+1","A Thousand Cuts+1","Slice+1","Dagger Spray","Deadly Poison","Flying Knee","Night Terror+1","Bane+1","Noxious Fumes+1","Dodge and Roll+1","Backflip+1","Cloak And Dagger+1","Corpse Explosion","Footwork+1","Escape Plan","PiercingWail"],"special_seed":0,"relics":["Ring of the Snake","Juzu Bracelet","Ancient Tea Set","Strawberry","Letter Opener","Coffee Dripper","Happy Flower","StoneCalendar","Enchiridion","Busted Crown","Bronze Scales","Red Mask","Blue Candle","Whetstone"],"potions_floor_usage":[33,35,45],"damage_taken":[{"damage":0.0,"enemies":"2 Louse","floor":1.0,"turns":3.0},{"damage":0.0,"enemies":"Jaw Worm","floor":2.0,"turns":6.0},{"damage":0.0,"enemies":"Cultist","floor":3.0,"turns":3.0},{"damage":3.0,"enemies":"Blue Slaver","floor":5.0,"turns":5.0},{"damage":29.0,"enemies":"Gremlin Nob","floor":7.0,"turns":4.0},{"damage":12.0,"enemies":"3 Sentries","floor":10.0,"turns":6.0},{"damage":37.0,"enemies":"Lagavulin","floor":12.0,"turns":9.0},{"damage":0.0,"enemies":"Lots of Slimes","floor":14.0,"turns":2.0},{"damage":8.0,"enemies":"Slime Boss","floor":16.0,"turns":6.0},{"damage":2.0,"enemies":"2 Thieves","floor":18.0,"turns":4.0},{"damage":12.0,"enemies":"Spheric Guardian","floor":20.0,"turns":4.0},{"damage":10.0,"enemies":"Slavers","floor":24.0,"turns":5.0},{"damage":13.0,"enemies":"Snake Plant","floor":31.0,"turns":4.0},{"damage":23,"enemies":"Automaton","floor":33,"turns":8},{"damage":9,"enemies":"3 Darklings","floor":35,"turns":3},{"damage":0,"enemies":"Orb Walker","floor":41,"turns":3},{"damage":11,"enemies":"Transient","floor":45,"turns":5},{"damage":1,"enemies":"Maw","floor":46,"turns":6},{"damage":11,"enemies":"Sphere and 2 Shapes","floor":48,"turns":4},{"damage":24,"enemies":"Awakened One","floor":50,"turns":12}],"seed_played":"1384419224780738082","potions_obtained":[{"floor":1.0,"key":"Fire Potion"},{"floor":2.0,"key":"GhostInAJar"},{"floor":5.0,"key":"Swift Potion"},{"floor":12.0,"key":"Energy Potion"},{"floor":16.0,"key":"EssenceOfSteel"},{"floor":18.0,"key":"Poison Potion"},{"floor":21.0,"key":"Dexterity Potion"},{"floor":31.0,"key":"Strength Potion"},{"floor":41,"key":"SkillPotion"}],"is_trial":false,"path_per_floor":["M","M","M","?","M","R","E","R","T","E","$","E","?","M","R","B",null,"M","$","M","?","$","R","E","R","T","R","?","?","R","M","R","B",null,"M","$","$","?","T","R","M","?","T","R","M","M","$","M","R","B",null],"character_chosen":"THE_SILENT","items_purchased":["Dagger Spray","Noxious Fumes","Backflip","Footwork","Bronze Scales","Escape Plan"],"campfire_rested":1,"item_purchase_floors":[11,19,22,36,36,47],"current_hp_per_floor":[70,70,70,70,67,67,38,59,59,54,54,17,42,42,42,34,77,75,75,63,63,63,63,53,53,53,53,37,37,37,24,24,1,77,68,68,68,68,68,68,68,68,68,68,57,56,56,45,45,21],"gold":42,"neow_bonus":"TRANSFORM_CARD","is_prod":false,"is_daily":false,"chose_seed":false,"campfire_upgraded":10,"win_rate":0,"timestamp":1550773614,"path_taken":["M","M","M","?","M","R","E","R","T","E","$","E","?","M","R","BOSS","M","$","M","?","$","R","E","R","T","R","?","?","R","M","R","BOSS","M","?","$","?","?","R","M","?","T","R","M","M","$","M","R","BOSS"],"build_version":"2019-01-23","purchased_purges":3,"victory":true,"max_hp_per_floor":[70,70,70,70,70,70,70,70,70,77,77,77,77,77,77,77,77,77,77,77,77,77,77,77,77,77,77,77,77,77,77,77,77,77,77,77,77,77,77,77,77,77,77,77,77,77,77,77,77,77],"card_choices":[{"not_picked":["Bouncing Flask","Backflip"],"picked":"Crippling Poison","floor":1.0},{"not_picked":["Acrobatics","Finisher"],"picked":"Quick Slash","floor":2.0},{"not_picked":["Blade Dance","Quick Slash","Skewer"],"picked":"SKIP","floor":3.0},{"not_picked":["Masterful Stab","Dodge and Roll"],"picked":"A Thousand Cuts","floor":5.0},{"not_picked":["Masterful Stab","Tactician"],"picked":"Slice","floor":7.0},{"not_picked":["Accuracy","Choke","Acrobatics"],"picked":"SKIP","floor":10.0},{"not_picked":["Flying Knee","Setup"],"picked":"Deadly Poison","floor":12.0},{"not_picked":["Blade Dance","Concentrate"],"picked":"Flying Knee","floor":14.0},{"not_picked":["A Thousand Cuts","Wraith Form v2"],"picked":"Night Terror","floor":16.0},{"not_picked":["Flying Knee","Calculated Gamble+1"],"picked":"Bane+1","floor":18.0},{"not_picked":["Concentrate","Underhanded Strike"],"picked":"Dodge and Roll","floor":20.0},{"not_picked":["Choke","Accuracy","Tactician+1"],"picked":"SKIP","floor":24.0},{"not_picked":["Outmaneuver","Flying Knee+1"],"picked":"Cloak And Dagger+1","floor":31.0},{"not_picked":["Glass Knife","Bullet Time"],"picked":"Corpse Explosion","floor":33},{"not_picked":["Dagger Throw+1"],"picked":"SKIP","floor":35},{"not_picked":["Heel Hook+1"],"picked":"SKIP","floor":41},{"not_picked":["Dagger Throw"],"picked":"SKIP","floor":45},{"not_picked":["Bane"],"picked":"SKIP","floor":46},{"not_picked":[],"picked":"PiercingWail","floor":48}],"player_experience":282573,"relics_obtained":[{"floor":7.0,"key":"Juzu Bracelet"},{"floor":9.0,"key":"Ancient Tea Set"},{"floor":10.0,"key":"Strawberry"},{"floor":12.0,"key":"Letter Opener"},{"floor":24.0,"key":"Happy Flower"},{"floor":26.0,"key":"StoneCalendar"},{"floor":28.0,"key":"Enchiridion"},{"floor":39,"key":"Blue Candle"},{"floor":43,"key":"Whetstone"}],"event_choices":[{"cards_removed":["Doppelganger"],"damage_healed":0.0,"max_hp_gain":0.0,"max_hp_loss":0.0,"gold_gain":0.0,"event_name":"The Cleric","player_choice":"Card Removal","floor":4.0,"gold_loss":50.0,"damage_taken":0.0},{"damage_healed":25.0,"max_hp_gain":0.0,"max_hp_loss":0.0,"gold_gain":0.0,"event_name":"Big Fish","player_choice":"Banana","floor":13.0,"gold_loss":0.0,"damage_taken":0.0},{"damage_healed":0.0,"max_hp_gain":0.0,"max_hp_loss":0.0,"gold_gain":0.0,"event_name":"The Woman in Blue","player_choice":"Bought 1 Potion","floor":21.0,"gold_loss":0.0,"damage_taken":0.0},{"damage_healed":0.0,"max_hp_gain":0.0,"max_hp_loss":0.0,"gold_gain":0.0,"event_name":"Cursed Tome","player_choice":"Obtained Book","floor":28.0,"gold_loss":0.0,"damage_taken":16.0},{"damage_healed":0.0,"max_hp_gain":0.0,"max_hp_loss":0.0,"gold_gain":100.0,"event_name":"Golden Shrine","player_choice":"Pray","floor":29.0,"gold_loss":0.0,"damage_taken":0.0},{"damage_healed":0,"gold_gain":0,"player_choice":"Paid","damage_taken":0,"relics_obtained":["Red Mask"],"max_hp_gain":0,"max_hp_loss":0,"event_name":"Tomb of Lord Red Mask","floor":38,"gold_loss":7},{"cards_removed":["Defend_G"],"damage_healed":0,"gold_gain":0,"player_choice":"Removed Skill","damage_taken":0,"max_hp_gain":0,"max_hp_loss":0,"event_name":"Falling","floor":42,"gold_loss":0}],"is_beta":false,"boss_relics":[{"not_picked":["Runic Pyramid","Lizard Tail"],"picked":"Coffee Dripper"},{"not_picked":["White Beast Statue","Velvet Choker"],"picked":"Busted Crown"}],"items_purged_floors":[11,19,37],"is_endless":false,"potions_floor_spawned":[1,2,5,12,16,18,31,41],"ascension_level":3}