{"gold_per_floor":[109,124,124,143,49,49,81,101,101,135,145,145,162,162,162,261,261,273,289,303,12,12,12,111,111,164,15,28,28,44,44,44,44],"floor_reached":33,"playtime":792,"items_purged":[],"score":308,"play_id":"48e22312-8fea-4287-a4b4-c6355c92cd0e","local_time":"20180630032908","is_ascension_mode":true,"campfire_choices":[{"data":"Inflame","floor":6.0,"key":"SMITH"},{"floor":12.0,"key":"DIG"},{"floor":15.0,"key":"DIG"},{"floor":23.0,"key":"DIG"},{"floor":25.0,"key":"DIG"},{"floor":32,"key":"DIG"}],"neow_cost":"","seed_source_timestamp":271184695984528,"circlet_count":0,"master_deck":["Strike_R","Strike_R","Strike_R","Defend_R","Defend_R","Defend_R","Defend_R","Bash","Perfected Strike","Shrug It Off","Inflame+1","Shrug It Off","Perfected Strike","Shrug It Off+1","Seeing Red+1","Perfected Strike","Perfected Strike","Offering+1","Flame Barrier+1","Cleave","Armaments+1"],"special_seed":0,"relics":["Burning Blood","Dream Catcher","Toxic Egg 2","Peace Pipe","Shovel","Strawberry","Anchor","Sozu","Kunai","Bag of Marbles","Orichalcum","Blood Vial","Pen Nib","Mummified Hand"],"potions_floor_usage":[28],"damage_taken":[{"damage":7.0,"enemies":"Jaw Worm","floor":1.0,"turns":3.0},{"damage":6.0,"enemies":"Cultist","floor":2.0,"turns":3.0},{"damage":0.0,"enemies":"2 Louse","floor":4.0,"turns":2.0},{"damage":22.0,"enemies":"Gremlin Nob","floor":7.0,"turns":4.0},{"damage":6.0,"enemies":"Red Slaver","floor":8.0,"turns":3.0},{"damage":14.0,"enemies":"3 Sentries","floor":10.0,"turns":8.0},{"damage":6.0,"enemies":"2 Fungi Beasts","floor":11.0,"turns":3.0},{"damage":13.0,"enemies":"Blue Slaver","floor":13.0,"turns":2.0},{"damage":41.0,"enemies":"Hexaghost","floor":16.0,"turns":8.0},{"damage":0.0,"enemies":"Spheric Guardian","floor":18.0,"turns":3.0},{"damage":5.0,"enemies":"2 Thieves","floor":19.0,"turns":3.0},{"damage":23.0,"enemies":"3 Cultists","floor":20.0,"turns":5.0},{"damage":13,"enemies":"Cultist and Chosen","floor":28,"turns":4},{"damage":12,"enemies":"Centurion and Healer","floor":30,"turns":5},{"damage":50,"enemies":"Champ","floor":33,"turns":10}],"seed_played":"-8432233040879065066","potions_obtained":[{"floor":2.0,"key":"Poison Potion"},{"floor":4.0,"key":"Ancient Potion"},{"floor":7.0,"key":"Poison Potion"},{"floor":10.0,"key":"EssenceOfSteel"}],"is_trial":false,"path_per_floor":["M","M","?","M","$","R","E","M","T","E","M","R","M","$","R","B",null,"M","M","M","$","?","R","?","R","T","$","M","?","M","?","R"],"character_chosen":"IRONCLAD","items_purchased":["Shrug It Off","Perfected Strike","Kunai","Armaments+1","Pen Nib"],"campfire_rested":0,"item_purchase_floors":[],"current_hp_per_floor":[79,79,79,80,80,80,64,64,64,56,56,63,56,56,56,21,87,87,87,70,70,53,53,53,53,53,53,48,48,44,44,44,0],"gold":44,"neow_bonus":"","is_prod":false,"is_daily":false,"chose_seed":false,"campfire_upgraded":1,"win_rate":0,"timestamp":1530318548,"path_taken":["M","M","?","M","$","R","E","M","T","E","M","R","?","$","R","BOSS","M","M","M","$","?","R","?","R","T","$","M","?","M","?","R","BOSS"],"build_version":"2018-06-28","purchased_purges":0,"victory":false,"max_hp_per_floor":[80,80,80,80,80,80,80,80,80,80,80,87,87,87,87,87,87,87,87,87,87,92,92,92,92,92,92,92,92,92,92,92,92],"card_choices":[{"not_picked":["True Grit","Searing Blow"],"picked":"Perfected Strike","floor":1.0},{"not_picked":["Clash","Body Slam"],"picked":"Shrug It Off","floor":2.0},{"not_picked":["Power Through","Carnage"],"picked":"Inflame","floor":4.0},{"not_picked":["Flex","Rage"],"picked":"Shrug It Off","floor":7.0},{"not_picked":["Infernal Blade+1","True Grit+1","Disarm+1"],"picked":"SKIP","floor":8.0},{"not_picked":["Second Wind+1","Warcry+1"],"picked":"Seeing Red+1","floor":10.0},{"not_picked":["Blood for Blood","Warcry+1"],"picked":"Perfected Strike","floor":11.0},{"not_picked":["Juggernaut","Body Slam"],"picked":"Perfected Strike","floor":13.0},{"not_picked":["Juggernaut","Impervious+1"],"picked":"Offering+1","floor":16.0},{"not_picked":["Anger","Flex+1","Blood for Blood"],"picked":"SKIP","floor":18.0},{"not_picked":["Havoc+1","Blood for Blood"],"picked":"Flame Barrier+1","floor":19.0},{"not_picked":["Wild Strike","Power Through+1"],"picked":"Cleave","floor":20.0},{"not_picked":["Anger+1","Warcry+1","Blood for Blood"],"picked":"SKIP","floor":28},{"not_picked":["Heavy Blade","Anger","Rampage"],"picked":"SKIP","floor":30}],"player_experience":170292,"relics_obtained":[{"floor":7.0,"key":"Toxic Egg 2"},{"floor":9.0,"key":"Peace Pipe"},{"floor":10.0,"key":"Shovel"},{"floor":12.0,"key":"Strawberry"},{"floor":15.0,"key":"Anchor"},{"floor":23.0,"key":"Bag of Marbles"},{"floor":25.0,"key":"Orichalcum"},{"floor":26.0,"key":"Blood Vial"},{"floor":32,"key":"Mummified Hand"}],"event_choices":[{"event_name":"Bonfire Elementals","player_choice":"BASIC","floor":3.0,"damage_taken":0.0},{"event_name":"Forgotten Altar","player_choice":"Shed Blood","floor":22.0,"damage_taken":0.0},{"event_name":"Nest","player_choice":"Stole From Cult","floor":24.0,"damage_taken":0.0},{"event_name":"Purifier","player_choice":"One Purge","floor":29,"damage_taken":0},{"event_name":"Cursed Tome","player_choice":"Ignored","floor":31,"damage_taken":0}],"boss_relics":[{"not_picked":["Runic Cube","Lizard Tail"],"picked":"Sozu"}],"items_purged_floors":[],"is_endless":false,"potions_floor_spawned":[2,4,7,10,19,28],"killed_by":"Champ","ascension_level":2}