{"gold_per_floor":[109,18,31,206,219,253,99,162,189,189,203,213,213],"floor_reached":13,"playtime":355,"items_purged":["Doubt"],"score":145,"play_id":"a9375189-5d74-433c-8581-5fe3081aed9a","local_time":"20180801051713","daily_mods":["Heirloom","Time Dilation"],"is_ascension_mode":false,"campfire_choices":[],"neow_cost":"","seed_source_timestamp":29973446152817,"circlet_count":0,"master_deck":["Strike_R","Strike_R","Strike_R","Strike_R","Strike_R","Defend_R","Defend_R","Defend_R","Defend_R","Bash","Whirlwind","Flash of Steel","Sword Boomerang","Battle Trance+1"],"relics":["Burning Blood","Sundial","Ancient Tea Set","Tiny Chest","Dream Catcher"],"potions_floor_usage":[8,11],"damage_taken":[{"damage":2,"enemies":"Small Slimes","floor":1,"turns":4},{"damage":1,"enemies":"Cultist","floor":3,"turns":3},{"damage":0,"enemies":"2 Louse","floor":5,"turns":2},{"damage":41,"enemies":"3 Sentries","floor":6,"turns":10},{"damage":31,"enemies":"Lagavulin","floor":8,"turns":5},{"damage":0,"enemies":"Large Slime","floor":11,"turns":2},{"damage":24,"enemies":"Exordium Thugs","floor":12,"turns":4},{"damage":0,"enemies":"Gremlin Gang","floor":13,"turns":1}],"seed_played":"-337028082608704879","potions_obtained":[{"floor":3,"key":"Regen Potion"},{"floor":8,"key":"AttackPotion"}],"is_trial":true,"path_per_floor":["M","$","M","?","M","E","$","E","T","?","M","M"],"character_chosen":"IRONCLAD","items_purchased":["Flash of Steel","Battle Trance"],"campfire_rested":0,"item_purchase_floors":[2,7],"current_hp_per_floor":[80,80,80,80,80,45,45,29,29,29,35,17,17],"gold":213,"neow_bonus":"","is_prod":false,"is_daily":false,"chose_seed":false,"campfire_upgraded":0,"win_rate":0,"timestamp":1533089833,"path_taken":["M","$","M","?","M","E","$","E","T","?","M","M","?"],"build_version":"2018-07-26","purchased_purges":1,"victory":false,"max_hp_per_floor":[80,80,80,80,80,80,80,80,80,80,80,80,80],"card_choices":[{"not_picked":["Havoc","True Grit"],"picked":"Whirlwind","floor":1},{"not_picked":["Dropkick","Clash","Sentinel"],"picked":"SKIP","floor":3},{"not_picked":["Anger","Feel No Pain"],"picked":"Sword Boomerang","floor":5},{"not_picked":["Seeing Red","Sword Boomerang","Burning Pact"],"picked":"SKIP","floor":6},{"not_picked":["Iron Wave","Pommel Strike","Disarm"],"picked":"SKIP","floor":8},{"not_picked":["Iron Wave","Infernal Blade","Uppercut"],"picked":"SKIP","floor":11},{"not_picked":["Headbutt","Rupture","Berserk"],"picked":"SKIP","floor":12}],"player_experience":291102,"relics_obtained":[{"floor":6,"key":"Ancient Tea Set"},{"floor":8,"key":"Tiny Chest"},{"floor":9,"key":"Dream Catcher"}],"event_choices":[{"event_name":"Liars Game","player_choice":"agreed","floor":4,"damage_taken":0},{"event_name":"Living Wall","player_choice":"Grow","floor":10,"damage_taken":0}],"is_beta":false,"boss_relics":[],"items_purged_floors":[7],"is_endless":true,"potions_floor_spawned":[3,8],"killed_by":"Gremlin Gang","ascension_level":0}