{"gold_per_floor":[113,63,63,83,38,38,68,68,68,68,85,96,96,107,107,212,212,232,250,45,56,75,75,95,105,105,105,105,105,139,149,149,250,250,270,270,24,124,124,124,124,144,193,193,23,39,39,58,58,58],"floor_reached":51,"playtime":4304,"items_purged":["Defend_B","Strike_B"],"score":642,"play_id":"110c8fb3-b8a6-4eb4-a04f-162ee331ceaa","local_time":"20181103015639","is_ascension_mode":false,"campfire_choices":[{"data":"Conserve Battery","floor":6,"key":"SMITH"},{"data":"Cold Snap","floor":8,"key":"SMITH"},{"data":"Zap","floor":10,"key":"SMITH"},{"data":"Redo","floor":13,"key":"SMITH"},{"data":"Chill","floor":15,"key":"SMITH"},{"floor":23,"key":"REST"},{"floor":27,"key":"REST"},{"floor":29,"key":"REST"},{"floor":32,"key":"REST"},{"data":"Apotheosis","floor":40,"key":"SMITH"},{"data":"Echo Form","floor":41,"key":"SMITH"},{"floor":47,"key":"REST"},{"floor":49,"key":"REST"}],"neow_cost":"NONE","seed_source_timestamp":57126206347462,"circlet_count":0,"master_deck":["Strike_B","Defend_B","Defend_B","Zap+1","Dualcast","Creative AI+1","Redo+1","White Noise","Conserve Battery+1","Cold Snap+1","Double Energy","Barrage+1","Chill+1","Echo Form+1","FTL","Ball Lightning+1","Leap+1","Reboot","Sweeping Beam+1","Auto Shields","Madness","Madness","Apotheosis+1","Chaos","Parasite"],"relics":["Cracked Core","Unceasing Top","Matryoshka","Empty Cage","Runic Capacitor","Cables","Bottled Lightning","Nilry\u0027s Codex","WingedGreaves","Inserter","Thread and Needle","Smiling Mask","Whetstone"],"potions_floor_usage":[14,16,16,19,30,33,46,50],"damage_taken":[{"damage":0,"enemies":"Small Slimes","floor":1,"turns":3},{"damage":0,"enemies":"Cultist","floor":4,"turns":3},{"damage":21,"enemies":"Lagavulin","floor":7,"turns":7},{"damage":2,"enemies":"2 Louse","floor":11,"turns":2},{"damage":6,"enemies":"2 Fungi Beasts","floor":12,"turns":3},{"damage":0,"enemies":"Exordium Wildlife","floor":14,"turns":5},{"damage":12,"enemies":"Hexaghost","floor":16,"turns":8},{"damage":0,"enemies":"3 Byrds","floor":18,"turns":2},{"damage":8,"enemies":"Chosen","floor":19,"turns":3},{"damage":28,"enemies":"Snake Plant","floor":21,"turns":6},{"damage":9,"enemies":"3 Cultists","floor":22,"turns":4},{"damage":0,"enemies":"Cultist and Chosen","floor":24,"turns":5},{"damage":14,"enemies":"Centurion and Healer","floor":25,"turns":4},{"damage":25,"enemies":"Slavers","floor":30,"turns":6},{"damage":14,"enemies":"Snake Plant","floor":31,"turns":6},{"damage":60,"enemies":"Collector","floor":33,"turns":11},{"damage":16,"enemies":"3 Darklings","floor":35,"turns":6},{"damage":2,"enemies":"Mind Bloom Boss Battle","floor":38,"turns":5},{"damage":4,"enemies":"Orb Walker","floor":42,"turns":5},{"damage":21,"enemies":"Transient","floor":46,"turns":5},{"damage":4,"enemies":"Writhing Mass","floor":48,"turns":6},{"damage":36,"enemies":"Donu and Deca","floor":50,"turns":9}],"seed_played":"4353719631399027035","potions_obtained":[{"floor":1,"key":"Strength Potion"},{"floor":11,"key":"LiquidBronze"},{"floor":12,"key":"Block Potion"},{"floor":18,"key":"Energy Potion"},{"floor":19,"key":"FairyPotion"},{"floor":25,"key":"PowerPotion"},{"floor":30,"key":"Poison Potion"},{"floor":46,"key":"Dexterity Potion"}],"is_trial":false,"path_per_floor":["M","?","?","M","$","R","E","R","T","R","M","M","R","M","R","B",null,"M","M","$","M","M","R","M","M","T","R","?","R","E","M","R","B",null,"M","?","$","?","?","R","R","M","T","?","$","M","R","M","R","B",null],"character_chosen":"DEFECT","items_purchased":["Conserve Battery","Runic Capacitor","Apotheosis","Chaos","Block Potion"],"campfire_rested":6,"item_purchase_floors":[5,20,37,45,45],"current_hp_per_floor":[75,75,75,75,75,75,54,54,54,54,52,46,46,46,46,34,75,75,67,67,39,30,52,52,38,38,60,44,66,41,34,56,12,75,66,57,57,65,65,65,65,71,71,71,71,50,72,68,75,39],"gold":58,"neow_bonus":"ONE_RANDOM_RARE_CARD","is_prod":false,"is_daily":false,"chose_seed":false,"campfire_upgraded":7,"win_rate":0,"timestamp":1541206599,"path_taken":["M","?","?","M","$","R","E","R","T","R","?","M","R","?","R","BOSS","M","M","$","M","M","R","M","M","T","R","?","R","E","M","R","BOSS","M","?","$","?","?","R","R","?","T","?","$","?","R","M","R","BOSS"],"build_version":"2018-11-01v2","purchased_purges":2,"victory":true,"max_hp_per_floor":[75,75,75,75,75,75,75,75,75,75,75,75,75,75,75,75,75,75,75,75,75,75,75,75,75,75,75,75,75,75,75,75,75,75,75,75,75,75,75,75,75,75,75,75,75,75,75,75,75,75],"card_choices":[{"not_picked":["Hologram","Double Energy"],"picked":"Redo","floor":1},{"not_picked":["Redo","Aggregate"],"picked":"White Noise","floor":4},{"not_picked":["Auto Shields","Redo"],"picked":"Cold Snap","floor":7},{"not_picked":["Hologram","Cold Snap"],"picked":"Double Energy","floor":11},{"not_picked":["Steam","Compile Driver"],"picked":"Barrage","floor":12},{"not_picked":["Beam Cell","Cold Snap"],"picked":"Chill","floor":14},{"not_picked":["Creative AI","Core Surge"],"picked":"Echo Form","floor":16},{"not_picked":["Go for the Eyes","Compile Driver"],"picked":"FTL","floor":18},{"not_picked":["Hello World+1","Consume+1"],"picked":"Ball Lightning+1","floor":19},{"not_picked":["Coolheaded","Ball Lightning"],"picked":"Leap+1","floor":21},{"not_picked":["Chill","Steam","Streamline"],"picked":"SKIP","floor":22},{"not_picked":["Rebound+1","Leap+1","Ball Lightning"],"picked":"SKIP","floor":24},{"not_picked":["Coolheaded","Redo"],"picked":"Reboot","floor":25},{"not_picked":["Genetic Algorithm","Melter"],"picked":"Self Repair","floor":30},{"not_picked":["Undo","Compile Driver"],"picked":"Sweeping Beam","floor":31},{"not_picked":["Reprogram+1","Consume"],"picked":"Auto Shields","floor":35},{"not_picked":["Reprogram","Compile Driver","Rebound"],"picked":"SKIP","floor":42},{"not_picked":["Steam","Compile Driver+1","Tempest+1"],"picked":"SKIP","floor":46},{"not_picked":["Stack","Scrape","Multi-Cast"],"picked":"SKIP","floor":48}],"player_experience":605366,"relics_obtained":[{"floor":7,"key":"Unceasing Top"},{"floor":9,"key":"Matryoshka"},{"floor":26,"key":"Cables"},{"floor":26,"key":"Bottled Lightning"},{"floor":28,"key":"Nilry\u0027s Codex"},{"floor":30,"key":"WingedGreaves"},{"floor":38,"key":"Thread and Needle"},{"floor":43,"key":"Smiling Mask"},{"floor":43,"key":"Whetstone"}],"event_choices":[{"cards_removed":["Defend_B"],"damage_healed":0,"gold_gain":0,"player_choice":"Card Removal","damage_taken":0,"max_hp_gain":0,"max_hp_loss":0,"event_name":"The Cleric","floor":2,"gold_loss":50},{"damage_healed":0,"gold_gain":0,"player_choice":"Forge","damage_taken":0,"max_hp_gain":0,"max_hp_loss":0,"event_name":"Accursed Blacksmith","floor":3,"gold_loss":0,"cards_upgraded":["Creative AI"]},{"damage_healed":0,"gold_gain":0,"player_choice":"Obtained Book","damage_taken":16,"max_hp_gain":0,"max_hp_loss":0,"event_name":"Cursed Tome","floor":28,"gold_loss":0},{"damage_healed":0,"gold_gain":0,"player_choice":"Embrace Madness","damage_taken":9,"max_hp_gain":0,"max_hp_loss":0,"event_name":"Winding Halls","floor":36,"gold_loss":0,"cards_obtained":["Madness","Madness"]},{"damage_healed":0,"gold_gain":0,"player_choice":"Fight","damage_taken":0,"max_hp_gain":0,"max_hp_loss":0,"event_name":"MindBloom","floor":38,"gold_loss":0},{"damage_healed":0,"gold_gain":0,"player_choice":"Ignored","damage_taken":0,"max_hp_gain":0,"max_hp_loss":0,"event_name":"Mysterious Sphere","floor":39,"gold_loss":0},{"cards_removed":["Self Repair"],"damage_healed":0,"gold_gain":0,"player_choice":"Purged","damage_taken":0,"max_hp_gain":0,"max_hp_loss":0,"event_name":"Purifier","floor":44,"gold_loss":0}],"is_beta":true,"boss_relics":[{"not_picked":["Philosopher\u0027s Stone","Eternal Feather"],"picked":"Empty Cage"},{"not_picked":["Runic Dome","Calling Bell"],"picked":"Inserter"}],"items_purged_floors":[37,45],"is_endless":false,"potions_floor_spawned":[1,11,12,18,19,25,30,46],"ascension_level":0}