{"path_per_floor":["M","M","M","$","M","E","R","?","T","E","R","?","M","$","R","B",null,"M","M","$","?","?","R","E","M","T","M","M","$","R","M","R","B",null,"M","M","$","M","$","R","M","R","T","R","E","M","R","M","R"],"character_chosen":"DEFECT","items_purchased":["Axe Kick","Magnetism","Gash","Good Instincts"],"gold_per_floor":[118,138,155,106,121,153,153,153,176,207,207,172,190,14,14,110,110,126,145,69,69,69,69,94,113,113,124,134,31,31,44,44,145,145,155,173,173,190,190,190,200,200,227,227,252,266,266,284,284,284],"floor_reached":50,"campfire_rested":1,"playtime":3203,"current_hp_per_floor":[69,62,57,57,50,40,40,40,40,38,38,56,56,56,56,43,75,75,75,75,75,75,75,62,42,42,37,29,29,39,38,48,6,89,71,71,71,45,45,55,23,35,35,47,35,27,39,27,65,0],"items_purged":[],"gold":284,"score":504,"play_id":"cbe7e477-e525-4c3c-a48f-6f7ab252c374","local_time":"20180430201032","is_prod":false,"is_daily":false,"chose_seed":false,"is_ascension_mode":false,"campfire_upgraded":10,"timestamp":1525108232,"path_taken":["M","M","M","$","M","E","R","?","T","E","R","?","M","$","R","BOSS","M","M","$","?","?","R","E","M","T","M","M","$","R","M","R","BOSS","M","M","$","M","$","R","M","R","T","R","E","M","R","M","R","BOSS"],"build_version":"2018-04-27v3","seed_source_timestamp":695072288184276,"purchased_purges":0,"victory":false,"master_deck":["Strike_B","Strike_B","Strike_B","Strike_B","Defend_B","Defend_B","Defend_B","Defend_B","Zap+1","Dualcast","Gash+1","Reinforced Body","Coolheaded","Axe Kick","Axe Kick","Beam Cell+1","All For One","Go for the Eyes+1","Magnetism+1","All For One","Leap","Gash+1","Beam Cell+1","Machine Learning","Rainbow","Beam Cell+1","Good Instincts+1","Skim","Creative AI+1","Go for the Eyes+1","Go for the Eyes","Skim"],"max_hp_per_floor":[75,75,75,75,75,75,75,75,75,75,75,75,75,75,75,75,75,75,75,75,75,75,75,89,89,89,89,89,89,89,89,89,89,89,89,89,89,89,89,89,89,89,89,89,89,89,89,89,89,89],"relics":["Cracked Core","Bag of Preparation","Vajra","Eternal Feather","Nloth\u0027s Gift","Mango","Unceasing Top","Inserter","Lantern","Shuriken"],"card_choices":[{"not_picked":["Hologram","Leap"],"picked":"Gash","floor":1.0},{"not_picked":["Sweeping Beam","Hologram"],"picked":"Reinforced Body","floor":2.0},{"not_picked":["Barrage","White Noise"],"picked":"Coolheaded","floor":3.0},{"not_picked":["Streamline","Stack"],"picked":"Axe Kick","floor":5.0},{"not_picked":["Heatsinks","Genetic Algorithm"],"picked":"Beam Cell","floor":6.0},{"not_picked":["FTL","Scrape"],"picked":"All For One","floor":10.0},{"not_picked":["Stack","Sweeping Beam"],"picked":"Go for the Eyes","floor":13.0},{"not_picked":["Fission","Thunder Strike"],"picked":"All For One","floor":16.0},{"not_picked":["Reinforced Body","Genetic Algorithm"],"picked":"Leap","floor":18.0},{"not_picked":["Impulse","Thunder Strike"],"picked":"Machine Learning","floor":24.0},{"not_picked":["Tempest","Prime"],"picked":"Rainbow","floor":27.0},{"not_picked":["Impulse","Stack"],"picked":"Beam Cell","floor":28.0},{"not_picked":["Hologram","Streamline"],"picked":"Skim","floor":31.0},{"not_picked":["Thunder Strike","Redo"],"picked":"Creative AI","floor":33.0},{"not_picked":["Stack","Ball Lightning"],"picked":"Go for the Eyes","floor":41.0},{"not_picked":["Creative AI","Cold Snap"],"picked":"Go for the Eyes","floor":45.0},{"not_picked":["Streamline","Ball Lightning"],"picked":"Skim","floor":46.0}],"player_experience":96737,"potions_floor_usage":[50,50],"damage_taken":[{"damage":6.0,"enemies":"2 Louse","floor":1.0,"turns":4.0},{"damage":7.0,"enemies":"Jaw Worm","floor":2.0,"turns":4.0},{"damage":5.0,"enemies":"Small Slimes","floor":3.0,"turns":4.0},{"damage":7.0,"enemies":"Blue Slaver","floor":5.0,"turns":4.0},{"damage":25.0,"enemies":"Lagavulin","floor":6.0,"turns":8.0},{"damage":2.0,"enemies":"3 Sentries","floor":10.0,"turns":8.0},{"damage":0.0,"enemies":"Exordium Wildlife","floor":13.0,"turns":1.0},{"damage":13.0,"enemies":"Hexaghost","floor":16.0,"turns":5.0},{"damage":0.0,"enemies":"Shell Parasite","floor":18.0,"turns":1.0},{"damage":0.0,"enemies":"3 Byrds","floor":19.0,"turns":4.0},{"damage":27.0,"enemies":"Slavers","floor":24.0,"turns":3.0},{"damage":20.0,"enemies":"Snake Plant","floor":25.0,"turns":4.0},{"damage":5.0,"enemies":"Cultist and Chosen","floor":27.0,"turns":3.0},{"damage":17.0,"enemies":"Centurion and Healer","floor":28.0,"turns":5.0},{"damage":1.0,"enemies":"Sentry and Sphere","floor":31.0,"turns":4.0},{"damage":48.0,"enemies":"Champ","floor":33.0,"turns":8.0},{"damage":18.0,"enemies":"Orb Walker","floor":35.0,"turns":4.0},{"damage":0.0,"enemies":"Flame Bruiser 1 Orb","floor":36.0,"turns":3.0},{"damage":26.0,"enemies":"Spire Growth","floor":38.0,"turns":4.0},{"damage":32.0,"enemies":"Sphere and 2 Shapes","floor":41.0,"turns":6.0},{"damage":12.0,"enemies":"Nemesis","floor":45.0,"turns":3.0},{"damage":8.0,"enemies":"Maw","floor":46.0,"turns":7.0},{"damage":12.0,"enemies":"Flame Bruiser 2 Orb","floor":48.0,"turns":5.0},{"damage":69,"enemies":"Time Eater","floor":50,"turns":8}],"event_choices":[{"event_name":"Living Wall","player_choice":"Grow","floor":8.0,"damage_taken":0.0},{"event_name":"The Cleric","player_choice":"Healed","floor":12.0,"damage_taken":0.0},{"event_name":"N\u0027loth","player_choice":"Traded a Prayer Wheel","floor":21.0,"damage_taken":0.0},{"event_name":"The Library","player_choice":"Read","floor":22.0,"damage_taken":0.0}],"boss_relics":[],"potions_floor_spawned":[2,3,10,16,27,28,31,36,38,46,48],"seed_played":"-3307268581026248923","killed_by":"Time Eater","ascension_level":0,"is_trial":false}