{"gold_per_floor":[216,216,232,252,275,275,288,51,102,102,116,148,148,160,160,262,262,262,262,262,262,262,262,111,111,111,111,111,111,111,111,111,111,111,111,111,111,111,85,85,0,0,0,0,0,0,0,0,0,0],"floor_reached":51,"playtime":1084,"items_purged":[],"score":668,"play_id":"6e2615f9-d8d2-4c61-baac-10760569f3f9","local_time":"20181128085340","is_ascension_mode":false,"campfire_choices":[{"data":"Bash","floor":6.0,"key":"SMITH"},{"data":"Flame Barrier","floor":13.0,"key":"SMITH"},{"data":"Sword Boomerang","floor":15.0,"key":"SMITH"},{"data":"Limit Break","floor":28,"key":"SMITH"},{"data":"Inflame","floor":30,"key":"SMITH"},{"data":"Offering","floor":32,"key":"SMITH"},{"data":"Rage","floor":40,"key":"SMITH"},{"data":"Intimidate","floor":42,"key":"SMITH"},{"data":"Bite","floor":45,"key":"SMITH"},{"data":"Bite","floor":49,"key":"SMITH"}],"neow_cost":"NONE","seed_source_timestamp":127915558377495,"circlet_count":0,"master_deck":["Defend_R+1","Defend_R","Defend_R+1","Bash+1","Inflame+1","Intimidate+1","Flame Barrier+1","Sword Boomerang+1","Offering+1","Limit Break+1","Inflame+1","Armaments+1","Bite+1","Bite+1","Bite","Bite","Bite","Rage+1","Cleave","Pummel+1"],"special_seed":0,"relics":["Burning Blood","War Paint","Pen Nib","Omamori","Centennial Puzzle","Ectoplasm","Orichalcum","Paper Frog","MutagenicStrength","Runic Cube","Charon\u0027s Ashes","Red Mask","Anchor","Unceasing Top"],"potions_floor_usage":[33,50,50],"damage_taken":[{"damage":0.0,"enemies":"2 Louse","floor":1.0,"turns":3.0},{"damage":6.0,"enemies":"Jaw Worm","floor":3.0,"turns":3.0},{"damage":10.0,"enemies":"Small Slimes","floor":4.0,"turns":3.0},{"damage":22.0,"enemies":"Gremlin Gang","floor":7.0,"turns":6.0},{"damage":15.0,"enemies":"Looter","floor":11.0,"turns":3.0},{"damage":23.0,"enemies":"Lagavulin","floor":12.0,"turns":6.0},{"damage":0.0,"enemies":"2 Fungi Beasts","floor":14.0,"turns":4.0},{"damage":42.0,"enemies":"The Guardian","floor":16.0,"turns":9.0},{"damage":8.0,"enemies":"Chosen","floor":18.0,"turns":3.0},{"damage":2.0,"enemies":"Shell Parasite","floor":20.0,"turns":4.0},{"damage":15.0,"enemies":"Centurion and Healer","floor":22.0,"turns":3.0},{"damage":8,"enemies":"Snake Plant","floor":25,"turns":2},{"damage":0,"enemies":"Snecko","floor":27,"turns":2},{"damage":12,"enemies":"Automaton","floor":33,"turns":4},{"damage":0,"enemies":"Orb Walker","floor":35,"turns":1},{"damage":35,"enemies":"2 Orb Walkers","floor":36,"turns":4},{"damage":6,"enemies":"3 Shapes","floor":47,"turns":4},{"damage":6,"enemies":"Sphere and 2 Shapes","floor":48,"turns":1},{"damage":12,"enemies":"Awakened One","floor":50,"turns":5}],"seed_played":"7951753324323193814","potions_obtained":[{"floor":4.0,"key":"Poison Potion"},{"floor":12.0,"key":"SkillPotion"},{"floor":14.0,"key":"Strength Potion"},{"floor":16.0,"key":"Dexterity Potion"},{"floor":33,"key":"Poison Potion"},{"floor":35,"key":"Energy Potion"}],"is_trial":false,"path_per_floor":["M","?","M","M","T","R","M","$","T","?","M","E","R","M","R","B",null,"M","?","M","$","M","?","$","M","T","M","R","?","R","?","R","B",null,"M","?","?","?","$","R","?","R","T","$","R","T","M","M","R","B",null],"character_chosen":"IRONCLAD","items_purchased":["Inflame","Pen Nib","Orichalcum","Cleave"],"campfire_rested":0,"item_purchase_floors":[8,8,24,39],"current_hp_per_floor":[80,85,85,81,81,81,65,65,65,65,56,39,39,45,45,9,85,83,67,71,71,62,62,62,60,60,66,66,63,63,63,63,63,63,63,49,49,49,49,49,49,49,49,49,49,49,55,59,59,60],"gold":0,"neow_bonus":"HUNDRED_GOLD","is_prod":false,"is_daily":false,"chose_seed":false,"campfire_upgraded":10,"win_rate":0,"timestamp":1543388020,"path_taken":["M","?","M","M","?","R","M","$","T","?","M","E","R","M","R","BOSS","M","?","M","$","M","?","$","?","T","M","R","?","R","?","R","BOSS","M","?","?","?","$","R","?","R","T","$","R","?","M","?","R","BOSS"],"build_version":"2018-11-15","purchased_purges":0,"victory":true,"max_hp_per_floor":[80,85,85,85,85,85,85,85,85,85,85,85,85,85,85,85,85,85,90,90,90,90,90,90,90,90,90,90,63,63,63,63,63,63,63,63,60,60,60,60,60,60,60,60,60,60,60,60,60,60],"card_choices":[{"not_picked":["Havoc","Uppercut","Headbutt"],"picked":"SKIP","floor":1.0},{"not_picked":["Blood for Blood","Metallicize","Clothesline"],"picked":"SKIP","floor":3.0},{"not_picked":["Thunderclap","Blood for Blood","Wild Strike"],"picked":"SKIP","floor":4.0},{"not_picked":["Thunderclap","Heavy Blade","Perfected Strike"],"picked":"SKIP","floor":7.0},{"not_picked":["Clothesline","True Grit"],"picked":"Intimidate","floor":11.0},{"not_picked":["Combust","Impervious"],"picked":"Flame Barrier","floor":12.0},{"not_picked":["Heavy Blade","Flex"],"picked":"Sword Boomerang","floor":14.0},{"not_picked":["Dark Embrace","Berserk"],"picked":"Offering","floor":16.0},{"not_picked":["Perfected Strike","Headbutt+1","Thunderclap"],"picked":"SKIP","floor":18.0},{"not_picked":["Havoc+1","True Grit+1","Uppercut+1"],"picked":"SKIP","floor":20.0},{"not_picked":["Anger","Sever Soul+1","Wild Strike"],"picked":"SKIP","floor":22.0},{"not_picked":["Twin Strike","Body Slam"],"picked":"Armaments+1","floor":25},{"not_picked":["Havoc+1","Headbutt","Perfected Strike"],"picked":"SKIP","floor":27},{"not_picked":["Flex+1","Anger+1","Uppercut"],"picked":"SKIP","floor":35},{"not_picked":["Headbutt+1","Thunderclap"],"picked":"Rage","floor":36},{"not_picked":["Twin Strike","Ghostly Armor+1"],"picked":"Pummel+1","floor":47},{"not_picked":["Body Slam+1","Rampage+1","Pummel"],"picked":"SKIP","floor":48}],"player_experience":501520,"relics_obtained":[{"floor":5.0,"key":"War Paint"},{"floor":9.0,"key":"Omamori"},{"floor":12.0,"key":"Centennial Puzzle"},{"floor":26,"key":"Paper Frog"},{"floor":36,"key":"Charon\u0027s Ashes"},{"floor":43,"key":"Anchor"},{"floor":46,"key":"Unceasing Top"}],"event_choices":[{"damage_healed":0.0,"max_hp_gain":5.0,"max_hp_loss":0.0,"gold_gain":0.0,"event_name":"Big Fish","player_choice":"Donut","floor":2.0,"gold_loss":0.0,"damage_taken":0.0},{"damage_healed":0.0,"max_hp_gain":0.0,"max_hp_loss":0.0,"gold_gain":0.0,"event_name":"Living Wall","player_choice":"Grow","floor":10.0,"gold_loss":0.0,"damage_taken":0.0,"cards_upgraded":["Inflame"]},{"damage_healed":0.0,"max_hp_gain":5.0,"max_hp_loss":0.0,"gold_gain":0.0,"event_name":"Forgotten Altar","player_choice":"Shed Blood","floor":19.0,"gold_loss":0.0,"damage_taken":21.0},{"damage_healed":0,"gold_gain":0,"player_choice":"2 cards matched","damage_taken":0,"max_hp_gain":0,"max_hp_loss":0,"event_name":"Match and Keep!","floor":23,"gold_loss":0,"cards_obtained":["Limit Break","Inflame"]},{"damage_healed":0,"gold_gain":0,"player_choice":"Became a vampire","damage_taken":0,"max_hp_gain":0,"max_hp_loss":27,"event_name":"Vampires","floor":29,"gold_loss":0,"cards_obtained":["Bite","Bite","Bite","Bite","Bite"]},{"damage_healed":0,"gold_gain":0,"player_choice":"Inject Mutagens","damage_taken":0,"relics_obtained":["MutagenicStrength"],"max_hp_gain":0,"max_hp_loss":0,"event_name":"Drug Dealer","floor":31,"gold_loss":0},{"damage_healed":0,"gold_gain":0,"player_choice":"Fight","damage_taken":0,"max_hp_gain":0,"max_hp_loss":0,"event_name":"Mysterious Sphere","floor":36,"gold_loss":0},{"damage_healed":0,"gold_gain":0,"player_choice":"Max HP","damage_taken":0,"max_hp_gain":0,"max_hp_loss":3,"event_name":"Winding Halls","floor":37,"gold_loss":0},{"cards_removed":["Defend_R"],"damage_healed":0,"gold_gain":0,"player_choice":"Removed Skill","damage_taken":0,"max_hp_gain":0,"max_hp_loss":0,"event_name":"Falling","floor":38,"gold_loss":0},{"damage_healed":0,"gold_gain":0,"player_choice":"Paid","damage_taken":0,"relics_obtained":["Red Mask"],"max_hp_gain":0,"max_hp_loss":0,"event_name":"Tomb of Lord Red Mask","floor":41,"gold_loss":85}],"is_beta":false,"boss_relics":[{"not_picked":["Runic Pyramid","Snecko Eye"],"picked":"Ectoplasm"},{"not_picked":["White Beast Statue","Empty Cage"],"picked":"Runic Cube"}],"items_purged_floors":[],"is_endless":false,"potions_floor_spawned":[4,12,14,16,22,33,35],"ascension_level":0}