{"gold_per_floor":[111,130,140,140,152,152,180,180,180,180,205,223,241,260,260,358,358,377,395,247,266,266,299,299,299,299,299,315,415,415,425,425,425],"floor_reached":33,"playtime":1091,"items_purged":[],"score":279,"play_id":"0e9d9a22-6992-4bd2-8a5e-1784d9e53501","local_time":"20180908060824","is_ascension_mode":false,"campfire_choices":[{"data":"Inflame","floor":6.0,"key":"SMITH"},{"data":"Bash","floor":8.0,"key":"SMITH"},{"floor":15,"key":"DIG"},{"floor":24,"key":"DIG"},{"floor":30,"key":"REST"},{"floor":32,"key":"DIG"}],"neow_cost":"NONE","seed_source_timestamp":8896519938116,"circlet_count":0,"master_deck":["Strike_R","Strike_R","Strike_R","Strike_R","Strike_R","Defend_R","Defend_R","Bash+1","Inflame+1","Armaments","Flame Barrier","Battle Trance","Sword Boomerang"],"special_seed":0,"relics":["Burning Blood","Blood Vial","Pen Nib","Shovel","Smiling Mask","Pear","Busted Crown","Bag of Marbles","Self Forming Clay","Unceasing Top","Matryoshka","Charon\u0027s Ashes","Letter Opener","Lantern"],"potions_floor_usage":[16,16,23,29,33],"damage_taken":[{"damage":11.0,"enemies":"Jaw Worm","floor":1.0,"turns":3.0},{"damage":6.0,"enemies":"Cultist","floor":2.0,"turns":3.0},{"damage":10.0,"enemies":"2 Louse","floor":3.0,"turns":2.0},{"damage":14.0,"enemies":"2 Fungi Beasts","floor":5.0,"turns":4.0},{"damage":26.0,"enemies":"3 Sentries","floor":7.0,"turns":7.0},{"damage":36,"enemies":"Lagavulin","floor":11,"turns":5},{"damage":11,"enemies":"Exordium Thugs","floor":12,"turns":5},{"damage":19,"enemies":"Exordium Wildlife","floor":13,"turns":5},{"damage":2,"enemies":"Blue Slaver","floor":14,"turns":5},{"damage":26,"enemies":"Slime Boss","floor":16,"turns":13},{"damage":5,"enemies":"Shell Parasite","floor":18,"turns":6},{"damage":0,"enemies":"3 Byrds","floor":19,"turns":1},{"damage":3,"enemies":"Snake Plant","floor":21,"turns":3},{"damage":72,"enemies":"Slavers","floor":23,"turns":9},{"damage":17,"enemies":"Shelled Parasite and Fungi","floor":28,"turns":6},{"damage":2,"enemies":"Colosseum Slavers","floor":29,"turns":4},{"damage":15,"enemies":"Colosseum Nobs","floor":29,"turns":4},{"damage":4,"enemies":"Centurion and Healer","floor":31,"turns":7},{"damage":63,"enemies":"Champ","floor":33,"turns":7}],"seed_played":"5071082084830503380","potions_obtained":[{"floor":1.0,"key":"Dexterity Potion"},{"floor":2.0,"key":"LiquidBronze"},{"floor":5.0,"key":"Regen Potion"},{"floor":11,"key":"LiquidBronze"},{"floor":19,"key":"Explosive Potion"},{"floor":23,"key":"FearPotion"},{"floor":31,"key":"Fire Potion"}],"is_trial":false,"path_per_floor":["M","M","M","$","M","R","E","R","T","?","E","M","M","M","R","B",null,"M","M","$","M","?","E","R","?","T","?","M","?","R","M","R"],"character_chosen":"IRONCLAD","items_purchased":["Bag of Marbles"],"campfire_rested":1,"item_purchase_floors":[20],"current_hp_per_floor":[75,77,75,75,69,69,51,51,51,51,23,20,9,15,25,7,90,90,90,90,90,90,24,24,24,24,24,15,14,41,45,45,0],"gold":425,"neow_bonus":"RANDOM_COMMON_RELIC","is_prod":false,"is_daily":false,"chose_seed":false,"campfire_upgraded":2,"win_rate":0,"timestamp":1536376104,"path_taken":["M","M","M","$","M","R","E","R","T","?","E","M","M","M","R","BOSS","M","M","$","M","?","E","R","?","T","?","?","?","R","M","R","BOSS"],"build_version":"2018-09-06","purchased_purges":0,"victory":false,"max_hp_per_floor":[80,80,80,80,80,80,80,80,80,80,80,80,80,80,90,90,90,90,90,90,90,90,90,90,90,90,90,90,90,90,90,90,90],"card_choices":[{"not_picked":["Iron Wave","Anger"],"picked":"Inflame","floor":1.0},{"not_picked":["Shrug It Off","Combust","Sever Soul"],"picked":"SKIP","floor":2.0},{"not_picked":["Rampage","Fire Breathing","Pommel Strike"],"picked":"SKIP","floor":3.0},{"not_picked":["Clothesline","Clash","Metallicize"],"picked":"SKIP","floor":5.0},{"not_picked":["Evolve","Power Through","Warcry"],"picked":"SKIP","floor":7.0},{"not_picked":["Heavy Blade","True Grit"],"picked":"Armaments","floor":11},{"not_picked":["Iron Wave","Flex"],"picked":"Flame Barrier","floor":12},{"not_picked":["Rampage","Headbutt"],"picked":"Battle Trance","floor":13},{"not_picked":["Rupture","Evolve","Clash"],"picked":"SKIP","floor":14},{"not_picked":["Iron Wave+1"],"picked":"SKIP","floor":18},{"not_picked":["Headbutt+1"],"picked":"SKIP","floor":19},{"not_picked":["Warcry+1"],"picked":"SKIP","floor":21},{"not_picked":["Clothesline"],"picked":"SKIP","floor":23},{"not_picked":[],"picked":"Sword Boomerang","floor":28},{"not_picked":["Brutality"],"picked":"SKIP","floor":31}],"player_experience":339014,"relics_obtained":[{"floor":7.0,"key":"Pen Nib"},{"floor":11,"key":"Smiling Mask"},{"floor":15,"key":"Pear"},{"floor":23,"key":"Self Forming Clay"},{"floor":24,"key":"Unceasing Top"},{"floor":26,"key":"Matryoshka"},{"floor":29,"key":"Charon\u0027s Ashes"},{"floor":29,"key":"Letter Opener"},{"floor":32,"key":"Lantern"}],"event_choices":[{"event_name":"WeMeetAgain","player_choice":"Potion","floor":10,"damage_taken":0},{"event_name":"Purifier","player_choice":"One Purge","floor":22,"damage_taken":0},{"event_name":"Bonfire Elementals","player_choice":"BASIC","floor":25,"damage_taken":0},{"event_name":"Cursed Tome","player_choice":"Ignored","floor":27,"damage_taken":0},{"event_name":"Colosseum","player_choice":"Fight","floor":29,"damage_taken":0},{"event_name":"Colosseum","player_choice":"Fought Nobs","floor":29,"damage_taken":0}],"is_beta":false,"boss_relics":[{"not_picked":["Pandora\u0027s Box","Ectoplasm"],"picked":"Busted Crown"}],"items_purged_floors":[],"is_endless":false,"potions_floor_spawned":[1,2,5,11,19,23,29,31],"killed_by":"Champ","ascension_level":0}