{"gold_per_floor":[113,127,147,147,147,178,253,253,253,353,353,378,421,440,440,571,571,590,304,317,341,360,360,360,360,360,383,383],"floor_reached":28,"playtime":779,"items_purged":[],"score":230,"play_id":"806e2f45-3fb0-4775-afc2-beafa3f7ea18","local_time":"20180823054549","is_ascension_mode":false,"campfire_choices":[{"floor":11.0,"key":"REST"},{"floor":15.0,"key":"REST"},{"data":"Apotheosis","floor":23,"key":"SMITH"},{"data":"Inflame","floor":25,"key":"SMITH"}],"neow_cost":"NONE","seed_source_timestamp":88703435118351,"circlet_count":0,"master_deck":["Strike_R","Strike_R","Strike_R","Strike_R","Strike_R","Defend_R","Defend_R","Defend_R","Defend_R","Bash","Battle Trance","Twin Strike","Double Tap","Armaments","Inflame+1","Apotheosis+1","Twin Strike"],"special_seed":0,"relics":["Busted Crown","Golden Idol","Blue Candle","Strawberry","Orichalcum","Eternal Feather","Torii"],"potions_floor_usage":[28],"damage_taken":[{"damage":5.0,"enemies":"Small Slimes","floor":1.0,"turns":3.0},{"damage":3.0,"enemies":"2 Louse","floor":2.0,"turns":2.0},{"damage":2.0,"enemies":"Jaw Worm","floor":3.0,"turns":4.0},{"damage":21.0,"enemies":"Lagavulin","floor":6.0,"turns":5.0},{"damage":0.0,"enemies":"Looter","floor":12.0,"turns":3.0},{"damage":30.0,"enemies":"3 Sentries","floor":13.0,"turns":10.0},{"damage":7.0,"enemies":"Large Slime","floor":14.0,"turns":5.0},{"damage":19.0,"enemies":"Hexaghost","floor":16.0,"turns":9.0},{"damage":4.0,"enemies":"Chosen","floor":18.0,"turns":4.0},{"damage":14.0,"enemies":"3 Byrds","floor":20.0,"turns":5.0},{"damage":7,"enemies":"Centurion and Healer","floor":21,"turns":6},{"damage":15,"enemies":"Snake Plant","floor":22,"turns":4},{"damage":34,"enemies":"Sentry and Sphere","floor":27,"turns":6},{"damage":14,"enemies":"Slavers","floor":28,"turns":2}],"seed_played":"1706133393557387385","potions_obtained":[{"floor":12.0,"key":"LiquidBronze"},{"floor":14.0,"key":"LiquidBronze"},{"floor":16.0,"key":"EssenceOfSteel"}],"is_trial":false,"path_per_floor":["M","M","M","$","?","E","?","$","T","?","R","M","E","M","R","B",null,"M","$","M","M","M","R","?","R","T","M"],"character_chosen":"IRONCLAD","items_purchased":["Inflame","Apotheosis"],"campfire_rested":2,"item_purchase_floors":[19,19],"current_hp_per_floor":[75,72,70,70,70,49,38,38,45,45,69,69,39,32,56,37,81,77,77,63,56,41,50,35,44,44,10,0],"gold":383,"neow_bonus":"BOSS_RELIC","is_prod":false,"is_daily":false,"chose_seed":false,"campfire_upgraded":2,"win_rate":0,"timestamp":1534992349,"path_taken":["M","M","M","$","?","E","?","?","T","?","R","M","E","M","R","BOSS","M","$","M","M","M","R","?","R","T","M","E"],"build_version":"2018-08-16","purchased_purges":0,"victory":false,"max_hp_per_floor":[80,80,80,80,74,74,74,74,81,81,81,81,81,81,81,81,81,81,81,81,81,81,81,86,86,86,86,86],"card_choices":[{"not_picked":["Pommel Strike"],"picked":"SKIP","floor":1.0},{"not_picked":[],"picked":"Battle Trance","floor":2.0},{"not_picked":["Feel No Pain"],"picked":"SKIP","floor":3.0},{"not_picked":[],"picked":"Twin Strike","floor":6.0},{"not_picked":["Entrench"],"picked":"SKIP","floor":12.0},{"not_picked":["Limit Break"],"picked":"SKIP","floor":13.0},{"not_picked":["Hemokinesis"],"picked":"SKIP","floor":14.0},{"not_picked":[],"picked":"Double Tap","floor":16.0},{"not_picked":[],"picked":"Armaments","floor":18.0},{"not_picked":["Body Slam"],"picked":"SKIP","floor":20.0},{"not_picked":["Second Wind"],"picked":"SKIP","floor":21},{"not_picked":[],"picked":"Twin Strike","floor":22},{"not_picked":["Fire Breathing"],"picked":"SKIP","floor":27}],"player_experience":336882,"relics_obtained":[{"floor":6.0,"key":"Blue Candle"},{"floor":9.0,"key":"Strawberry"},{"floor":13.0,"key":"Orichalcum"},{"floor":26,"key":"Torii"}],"event_choices":[{"event_name":"Golden Idol","player_choice":"Lose Max HP","floor":5.0,"damage_taken":0.0},{"event_name":"World of Goop","player_choice":"Gather Gold","floor":7.0,"damage_taken":0.0},{"event_name":"Golden Shrine","player_choice":"Pray","floor":10.0,"damage_taken":0.0},{"event_name":"Forgotten Altar","player_choice":"Shed Blood","floor":24,"damage_taken":0}],"is_beta":false,"boss_relics":[{"not_picked":["Runic Dome","Runic Cube"],"picked":"Eternal Feather"}],"items_purged_floors":[],"is_endless":false,"potions_floor_spawned":[12,14,16],"killed_by":"Slavers","ascension_level":0}