{"gold_per_floor":[116,127,127,43,118,118,145,161,161,161,171,184,184,63,63,158,158,174,206,58,73,73,73,107,107,107,107,57,57,57,72,72,176,176,188,204,153,169,184,184,197,53,104,104,104,504,504,518,518,518],"floor_reached":51,"playtime":1839,"items_purged":["Decay","Strike_B"],"score":688,"play_id":"8d9143ba-4055-453b-afd9-d87d80aabb94","local_time":"20190621115049","is_ascension_mode":false,"campfire_choices":[{"data":"Gash","floor":6.0,"key":"SMITH"},{"data":"Go for the Eyes","floor":10.0,"key":"SMITH"},{"data":"Good Instincts","floor":13.0,"key":"SMITH"},{"data":"Go for the Eyes","floor":15.0,"key":"SMITH"},{"data":"Dualcast","floor":23.0,"key":"SMITH"},{"data":"Seek","floor":25.0,"key":"SMITH"},{"data":"Conserve Battery","floor":27.0,"key":"SMITH"},{"data":"Stack","floor":30.0,"key":"SMITH"},{"data":"Defend_B","floor":32.0,"key":"SMITH"},{"data":"Hologram","floor":40.0,"key":"SMITH"},{"floor":47,"key":"REST"},{"data":"Gash","floor":49,"key":"SMITH"}],"neow_cost":"CURSE","seed_source_timestamp":0,"circlet_count":0,"master_deck":["Strike_B","Strike_B","Strike_B","Defend_B","Defend_B","Defend_B","Defend_B+1","Zap+1","Dualcast+1","Gash+1","Good Instincts+1","Go for the Eyes+1","Go for the Eyes+1","Stack+1","Electrodynamics+1","Seek+1","Conserve Battery+1","Machine Learning+1","Core Surge","Gash+1","Hologram+1","Beam Cell+1","Skim+1","Defragment+1","Gash+1"],"special_seed":0,"relics":["Cracked Core","Ice Cream","Frozen Egg 2","Smiling Mask","Inserter","Red Mask","Lantern","Symbiotic Virus","Bottled Lightning","DataDisk","Lizard Tail","Vajra","Regal Pillow","Old Coin"],"potions_floor_usage":[50,50],"damage_taken":[{"damage":4.0,"enemies":"Small Slimes","floor":1.0,"turns":4.0},{"damage":3.0,"enemies":"Jaw Worm","floor":2.0,"turns":4.0},{"damage":27.0,"enemies":"Lagavulin","floor":7.0,"turns":8.0},{"damage":0.0,"enemies":"2 Louse","floor":8.0,"turns":2.0},{"damage":0.0,"enemies":"Blue Slaver","floor":11.0,"turns":3.0},{"damage":5.0,"enemies":"Exordium Thugs","floor":12.0,"turns":4.0},{"damage":8.0,"enemies":"The Guardian","floor":16.0,"turns":12.0},{"damage":3.0,"enemies":"3 Byrds","floor":18.0,"turns":3.0},{"damage":14.0,"enemies":"Masked Bandits","floor":19.0,"turns":3.0},{"damage":1.0,"enemies":"2 Thieves","floor":21.0,"turns":2.0},{"damage":9.0,"enemies":"Gremlin Leader","floor":24.0,"turns":6.0},{"damage":12.0,"enemies":"Snake Plant","floor":31.0,"turns":3.0},{"damage":17.0,"enemies":"Automaton","floor":33.0,"turns":10.0},{"damage":0.0,"enemies":"Orb Walker","floor":35.0,"turns":3.0},{"damage":0.0,"enemies":"3 Shapes","floor":36.0,"turns":2.0},{"damage":13.0,"enemies":"Transient","floor":38.0,"turns":5.0},{"damage":19.0,"enemies":"Maw","floor":39.0,"turns":8.0},{"damage":1.0,"enemies":"Jaw Worm Horde","floor":41.0,"turns":3.0},{"damage":4,"enemies":"Mind Bloom Boss Battle","floor":46,"turns":8},{"damage":2,"enemies":"Transient","floor":48,"turns":5},{"damage":59,"enemies":"Time Eater","floor":50,"turns":10}],"seed_played":"-3410819222523875694","potions_obtained":[{"floor":7.0,"key":"PowerPotion"},{"floor":8.0,"key":"Energy Potion"},{"floor":11.0,"key":"Poison Potion"},{"floor":21.0,"key":"AttackPotion"},{"floor":35.0,"key":"Swift Potion"}],"is_trial":false,"path_per_floor":["M","M","?","$","?","R","E","M","T","R","M","M","R","$","R","B",null,"M","?","$","M","?","R","E","R","T","R","$","?","R","M","R","B",null,"M","M","$","M","M","R","M","$","T","?","?","?","R","M","R","B",null],"character_chosen":"DEFECT","items_purchased":["Good Instincts","Electrodynamics+1","Lantern","Hologram","Vajra"],"campfire_rested":1,"item_purchase_floors":[4,14,20,37,42],"current_hp_per_floor":[71,68,68,68,57,57,30,30,30,30,30,25,25,25,25,17,75,72,58,58,57,57,57,48,48,48,48,48,48,48,36,36,19,75,75,75,75,62,43,43,42,42,42,42,42,38,71,69,69,10],"gold":518,"neow_bonus":"ONE_RARE_RELIC","is_prod":false,"is_daily":false,"chose_seed":false,"campfire_upgraded":11,"win_rate":0,"timestamp":1561107049,"path_taken":["M","M","?","$","?","R","E","M","T","R","M","M","R","$","R","BOSS","M","?","$","M","?","R","E","R","T","R","$","?","R","M","R","BOSS","M","M","$","M","M","R","M","$","T","?","?","?","R","M","R","BOSS"],"build_version":"2019-01-23","purchased_purges":2,"victory":true,"max_hp_per_floor":[75,75,75,75,75,75,75,75,75,75,75,75,75,75,75,75,75,75,75,75,75,75,75,75,75,75,75,75,75,75,75,75,75,75,75,75,75,75,75,75,75,75,75,71,71,71,71,71,71,71],"card_choices":[{"not_picked":["Stack","Cold Snap","Sweeping Beam"],"picked":"SKIP","floor":1.0},{"not_picked":["White Noise","Redo"],"picked":"Gash","floor":2.0},{"not_picked":["Hello World","Scrape","Force Field"],"picked":"SKIP","floor":7.0},{"not_picked":["Consume","Buffer+1"],"picked":"Go for the Eyes","floor":8.0},{"not_picked":["Hello World+1","Tempest"],"picked":"Go for the Eyes","floor":11.0},{"not_picked":["Streamline","Sweeping Beam"],"picked":"Stack","floor":12.0},{"not_picked":["Electrodynamics+1","Fission"],"picked":"Seek","floor":16.0},{"not_picked":["Streamline+1","Steam","Capacitor+1"],"picked":"SKIP","floor":18.0},{"not_picked":["Cold Snap+1","Go for the Eyes","Compile Driver"],"picked":"SKIP","floor":21.0},{"not_picked":["Rebound","Barrage"],"picked":"Conserve Battery","floor":24.0},{"not_picked":["Lockon","Coolheaded"],"picked":"Machine Learning+1","floor":31.0},{"not_picked":["Multi-Cast","Buffer+1"],"picked":"Core Surge","floor":33.0},{"not_picked":["Coolheaded+1","Reinforced Body+1","Turbo"],"picked":"SKIP","floor":35.0},{"not_picked":["Darkness","Sweeping Beam+1"],"picked":"Gash+1","floor":36.0},{"not_picked":["White Noise+1","Recycle+1","Streamline"],"picked":"SKIP","floor":38.0},{"not_picked":["Electrodynamics+1","Cold Snap"],"picked":"Beam Cell+1","floor":39.0},{"not_picked":["White Noise+1","Darkness+1"],"picked":"Skim+1","floor":41.0},{"not_picked":["Reprogram","Turbo+1"],"picked":"Defragment+1","floor":46},{"not_picked":["Skim","Undo"],"picked":"Gash","floor":48}],"player_experience":633415,"relics_obtained":[{"floor":7.0,"key":"Frozen Egg 2"},{"floor":9.0,"key":"Smiling Mask"},{"floor":19.0,"key":"Red Mask"},{"floor":24.0,"key":"Bottled Lightning"},{"floor":26.0,"key":"DataDisk"},{"floor":43,"key":"Regal Pillow"},{"floor":46,"key":"Old Coin"}],"event_choices":[{"damage_healed":0.0,"max_hp_gain":0.0,"max_hp_loss":0.0,"gold_gain":0.0,"event_name":"Living Wall","player_choice":"Grow","floor":3.0,"gold_loss":0.0,"damage_taken":0.0,"cards_upgraded":["Zap"]},{"damage_healed":0.0,"max_hp_gain":0.0,"max_hp_loss":0.0,"gold_gain":75.0,"event_name":"World of Goop","player_choice":"Gather Gold","floor":5.0,"gold_loss":0.0,"damage_taken":11.0},{"damage_healed":0.0,"max_hp_gain":0.0,"max_hp_loss":0.0,"gold_gain":0.0,"event_name":"Masked Bandits","player_choice":"Fought Bandits","floor":19.0,"gold_loss":0.0,"damage_taken":0.0},{"damage_healed":0.0,"max_hp_gain":0.0,"max_hp_loss":0.0,"gold_gain":0.0,"event_name":"The Mausoleum","player_choice":"Opened","floor":22.0,"gold_loss":0.0,"damage_taken":0.0,"relics_obtained":["Symbiotic Virus"]},{"damage_healed":0.0,"max_hp_gain":0.0,"max_hp_loss":0.0,"gold_gain":0.0,"event_name":"N\u0027loth","player_choice":"Ignored","floor":29.0,"gold_loss":0.0,"damage_taken":0.0},{"damage_healed":0,"gold_gain":0,"player_choice":"Max HP","damage_taken":0,"max_hp_gain":0,"max_hp_loss":4,"event_name":"Winding Halls","floor":44,"gold_loss":0},{"damage_healed":0,"gold_gain":0,"player_choice":"Ignored","damage_taken":0,"max_hp_gain":0,"max_hp_loss":0,"event_name":"Mysterious Sphere","floor":45,"gold_loss":0},{"damage_healed":0,"gold_gain":0,"player_choice":"Fight","damage_taken":0,"max_hp_gain":0,"max_hp_loss":0,"event_name":"MindBloom","floor":46,"gold_loss":0}],"is_beta":false,"boss_relics":[{"not_picked":["Snecko Eye","Eternal Feather"],"picked":"Inserter"},{"not_picked":["Velvet Choker","Black Star"],"picked":"Lizard Tail"}],"items_purged_floors":[14,28],"is_endless":false,"potions_floor_spawned":[7,8,11,18,21,35,38],"ascension_level":0}