{"path_per_floor":["M","?","M","M","$","R","E","?","T","R","M","M","E","$","R","B",null,"M","?","M","$","M","R","?","$","T","M","E","M","R","M","R","B",null,"M","M","?","?","M","R","M","R","T","M","?","R","M","E","R","B"],"character_chosen":"IRONCLAD","items_purchased":["Brutality","Whirlwind","Shrug It Off","Shrug It Off"],"gold_per_floor":[112,287,305,324,104,104,130,130,130,130,148,162,193,12,12,116,116,133,133,151,106,125,125,125,78,103,121,152,166,166,179,179,275,275,286,300,300,300,315,315,325,325,325,343,343,343,355,382,382,382],"floor_reached":51,"campfire_rested":0,"playtime":4410,"item_purchase_floors":[],"current_hp_per_floor":[72,72,70,72,72,72,72,72,72,72,72,72,72,72,72,66,72,67,67,64,64,52,52,50,50,50,46,50,50,50,50,50,50,50,46,48,48,64,64,64,64,64,64,64,56,56,64,64,64,49],"items_purged":["Doubt","Strike_R"],"gold":382,"score":984,"play_id":"bff3d3df-8181-41c2-98f3-28b4cb28beca","local_time":"20180626205143","is_prod":false,"is_daily":false,"chose_seed":false,"is_ascension_mode":false,"campfire_upgraded":10,"win_rate":0,"timestamp":1530039103,"campfire_choices":[{"data":"Armaments","floor":6.0,"key":"SMITH"},{"data":"Cleave","floor":10.0,"key":"SMITH"},{"data":"Body Slam","floor":15.0,"key":"SMITH"},{"data":"Barricade","floor":23,"key":"SMITH"},{"data":"Shrug It Off","floor":30,"key":"SMITH"},{"data":"Inflame","floor":32,"key":"SMITH"},{"data":"Brutality","floor":40,"key":"SMITH"},{"data":"Body Slam","floor":42,"key":"SMITH"},{"data":"Entrench","floor":46,"key":"SMITH"},{"data":"Impervious","floor":49,"key":"SMITH"}],"path_taken":["M","?","?","M","$","R","E","?","T","R","M","M","E","$","R","BOSS","M","?","M","$","?","R","?","$","T","M","E","M","R","M","R","BOSS","M","M","?","?","M","R","M","R","T","M","?","R","?","E","R","BOSS"],"build_version":"2018-06-21","seed_source_timestamp":0,"purchased_purges":2,"circlet_count":0,"victory":true,"master_deck":["Defend_R","Defend_R","Defend_R","Defend_R","Bash","Flex+1","Armaments+1","Cleave+1","Brutality+1","Metallicize+1","Twin Strike+1","Body Slam+1","Whirlwind","Barricade+1","Rampage+1","Inflame+1","Shrug It Off+1","Iron Wave+1","Bite","Bite","Bite","Bite","Shrug It Off+1","Body Slam+1","Shrug It Off+1","Impervious+1","Body Slam+1","Entrench+1","Madness","Madness"],"max_hp_per_floor":[72,72,72,72,72,72,72,72,72,72,72,72,72,72,72,72,72,72,72,72,72,72,72,50,50,50,50,50,50,50,50,50,50,50,50,50,50,64,64,64,64,64,64,64,64,64,64,64,64,64],"special_seed":17708,"relics":["Burning Blood","Torii","Thread and Needle","Shuriken","Lantern","Coffee Dripper","War Paint","Whetstone","White Beast Statue","Mango","Toolbox","Bag of Marbles"],"card_choices":[{"not_picked":["Cleave","Rage"],"picked":"Flex","floor":1.0},{"not_picked":["Anger","Evolve"],"picked":"Armaments","floor":3.0},{"not_picked":["Thunderclap","Intimidate"],"picked":"Cleave","floor":4.0},{"not_picked":["Iron Wave","Ghostly Armor"],"picked":"Metallicize","floor":7.0},{"not_picked":["Burning Pact","Feel No Pain"],"picked":"Twin Strike","floor":11.0},{"not_picked":["Clothesline","Clash","Infernal Blade"],"picked":"SKIP","floor":12.0},{"not_picked":["Clothesline","Rage"],"picked":"Body Slam","floor":13.0},{"not_picked":["Double Tap","Impervious"],"picked":"Barricade","floor":16.0},{"not_picked":["Dropkick","Armaments"],"picked":"Rampage+1","floor":18.0},{"not_picked":["Rampage","Havoc","Sentinel"],"picked":"SKIP","floor":20.0},{"not_picked":["Entrench+1","Headbutt"],"picked":"Iron Wave","floor":22.0},{"not_picked":["Perfected Strike","Sword Boomerang+1","Armaments"],"picked":"SKIP","floor":27},{"not_picked":["Shockwave","Entrench","Rampage"],"picked":"SKIP","floor":28},{"not_picked":["Armaments+1","Pommel Strike+1"],"picked":"Body Slam","floor":29},{"not_picked":["Whirlwind","Sword Boomerang+1"],"picked":"Shrug It Off+1","floor":31},{"not_picked":["Reaper","Barricade"],"picked":"Impervious","floor":33},{"not_picked":["Armaments+1","Sword Boomerang+1","Searing Blow+1"],"picked":"SKIP","floor":35},{"not_picked":["Wild Strike+1","Cleave+1","Clash+1"],"picked":"SKIP","floor":36},{"not_picked":["Twin Strike+1","Carnage+1"],"picked":"Body Slam+1","floor":38},{"not_picked":["Cleave","Perfected Strike","Thunderclap"],"picked":"SKIP","floor":39},{"not_picked":["Burning Pact","Reaper","Armaments"],"picked":"SKIP","floor":41},{"not_picked":["Anger","Warcry"],"picked":"Entrench","floor":44},{"not_picked":["Shockwave","Rage+1","Body Slam+1"],"picked":"SKIP","floor":47},{"not_picked":["Carnage+1","Twin Strike","Havoc"],"picked":"SKIP","floor":48}],"player_experience":512013,"potions_floor_usage":[28,28,33,33,38,50,50,50],"damage_taken":[{"damage":4.0,"enemies":"Small Slimes","floor":1.0,"turns":6.0},{"damage":8.0,"enemies":"2 Louse","floor":3.0,"turns":3.0},{"damage":2.0,"enemies":"Cultist","floor":4.0,"turns":5.0},{"damage":5.0,"enemies":"3 Sentries","floor":7.0,"turns":7.0},{"damage":3.0,"enemies":"Exordium Wildlife","floor":11.0,"turns":3.0},{"damage":2.0,"enemies":"Exordium Thugs","floor":12.0,"turns":3.0},{"damage":6.0,"enemies":"Lagavulin","floor":13.0,"turns":7.0},{"damage":12.0,"enemies":"The Guardian","floor":16.0,"turns":13.0},{"damage":11.0,"enemies":"2 Thieves","floor":18.0,"turns":3.0},{"damage":9.0,"enemies":"Chosen","floor":20.0,"turns":3.0},{"damage":18.0,"enemies":"Slaver and Parasite","floor":22.0,"turns":5.0},{"damage":13,"enemies":"Chosen and Byrds","floor":27,"turns":6},{"damage":2,"enemies":"Slavers","floor":28,"turns":5},{"damage":0,"enemies":"Snake Plant","floor":29,"turns":5},{"damage":1,"enemies":"3 Cultists","floor":31,"turns":4},{"damage":15,"enemies":"Champ","floor":33,"turns":9},{"damage":12,"enemies":"Flame Bruiser 1 Orb","floor":35,"turns":6},{"damage":12,"enemies":"Orb Walker","floor":36,"turns":6},{"damage":8,"floor":38,"turns":7},{"damage":6,"enemies":"4 Shapes","floor":39,"turns":7},{"damage":4,"enemies":"3 Darklings","floor":41,"turns":5},{"damage":15,"enemies":"Sphere and 2 Shapes","floor":44,"turns":9},{"damage":4,"enemies":"Transient","floor":47,"turns":5},{"damage":6,"enemies":"Giant Head","floor":48,"turns":7},{"damage":54,"enemies":"Awakened One","floor":50,"turns":11}],"relics_obtained":[{"floor":7.0,"key":"Thread and Needle"},{"floor":9.0,"key":"Shuriken"},{"floor":13.0,"key":"Lantern"},{"floor":26,"key":"War Paint"},{"floor":28,"key":"Whetstone"},{"floor":38,"key":"Mango"},{"floor":43,"key":"Toolbox"},{"floor":48,"key":"Bag of Marbles"}],"event_choices":[{"event_name":"Liars Game","player_choice":"agreed","floor":2.0,"damage_taken":0.0},{"event_name":"Living Wall","player_choice":"Grow","floor":8.0,"damage_taken":0.0},{"event_name":"The Library","player_choice":"Read","floor":19.0,"damage_taken":0.0},{"event_name":"Vampires","player_choice":"Became a vampire","floor":24,"damage_taken":0},{"event_name":"Falling","player_choice":"Removed Attack","floor":37,"damage_taken":0},{"event_name":"MindBloom","player_choice":"Fight","floor":38,"damage_taken":0},{"event_name":"Winding Halls","player_choice":"Embrace Madness","floor":45,"damage_taken":0}],"boss_relics":[{"not_picked":["Snecko Eye","Sozu"],"picked":"Coffee Dripper"},{"not_picked":["Fusion Hammer","Mark of Pain"],"picked":"White Beast Statue"}],"items_purged_floors":[],"is_endless":false,"potions_floor_spawned":[3,4,11,16,20,27,28,31,35,36,38,39,41,44,47,48],"seed_played":"8809156499812072424","ascension_level":0,"potions_obtained":[{"floor":3.0,"key":"Swift Potion"},{"floor":4.0,"key":"EssenceOfSteel"},{"floor":11.0,"key":"BloodPotion"},{"floor":16.0,"key":"Poison Potion"},{"floor":20.0,"key":"PowerPotion"},{"floor":27,"key":"SteroidPotion"},{"floor":28,"key":"Poison Potion"},{"floor":31,"key":"PowerPotion"},{"floor":35,"key":"Fire Potion"},{"floor":36,"key":"GamblersBrew"},{"floor":38,"key":"AttackPotion"},{"floor":41,"key":"Explosive Potion"},{"floor":47,"key":"Dexterity Potion"},{"floor":48,"key":"Regen Potion"}],"is_trial":false}