{"gold_per_floor":[117,134,145,67,85,118,118,144,144,176,176,176,27,61,61,160,160,170,182,182,202,202,233,244,269,269,269,281,281,293,313,313,410,410,423,443,40,51,66,66,66,91,140,140,160,211,42,55,55,55],"floor_reached":51,"playtime":1774,"items_purged":[],"score":849,"play_id":"c8b4cb62-627f-4ccd-a8af-e3c713b8448b","local_time":"20180909003651","is_ascension_mode":false,"campfire_choices":[{"data":"Sword Boomerang","floor":7.0,"key":"SMITH"},{"floor":12.0,"key":"REST"},{"floor":15.0,"key":"REST"},{"floor":29.0,"key":"REST"},{"data":"Bash","floor":32.0,"key":"SMITH"},{"data":"Demon Form","floor":40.0,"key":"SMITH"},{"data":"Battle Trance","floor":44,"key":"SMITH"},{"data":"Flame Barrier","floor":49,"key":"SMITH"}],"neow_cost":"","seed_source_timestamp":74626161229515,"circlet_count":0,"master_deck":["Strike_R","Strike_R","Strike_R","Strike_R","Strike_R","Defend_R","Defend_R","Defend_R","Defend_R","Bash+1","Whirlwind","Flame Barrier+1","Battle Trance+1","Sword Boomerang+1","Shrug It Off+1","Armaments+1","Reaper+1","Thunderclap+1","Intimidate+1","Demon Form+1","Finesse+1","Twin Strike+1","Dropkick+1","Trip+1"],"special_seed":0,"relics":["Burning Blood","Bag of Marbles","Bird Faced Urn","Molten Egg 2","Toxic Egg 2","Vajra","Shuriken","Busted Crown","Anchor","Pantograph","Blood Vial","Coffee Dripper","Magic Flower","Prayer Wheel","Letter Opener","Bronze Scales","Torii"],"potions_floor_usage":[42,50,50,50,50,50],"damage_taken":[{"damage":0.0,"enemies":"Small Slimes","floor":1.0,"turns":3.0},{"damage":6.0,"enemies":"Cultist","floor":2.0,"turns":3.0},{"damage":11.0,"enemies":"2 Louse","floor":3.0,"turns":2.0},{"damage":0.0,"enemies":"Large Slime","floor":5.0,"turns":5.0},{"damage":41.0,"enemies":"Gremlin Nob","floor":6.0,"turns":5.0},{"damage":24.0,"enemies":"Lagavulin","floor":8.0,"turns":5.0},{"damage":19.0,"enemies":"3 Sentries","floor":10.0,"turns":7.0},{"damage":11.0,"enemies":"Gremlin Nob","floor":14.0,"turns":3.0},{"damage":33.0,"enemies":"The Guardian","floor":16.0,"turns":13.0},{"damage":1.0,"enemies":"Shell Parasite","floor":18.0,"turns":4.0},{"damage":0.0,"enemies":"3 Byrds","floor":19.0,"turns":3.0},{"damage":1.0,"enemies":"3 Cultists","floor":21.0,"turns":4.0},{"damage":14.0,"enemies":"Slavers","floor":23.0,"turns":3.0},{"damage":19.0,"enemies":"Snake Plant","floor":24.0,"turns":4.0},{"damage":31.0,"enemies":"Book of Stabbing","floor":25.0,"turns":6.0},{"damage":14.0,"enemies":"Chosen and Byrds","floor":28.0,"turns":6.0},{"damage":8.0,"enemies":"Shelled Parasite and Fungi","floor":30.0,"turns":5.0},{"damage":16.0,"enemies":"Snake Plant","floor":31.0,"turns":4.0},{"damage":96.0,"enemies":"Collector","floor":33.0,"turns":12.0},{"damage":10.0,"enemies":"Orb Walker","floor":35.0,"turns":4.0},{"damage":38.0,"enemies":"3 Shapes","floor":36.0,"turns":4.0},{"damage":47.0,"enemies":"Maw","floor":38.0,"turns":6.0},{"damage":8.0,"enemies":"Reptomancer","floor":39.0,"turns":5.0},{"damage":0.0,"enemies":"Mind Bloom Boss Battle","floor":41.0,"turns":5.0},{"damage":40,"enemies":"2 Orb Walkers","floor":42,"turns":5},{"damage":0,"enemies":"3 Darklings","floor":45,"turns":2},{"damage":9,"enemies":"Mysterious Sphere","floor":46,"turns":3},{"damage":1,"enemies":"Maw","floor":48,"turns":5},{"damage":15,"enemies":"Time Eater","floor":50,"turns":6}],"seed_played":"8734886912593211079","potions_obtained":[{"floor":1.0,"key":"Swift Potion"},{"floor":2.0,"key":"EssenceOfSteel"},{"floor":8.0,"key":"FearPotion"},{"floor":10.0,"key":"FearPotion"},{"floor":16.0,"key":"Poison Potion"},{"floor":19.0,"key":"Dexterity Potion"},{"floor":21.0,"key":"Fire Potion"},{"floor":23.0,"key":"EntropicBrew"},{"floor":33.0,"key":"SteroidPotion"},{"floor":39.0,"key":"Fire Potion"},{"floor":42,"key":"FearPotion"},{"floor":45,"key":"Swift Potion"},{"floor":46,"key":"EntropicBrew"}],"is_trial":false,"path_per_floor":["M","M","M","$","M","E","R","E","T","E","?","R","$","E","R","B",null,"M","M","$","M","$","E","M","E","T","?","M","R","M","M","R","B",null,"M","M","$","M","M","R","?","E","T","R","M","?","$","M","R","B"],"character_chosen":"IRONCLAD","items_purchased":["Battle Trance","Vajra","Magic Flower","Finesse+1","Dropkick+1","Trip+1"],"campfire_rested":3,"item_purchase_floors":[4,13,37,37,47,47],"current_hp_per_floor":[80,80,75,75,80,45,45,27,27,14,14,38,38,33,57,30,80,80,80,80,80,80,72,59,43,43,28,28,53,71,63,63,12,85,81,53,53,35,66,66,85,57,57,57,69,72,72,85,85,79],"gold":55,"neow_bonus":"","is_prod":false,"is_daily":false,"chose_seed":false,"campfire_upgraded":5,"win_rate":0,"timestamp":1536442611,"path_taken":["M","M","M","$","M","E","R","E","T","E","?","R","$","E","R","BOSS","M","M","$","M","$","E","M","E","T","?","M","R","?","M","R","BOSS","M","M","$","M","M","R","?","E","T","R","M","?","$","M","R","BOSS"],"build_version":"2018-09-06","purchased_purges":0,"victory":true,"max_hp_per_floor":[80,80,80,80,80,80,80,80,80,80,80,80,80,80,80,80,80,80,80,80,80,80,80,80,80,80,85,85,85,85,85,85,85,85,85,85,85,85,85,85,85,85,85,85,85,85,85,85,85,85],"card_choices":[{"not_picked":["Shockwave","Blood for Blood"],"picked":"Whirlwind","floor":1.0},{"not_picked":["Carnage","True Grit","Feel No Pain"],"picked":"SKIP","floor":2.0},{"not_picked":["Searing Blow","Rupture"],"picked":"Flame Barrier","floor":3.0},{"not_picked":["Blood for Blood","Clothesline"],"picked":"Sword Boomerang","floor":5.0},{"not_picked":["Wild Strike","Sever Soul","Searing Blow"],"picked":"SKIP","floor":6.0},{"not_picked":["Carnage","Anger","Thunderclap"],"picked":"SKIP","floor":8.0},{"not_picked":["Carnage+1","Heavy Blade+1"],"picked":"Shrug It Off","floor":10.0},{"not_picked":["Sword Boomerang+1","Dual Wield+1"],"picked":"Armaments+1","floor":14.0},{"not_picked":["Offering+1","Bludgeon+1"],"picked":"Reaper+1","floor":16.0},{"not_picked":["Hemokinesis+1"],"picked":"SKIP","floor":18.0},{"not_picked":["Flex+1"],"picked":"SKIP","floor":19.0},{"not_picked":["Clothesline+1"],"picked":"SKIP","floor":21.0},{"not_picked":[],"picked":"Thunderclap+1","floor":23.0},{"not_picked":["Pummel+1"],"picked":"SKIP","floor":24.0},{"not_picked":["Cleave+1"],"picked":"SKIP","floor":25.0},{"not_picked":["Second Wind+1"],"picked":"SKIP","floor":28.0},{"not_picked":["Armaments+1"],"picked":"SKIP","floor":30.0},{"not_picked":[],"picked":"Intimidate+1","floor":31.0},{"not_picked":[],"picked":"Demon Form","floor":33.0},{"not_picked":["Seeing Red+1"],"picked":"SKIP","floor":35.0},{"not_picked":["Wild Strike+1"],"picked":"SKIP","floor":36.0},{"not_picked":["Thunderclap+1"],"picked":"SKIP","floor":38.0},{"not_picked":["Clash+1"],"picked":"SKIP","floor":39.0},{"not_picked":["Perfected Strike+1"],"picked":"SKIP","floor":42},{"not_picked":[],"picked":"Twin Strike+1","floor":45},{"not_picked":["Warcry+1"],"picked":"SKIP","floor":45},{"not_picked":["Evolve"],"picked":"SKIP","floor":48},{"not_picked":["Wild Strike+1"],"picked":"SKIP","floor":48}],"player_experience":345072,"relics_obtained":[{"floor":6.0,"key":"Bag of Marbles"},{"floor":8.0,"key":"Bird Faced Urn"},{"floor":9.0,"key":"Molten Egg 2"},{"floor":10.0,"key":"Toxic Egg 2"},{"floor":14.0,"key":"Shuriken"},{"floor":23.0,"key":"Anchor"},{"floor":25.0,"key":"Pantograph"},{"floor":26.0,"key":"Blood Vial"},{"floor":41.0,"key":"Prayer Wheel"},{"floor":42,"key":"Letter Opener"},{"floor":43,"key":"Bronze Scales"},{"floor":46,"key":"Torii"}],"event_choices":[{"event_name":"The Woman in Blue","player_choice":"Bought 0 Potions","floor":11.0,"damage_taken":0.0},{"event_name":"Forgotten Altar","player_choice":"Shed Blood","floor":27.0,"damage_taken":0.0},{"event_name":"MindBloom","player_choice":"Fight","floor":41.0,"damage_taken":0.0},{"event_name":"Mysterious Sphere","player_choice":"Fight","floor":46,"damage_taken":0}],"is_beta":false,"boss_relics":[{"not_picked":["Philosopher\u0027s Stone","Mark of Pain"],"picked":"Busted Crown"},{"not_picked":["Snecko Eye","Pandora\u0027s Box"],"picked":"Coffee Dripper"}],"items_purged_floors":[],"is_endless":false,"potions_floor_spawned":[1,2,8,10,16,19,21,23,33,39,41,42,45,46],"ascension_level":0}