{"gold_per_floor":[364,383,136,152,152,152,177,213,213,257,273,223,244,268,268,399,399],"floor_reached":17,"playtime":429,"items_purged":[],"score":169,"play_id":"c7e8144b-68ad-41f6-ab5e-6d55320557a2","local_time":"20180624160322","is_ascension_mode":false,"campfire_choices":[{"data":"Flame Barrier","floor":6,"key":"SMITH"},{"floor":15,"key":"REST"}],"neow_cost":"TEN_PERCENT_HP_LOSS","seed_source_timestamp":81874477988285,"circlet_count":0,"master_deck":["Strike_R","Strike_R","Strike_R","Strike_R","Strike_R","Defend_R","Defend_R","Defend_R","Defend_R","Bash","Perfected Strike","Perfected Strike","Flame Barrier+1","Seeing Red","Shrug It Off","Cleave+1","Berserk"],"relics":["Burning Blood","Dodecahedron","Golden Idol","Molten Egg 2","Bottled Lightning","Centennial Puzzle","Snecko Eye"],"potions_floor_usage":[16],"damage_taken":[{"damage":6,"enemies":"Cultist","floor":1,"turns":3},{"damage":2,"enemies":"2 Louse","floor":2,"turns":3},{"damage":6,"enemies":"Jaw Worm","floor":4,"turns":2},{"damage":12,"enemies":"Blue Slaver","floor":7,"turns":2},{"damage":34,"enemies":"Gremlin Nob","floor":8,"turns":5},{"damage":15,"enemies":"3 Sentries","floor":10,"turns":7},{"damage":3,"enemies":"Red Slaver","floor":11,"turns":3},{"damage":7,"enemies":"Exordium Wildlife","floor":13,"turns":4},{"damage":7,"enemies":"3 Louse","floor":14,"turns":3},{"damage":36,"enemies":"Slime Boss","floor":16,"turns":11}],"seed_played":"3858015393067607662","potions_obtained":[{"floor":2,"key":"Regen Potion"},{"floor":4,"key":"SteroidPotion"},{"floor":8,"key":"Ancient Potion"}],"is_trial":false,"path_per_floor":["M","M","$","M","?","R","M","E","T","E","M","$","M","M","R","B"],"character_chosen":"IRONCLAD","items_purchased":["Dodecahedron","Cleave+1"],"campfire_rested":1,"item_purchase_floors":[3,12],"current_hp_per_floor":[72,72,72,72,67,67,61,33,33,24,27,27,26,25,45,15,67],"gold":399,"neow_bonus":"TWO_FIFTY_GOLD","is_prod":false,"is_daily":false,"chose_seed":false,"campfire_upgraded":1,"win_rate":0,"timestamp":1529845402,"path_taken":["M","M","$","M","?","R","?","E","T","E","M","$","M","M","R","BOSS"],"build_version":"2018-06-21v2","purchased_purges":0,"victory":false,"max_hp_per_floor":[72,72,72,72,67,67,67,67,67,67,67,67,67,67,67,67,67],"card_choices":[{"not_picked":["Armaments","Heavy Blade"],"picked":"Perfected Strike","floor":1},{"not_picked":["True Grit","Iron Wave"],"picked":"Perfected Strike","floor":2},{"not_picked":["Twin Strike","Corruption"],"picked":"Flame Barrier","floor":4},{"not_picked":["Combust","Wild Strike","Shockwave"],"picked":"SKIP","floor":7},{"not_picked":["Flex","Pommel Strike"],"picked":"Seeing Red","floor":8},{"not_picked":["Fire Breathing","Uppercut+1","Searing Blow+1"],"picked":"SKIP","floor":10},{"not_picked":["Perfected Strike+1","Heavy Blade+1"],"picked":"Shrug It Off","floor":11},{"not_picked":["Wild Strike+1","Seeing Red","Corruption"],"picked":"SKIP","floor":13},{"not_picked":["Evolve","Metallicize","Heavy Blade+1"],"picked":"SKIP","floor":14},{"not_picked":["Dark Embrace","Impervious"],"picked":"Berserk","floor":16}],"player_experience":157909,"relics_obtained":[{"floor":8,"key":"Molten Egg 2"},{"floor":9,"key":"Bottled Lightning"},{"floor":10,"key":"Centennial Puzzle"}],"event_choices":[{"event_name":"Golden Idol","player_choice":"Lose Max HP","floor":5,"damage_taken":0}],"boss_relics":[{"not_picked":["White Beast Statue","Astrolabe"],"picked":"Snecko Eye"}],"items_purged_floors":[],"is_endless":false,"potions_floor_spawned":[2,4,8,10,14],"ascension_level":0}