{"gold_per_floor":[113,128,139,156,166,199,199,199,199,211,229,249,6,35,35,140,140,150,161,161,180,195,223,234,234,234,263,278,298,398,426,426,528,528,547,563,15,26,75,100,100,135,135,151,167,167,36,47,47,47,47,47,47,80,80],"floor_reached":56,"playtime":17529,"items_purged":["Pain","Strike_B"],"score":1412,"play_id":"c325cd00-b3c6-4082-ae2a-821f1b68e6d6","local_time":"20190702122452","is_ascension_mode":false,"campfire_choices":[{"floor":8.0,"key":"REST"},{"data":"Static Discharge","floor":15.0,"key":"SMITH"},{"floor":25.0,"key":"REST"},{"floor":32.0,"key":"REST"},{"floor":46,"key":"RECALL"},{"data":"Biased Cognition","floor":49,"key":"SMITH"},{"data":"Beam Cell","floor":52,"key":"SMITH"}],"neow_cost":"NONE","seed_source_timestamp":0,"circlet_count":0,"master_deck":["Defend_B","Defend_B","Defend_B","Defend_B","Zap","Dualcast","BootSequence","Conserve Battery","Beam Cell+1","Loop","Loop","Creative AI","Static Discharge+1","Loop","Ball Lightning","Gash+1","Leap","Biased Cognition+1","Reinforced Body+1","Ball Lightning+1","Hyperbeam+1","Heatsinks+1","Stack","FTL+1","Cold Snap","Reprogram+1","Loop","Sunder","Heatsinks+1","Capacitor+1","Chill","Buffer+1","White Noise","Ball Lightning+1","Heatsinks+1","Fusion","Gash+1","Core Surge","Forethought","White Noise","Rebound+1","Loop+1","Heatsinks+1","Gash","Aggregate+1","Darkness+1"],"special_seed":0,"relics":["Eternal Feather","Regal Pillow","WarpedTongs","Omamori","PreservedInsect","Astrolabe","Mummified Hand","Bag of Preparation","Frozen Egg 2","Letter Opener","Pocketwatch","Shuriken","Mercury Hourglass","Sozu","Strawberry","HandDrill","Gambling Chip","Whetstone","Pantograph","Bag of Marbles","Pen Nib"],"potions_floor_usage":[],"damage_taken":[{"damage":6.0,"enemies":"Jaw Worm","floor":1.0,"turns":3.0},{"damage":1.0,"enemies":"Cultist","floor":2.0,"turns":3.0},{"damage":0.0,"enemies":"2 Louse","floor":3.0,"turns":3.0},{"damage":6.0,"enemies":"Exordium Wildlife","floor":4.0,"turns":6.0},{"damage":0.0,"enemies":"2 Fungi Beasts","floor":5.0,"turns":5.0},{"damage":34.0,"enemies":"Gremlin Nob","floor":6.0,"turns":5.0},{"damage":10.0,"enemies":"Lots of Slimes","floor":10.0,"turns":5.0},{"damage":5.0,"enemies":"Exordium Wildlife","floor":11.0,"turns":4.0},{"damage":5.0,"enemies":"Red Slaver","floor":12.0,"turns":3.0},{"damage":4.0,"enemies":"3 Sentries","floor":14.0,"turns":6.0},{"damage":24.0,"enemies":"Hexaghost","floor":16.0,"turns":7.0},{"damage":23.0,"enemies":"3 Byrds","floor":18.0,"turns":5.0},{"damage":5.0,"enemies":"2 Thieves","floor":19.0,"turns":4.0},{"damage":13.0,"enemies":"3 Cultists","floor":21.0,"turns":6.0},{"damage":6.0,"enemies":"Centurion and Healer","floor":22.0,"turns":4.0},{"damage":18.0,"enemies":"Gremlin Leader","floor":23.0,"turns":4.0},{"damage":3.0,"enemies":"Snake Plant","floor":24.0,"turns":4.0},{"damage":14.0,"enemies":"Slavers","floor":27.0,"turns":4.0},{"damage":23.0,"enemies":"Snecko","floor":28.0,"turns":5.0},{"damage":4.0,"enemies":"Shelled Parasite and Fungi","floor":29.0,"turns":3.0},{"damage":2.0,"enemies":"Colosseum Slavers","floor":30.0,"turns":4.0},{"damage":4.0,"enemies":"Colosseum Nobs","floor":30.0,"turns":2.0},{"damage":0.0,"enemies":"Book of Stabbing","floor":31.0,"turns":4.0},{"damage":45.0,"enemies":"Collector","floor":33.0,"turns":7.0},{"damage":24,"enemies":"Orb Walker","floor":35,"turns":5},{"damage":0,"enemies":"3 Shapes","floor":36,"turns":5},{"damage":0,"enemies":"Jaw Worm Horde","floor":38,"turns":4},{"damage":4,"enemies":"2 Orb Walkers","floor":39,"turns":3},{"damage":0,"enemies":"Nemesis","floor":40,"turns":4},{"damage":0,"enemies":"Giant Head","floor":42,"turns":4},{"damage":3,"enemies":"Writhing Mass","floor":44,"turns":3},{"damage":0,"enemies":"Transient","floor":45,"turns":5},{"damage":3,"enemies":"4 Shapes","floor":48,"turns":2},{"damage":32,"enemies":"Time Eater","floor":50,"turns":6},{"damage":50,"enemies":"Shield and Spear","floor":54,"turns":5},{"damage":56,"enemies":"The Heart","floor":55,"turns":5}],"seed_played":"7514480126531920154","potions_obtained":[{"floor":1.0,"key":"GamblersBrew"},{"floor":3.0,"key":"Energy Potion"},{"floor":5.0,"key":"EssenceOfSteel"},{"floor":14.0,"key":"SkillPotion"},{"floor":18.0,"key":"LiquidBronze"},{"floor":21.0,"key":"Weak Potion"},{"floor":27.0,"key":"FearPotion"},{"floor":28.0,"key":"SkillPotion"},{"floor":29.0,"key":"LiquidBronze"},{"floor":30.0,"key":"Weak Potion"}],"is_trial":false,"path_per_floor":["M","M","M","M","M","E","?","R","T","M","M","M","$","E","R","B",null,"M","M","?","M","M","E","M","R","T","E","M","M","?","E","R","B",null,"M","M","$","M","?","E","?","E","T","M","M","R","$","M","R","B",null,"R","$","E","B",null],"character_chosen":"DEFECT","items_purchased":["Omamori","Gash","Heatsinks+1","Strawberry","Fusion","HandDrill","Heatsinks+1","Gash"],"campfire_rested":3,"item_purchase_floors":[13,13,37,37,37,37,47,47],"current_hp_per_floor":[69,68,68,62,62,28,28,74,74,64,59,54,54,50,62,38,75,52,47,47,34,28,10,7,59,59,45,22,18,12,12,67,22,75,51,51,58,58,54,54,54,54,54,51,51,75,75,72,82,50,82,82,82,32,1],"gold":80,"neow_bonus":"BOSS_RELIC","is_prod":false,"is_daily":false,"chose_seed":false,"campfire_upgraded":3,"win_rate":0,"timestamp":1562088292,"path_taken":["M","M","M","M","M","E","?","R","T","M","M","?","$","E","R","BOSS","M","M","?","M","M","E","M","R","T","E","M","?","?","E","R","BOSS","M","M","$","M","?","E","?","E","T","M","M","R","?","M","R","BOSS","R","$","E","BOSS"],"build_version":"2019-07-01","purchased_purges":2,"victory":true,"max_hp_per_floor":[75,75,75,75,75,75,75,75,75,75,75,75,75,75,75,75,75,75,75,75,75,75,75,75,75,75,75,75,75,75,75,75,75,75,75,75,82,82,82,82,82,82,82,82,82,82,82,82,82,82,82,82,82,82,82],"card_choices":[{"not_picked":["Go for the Eyes","Chill"],"picked":"BootSequence","floor":1.0},{"not_picked":["Sweeping Beam","Capacitor"],"picked":"Conserve Battery","floor":2.0},{"not_picked":["Coolheaded","Turbo"],"picked":"Beam Cell","floor":3.0},{"not_picked":["Conserve Battery","Compile Driver"],"picked":"Loop","floor":4.0},{"not_picked":["Reinforced Body","Glacier"],"picked":"Loop","floor":5.0},{"not_picked":["Force Field","Gash"],"picked":"Creative AI","floor":6.0},{"not_picked":["Stack","Steam"],"picked":"Static Discharge","floor":10.0},{"not_picked":["Leap","Consume"],"picked":"Loop","floor":11.0},{"not_picked":["Rebound","Gash"],"picked":"Ball Lightning","floor":12.0},{"not_picked":["Tempest","Glacier"],"picked":"Leap","floor":14.0},{"not_picked":["Amplify","Buffer"],"picked":"Biased Cognition","floor":16.0},{"not_picked":["Hologram","Steam"],"picked":"Heatsinks+1","floor":18.0},{"not_picked":["Turbo","Beam Cell"],"picked":"Stack","floor":19.0},{"not_picked":["Blizzard","Turbo"],"picked":"FTL+1","floor":21.0},{"not_picked":["Rip and Tear","Auto Shields"],"picked":"Cold Snap","floor":22.0},{"not_picked":["Steam","Sweeping Beam"],"picked":"Reprogram+1","floor":23.0},{"not_picked":["Sunder","Hologram"],"picked":"Loop","floor":24.0},{"not_picked":["Multi-Cast","Undo"],"picked":"Sunder","floor":27.0},{"not_picked":["Cold Snap+1","Barrage"],"picked":"Heatsinks+1","floor":28.0},{"not_picked":["Barrage+1","Conserve Battery"],"picked":"Capacitor+1","floor":29.0},{"not_picked":["Barrage","Coolheaded"],"picked":"Chill","floor":31.0},{"not_picked":["Reboot","Hyperbeam"],"picked":"Buffer+1","floor":33.0},{"not_picked":["Auto Shields","Compile Driver+1"],"picked":"White Noise","floor":35},{"not_picked":["Coolheaded","Gash"],"picked":"Ball Lightning+1","floor":36},{"not_picked":["Turbo","Barrage","Reprogram"],"picked":"SKIP","floor":38},{"not_picked":["Chaos","Cold Snap+1"],"picked":"Gash","floor":39},{"not_picked":["Heatsinks+1","Undo+1"],"picked":"Core Surge","floor":40},{"not_picked":["Panacea","Discovery"],"picked":"Forethought","floor":41},{"not_picked":["Coolheaded+1","Cold Snap+1"],"picked":"White Noise","floor":42},{"not_picked":["Compile Driver","Melter+1"],"picked":"Rebound+1","floor":44},{"not_picked":["Leap+1","Rebound+1"],"picked":"Loop+1","floor":45},{"not_picked":["FTL+1","Go for the Eyes"],"picked":"Aggregate+1","floor":48},{"not_picked":["Coolheaded","Compile Driver"],"picked":"Darkness+1","floor":54}],"player_experience":146242,"relics_obtained":[{"floor":6.0,"key":"Regal Pillow"},{"floor":14.0,"key":"PreservedInsect"},{"floor":23.0,"key":"Bag of Preparation"},{"floor":26.0,"key":"Frozen Egg 2"},{"floor":27.0,"key":"Letter Opener"},{"floor":30.0,"key":"Pocketwatch"},{"floor":30.0,"key":"Shuriken"},{"floor":31.0,"key":"Mercury Hourglass"},{"floor":39,"key":"Gambling Chip"},{"floor":40,"key":"Whetstone"},{"floor":42,"key":"Pantograph"},{"floor":43,"key":"Bag of Marbles"},{"floor":54,"key":"Pen Nib"}],"event_choices":[{"damage_healed":0.0,"max_hp_gain":0.0,"max_hp_loss":0.0,"gold_gain":0.0,"event_name":"Accursed Blacksmith","player_choice":"Rummage","floor":7.0,"gold_loss":0.0,"damage_taken":0.0,"relics_obtained":["WarpedTongs"],"cards_obtained":["Pain"]},{"damage_healed":0.0,"max_hp_gain":0.0,"max_hp_loss":0.0,"gold_gain":0.0,"event_name":"WeMeetAgain","player_choice":"Gave Potion","floor":20.0,"gold_loss":0.0,"damage_taken":0.0,"relics_obtained":["Mummified Hand"]},{"damage_healed":0.0,"max_hp_gain":0.0,"max_hp_loss":0.0,"gold_gain":0.0,"event_name":"Colosseum","player_choice":"Fight","floor":30.0,"gold_loss":0.0,"damage_taken":0.0},{"damage_healed":0.0,"max_hp_gain":0.0,"max_hp_loss":0.0,"gold_gain":0.0,"event_name":"Colosseum","player_choice":"Fought Nobs","floor":30.0,"gold_loss":0.0,"damage_taken":0.0},{"damage_healed":0,"gold_gain":0,"player_choice":"Fight","damage_taken":0,"max_hp_gain":0,"max_hp_loss":0,"event_name":"Mysterious Sphere","floor":39,"gold_loss":0},{"damage_healed":0,"gold_gain":0,"player_choice":"Memory 1","damage_taken":0,"max_hp_gain":0,"max_hp_loss":0,"event_name":"SensoryStone","floor":41,"gold_loss":0}],"is_beta":false,"boss_relics":[{"not_picked":["Runic Dome","Tiny House"],"picked":"Astrolabe"},{"not_picked":["White Beast Statue","Orrery"],"picked":"Sozu"}],"items_purged_floors":[13,37],"is_endless":false,"potions_floor_spawned":[1,3,5,12,14,18,21,27,28,29,30,39,40,42,44],"ascension_level":0}