{"gold_per_floor":[114,114,126,51,66,94,94,94,94,104,139,158,171,200,200,297,297,315,327,227,227,244,244,255,275,275,150,165,178,178,128,128,228,228,246,196,208,219,219,244,258,268,268,268,25,42,54,72,72,72],"floor_reached":51,"playtime":1448,"items_purged":["Scrape","Prepared","Steam","Go for the Eyes+1","Go for the Eyes+1"],"score":1257,"play_id":"6d6d04fe-5621-4b2f-b264-e7f4210a1bb1","local_time":"20190713090345","daily_mods":["SealedDeck","Vintage","Diverse"],"is_ascension_mode":false,"campfire_choices":[{"data":"Streamline","floor":8,"key":"SMITH"},{"data":"Clash","floor":15,"key":"SMITH"},{"data":"Deflect","floor":23,"key":"SMITH"},{"data":"Double Energy","floor":32,"key":"SMITH"}],"neow_cost":"","seed_source_timestamp":41892508335204,"circlet_count":0,"master_deck":["Double Energy+1","Streamline+1","Clash+1"],"relics":["Unceasing Top","Frozen Egg 2","Vajra","Blue Candle","Strawberry","Bottled Lightning","Shuriken","Anchor","PreservedInsect","Molten Egg 2","Bag of Marbles","Coffee Dripper","Paper Frog","Omamori","Whetstone","Question Card","Centennial Puzzle","Ancient Tea Set","Happy Flower","Smiling Mask","Black Star","Juzu Bracelet","Orichalcum","Pear","Ornamental Fan","War Paint","Blood Vial","Self Forming Clay","Bag of Preparation","Sundial","Dodecahedron","Bronze Scales","Lantern"],"potions_floor_usage":[50,50,50],"damage_taken":[{"damage":0,"enemies":"2 Louse","floor":1,"turns":2},{"damage":0,"enemies":"Cultist","floor":3,"turns":1},{"damage":0,"enemies":"Jaw Worm","floor":5,"turns":1},{"damage":0,"enemies":"Gremlin Nob","floor":6,"turns":1},{"damage":0,"enemies":"Exordium Wildlife","floor":10,"turns":1},{"damage":0,"enemies":"Lagavulin","floor":11,"turns":1},{"damage":0,"enemies":"Exordium Thugs","floor":12,"turns":1},{"damage":0,"enemies":"Large Slime","floor":13,"turns":1},{"damage":0,"enemies":"3 Sentries","floor":14,"turns":1},{"damage":0,"enemies":"Slime Boss","floor":16,"turns":1},{"damage":0,"enemies":"Shell Parasite","floor":18,"turns":1},{"damage":0,"enemies":"3 Byrds","floor":19,"turns":1},{"damage":0,"enemies":"Snecko","floor":22,"turns":1},{"damage":0,"enemies":"Snake Plant","floor":24,"turns":1},{"damage":0,"enemies":"Cultist and Chosen","floor":25,"turns":1},{"damage":0,"enemies":"Snecko","floor":28,"turns":1},{"damage":0,"enemies":"Snake Plant","floor":29,"turns":1},{"damage":0,"enemies":"Collector","floor":33,"turns":1},{"damage":0,"enemies":"3 Darklings","floor":35,"turns":1},{"damage":0,"enemies":"3 Shapes","floor":37,"turns":1},{"damage":0,"enemies":"Transient","floor":38,"turns":1},{"damage":0,"enemies":"Nemesis","floor":40,"turns":1},{"damage":0,"enemies":"3 Darklings","floor":41,"turns":1},{"damage":0,"enemies":"Writhing Mass","floor":42,"turns":1},{"damage":0,"enemies":"Sphere and 2 Shapes","floor":46,"turns":1},{"damage":0,"enemies":"4 Shapes","floor":47,"turns":1},{"damage":0,"enemies":"Writhing Mass","floor":48,"turns":1},{"damage":0,"enemies":"Donu and Deca","floor":50,"turns":1}],"seed_played":"6196228147024638694","potions_obtained":[{"floor":3,"key":"Poison Potion"},{"floor":5,"key":"Block Potion"},{"floor":13,"key":"SpeedPotion"},{"floor":14,"key":"FearPotion"},{"floor":47,"key":"PowerPotion"}],"is_trial":true,"path_per_floor":["M","?","M","$","M","E","$","R","T","M","E","M","M","E","R","B",null,"M","M","$","?","M","R","M","M","T","$","M","M","?","$","R","B",null,"M","$","M","M","$","E","M","M","T","R","$","M","M","M","R","B",null],"character_chosen":"IRONCLAD","items_purchased":["Sundial"],"campfire_rested":0,"item_purchase_floors":[45],"current_hp_per_floor":[80,80,80,80,80,87,87,87,87,87,87,87,87,87,87,87,87,87,87,87,87,87,87,87,87,87,87,87,87,87,87,87,87,87,87,87,87,97,97,97,97,97,97,97,97,97,97,97,97,97],"gold":72,"neow_bonus":"","is_prod":false,"is_daily":false,"chose_seed":false,"campfire_upgraded":4,"win_rate":0,"timestamp":1563001425,"path_taken":["M","?","M","?","M","E","$","R","T","M","E","M","M","E","R","BOSS","M","M","$","?","M","R","?","M","T","$","M","M","?","$","R","BOSS","M","$","M","M","$","E","M","M","T","R","$","M","M","M","R","BOSS"],"build_version":"2019-07-05","purchased_purges":5,"victory":true,"max_hp_per_floor":[80,80,80,80,80,87,87,87,87,87,87,87,87,87,87,87,87,87,87,87,87,87,87,87,87,87,87,87,87,87,87,87,87,87,87,87,87,97,97,97,97,97,97,97,97,97,97,97,97,97],"card_choices":[{"not_picked":["Sword Boomerang","Flying Knee","Doppelganger"],"picked":"SKIP","floor":6},{"not_picked":["Rip and Tear","Masterful Stab","Whirlwind"],"picked":"SKIP","floor":11},{"not_picked":["Deflect","All Out Attack+1","Hologram"],"picked":"SKIP","floor":14},{"not_picked":["Coolheaded","Skewer+1","Caltrops+1","Redo"],"picked":"SKIP","floor":40}],"player_experience":356545,"relics_obtained":[{"floor":1,"key":"Frozen Egg 2"},{"floor":3,"key":"Vajra"},{"floor":5,"key":"Blue Candle"},{"floor":6,"key":"Strawberry"},{"floor":9,"key":"Bottled Lightning"},{"floor":10,"key":"Shuriken"},{"floor":11,"key":"Anchor"},{"floor":12,"key":"PreservedInsect"},{"floor":13,"key":"Molten Egg 2"},{"floor":14,"key":"Bag of Marbles"},{"floor":18,"key":"Paper Frog"},{"floor":19,"key":"Omamori"},{"floor":22,"key":"Whetstone"},{"floor":24,"key":"Question Card"},{"floor":25,"key":"Centennial Puzzle"},{"floor":26,"key":"Ancient Tea Set"},{"floor":28,"key":"Happy Flower"},{"floor":29,"key":"Smiling Mask"},{"floor":35,"key":"Juzu Bracelet"},{"floor":37,"key":"Orichalcum"},{"floor":38,"key":"Pear"},{"floor":40,"key":"Ornamental Fan"},{"floor":40,"key":"War Paint"},{"floor":41,"key":"Blood Vial"},{"floor":42,"key":"Self Forming Clay"},{"floor":43,"key":"Bag of Preparation"},{"floor":46,"key":"Dodecahedron"},{"floor":47,"key":"Bronze Scales"},{"floor":48,"key":"Lantern"}],"event_choices":[{"cards_removed":["Feel No Pain"],"damage_healed":0,"gold_gain":0,"player_choice":"Card Removal","damage_taken":0,"max_hp_gain":0,"max_hp_loss":0,"event_name":"Wheel of Change","floor":2,"gold_loss":0},{"damage_healed":0,"gold_gain":0,"player_choice":"Forge","damage_taken":0,"max_hp_gain":0,"max_hp_loss":0,"event_name":"Accursed Blacksmith","floor":21,"gold_loss":0,"cards_upgraded":["Go for the Eyes"]},{"cards_removed":["Deflect"],"damage_healed":0,"gold_gain":0,"player_choice":"Elegance","damage_taken":0,"max_hp_gain":0,"max_hp_loss":0,"event_name":"Back to Basics","floor":30,"gold_loss":0}],"is_beta":false,"boss_relics":[{"not_picked":["Philosopher\u0027s Stone","Runic Cube"],"picked":"Coffee Dripper"},{"not_picked":["Eternal Feather","Sozu"],"picked":"Black Star"}],"items_purged_floors":[4,20,27,31,36],"is_endless":false,"potions_floor_spawned":[3,5,13,14,16,22,24,25,38,40,46,47,48],"ascension_level":0}