{"gold_per_floor":[117,117,189,189,214,214,233,29,54,67,103,66,66,96,96,227,227,251,19,19,1,20,54,73,96,121,133,164,176,232,263,275,415,427,460,472,359,375,500,570,570,570,570,608,624,624,574,617,617,617,617,617,216,255,255],"floor_reached":56,"playtime":1376,"items_purged":["Strike_R","Strike_R+1","Decay","Strike_R+1"],"score":1394,"play_id":"6f3af8f2-e471-4212-bc51-c9508852989a","local_time":"20190729100611","is_ascension_mode":false,"campfire_choices":[{"data":"Bash","floor":6.0,"key":"SMITH"},{"data":"Evolve","floor":13.0,"key":"SMITH"},{"data":"Inflame","floor":15.0,"key":"SMITH"},{"data":"Inflame","floor":32,"key":"SMITH"},{"floor":42,"key":"RECALL"},{"floor":46,"key":"REST"},{"floor":49,"key":"REST"},{"floor":52,"key":"REST"}],"neow_cost":"NONE","seed_source_timestamp":4686082145900,"circlet_count":0,"master_deck":["Strike_R+1","Strike_R+1","Defend_R+1","Defend_R+1","Defend_R+1","Bash+1","Whirlwind+1","Inflame+1","Evolve+1","Feed+1","Apotheosis+1","Inflame+1","Impervious+1","Shrug It Off+1","Sword Boomerang+1","Limit Break+1","Double Tap+1","Shrug It Off+1","Heavy Blade+1","Impervious+1"],"special_seed":0,"relics":["Burning Blood","Red Skull","Toxic Egg 2","Golden Idol","Membership Card","Bag of Marbles","Pear","Smiling Mask","Mark of Pain","Chemical X","Boot","MawBank","Orichalcum","Eternal Feather","Centennial Puzzle","Champion Belt","Tiny Chest","Bottled Tornado","Vajra","Letter Opener","Pantograph","HandDrill","Sundial","Oddly Smooth Stone"],"potions_floor_usage":[55,55,55],"damage_taken":[{"damage":1.0,"enemies":"2 Louse","floor":1.0,"turns":2.0},{"damage":3.0,"enemies":"Jaw Worm","floor":5.0,"turns":3.0},{"damage":10.0,"enemies":"Small Slimes","floor":7.0,"turns":4.0},{"damage":15.0,"enemies":"Exordium Thugs","floor":10.0,"turns":3.0},{"damage":26.0,"enemies":"3 Sentries","floor":11.0,"turns":5.0},{"damage":0.0,"enemies":"Slime Boss","floor":16.0,"turns":5.0},{"damage":10.0,"enemies":"3 Byrds","floor":18.0,"turns":4.0},{"damage":25.0,"enemies":"Shell Parasite","floor":22.0,"turns":4.0},{"damage":41.0,"enemies":"Book of Stabbing","floor":23.0,"turns":4.0},{"damage":10.0,"enemies":"Chosen and Byrds","floor":24.0,"turns":4.0},{"damage":15,"enemies":"Shelled Parasite and Fungi","floor":28,"turns":3},{"damage":0,"enemies":"Gremlin Leader","floor":30,"turns":4},{"damage":0,"enemies":"Centurion and Healer","floor":31,"turns":3},{"damage":29,"enemies":"Champ","floor":33,"turns":6},{"damage":15,"enemies":"Orb Walker","floor":35,"turns":4},{"damage":14,"enemies":"3 Darklings","floor":38,"turns":2},{"damage":8,"enemies":"Mind Bloom Boss Battle","floor":39,"turns":5},{"damage":5,"enemies":"Nemesis","floor":40,"turns":5},{"damage":28,"enemies":"Giant Head","floor":44,"turns":6},{"damage":4,"enemies":"Maw","floor":45,"turns":4},{"damage":24,"enemies":"Reptomancer","floor":48,"turns":4},{"damage":38,"enemies":"Donu and Deca","floor":50,"turns":5},{"damage":34,"enemies":"Shield and Spear","floor":54,"turns":5},{"damage":74,"enemies":"The Heart","floor":55,"turns":7}],"seed_played":"-5622438519070497169","potions_obtained":[{"floor":7.0,"key":"Strength Potion"},{"floor":10.0,"key":"PowerPotion"},{"floor":16.0,"key":"FearPotion"},{"floor":23.0,"key":"Strength Potion"}],"is_trial":false,"path_per_floor":["M","?","T","?","M","R","M","$","T","M","E","$","R","?","R","B",null,"M","$","?","$","M","E","M","T","T","?","M","?","E","M","R","B",null,"M","?","$","M","?","E","?","R","T","E","M","R","$","E","R","B",null,"R","$","E","B",null],"character_chosen":"IRONCLAD","items_purchased":["Membership Card","Evolve","Apotheosis+1","Chemical X","Inflame","Centennial Puzzle","Pantograph","HandDrill","Sundial"],"campfire_rested":3,"item_purchase_floors":[8,12,19,19,21,37,53,53,53],"current_hp_per_floor":[80,80,80,60,63,63,59,59,59,50,40,40,40,40,40,46,90,89,89,89,89,70,35,35,35,35,35,26,26,32,42,42,19,101,92,92,92,84,86,91,91,103,103,81,87,113,113,95,113,81,113,113,113,89,46],"gold":255,"neow_bonus":"RANDOM_COMMON_RELIC","is_prod":false,"is_daily":false,"chose_seed":false,"campfire_upgraded":4,"win_rate":0,"timestamp":1564383971,"path_taken":["M","?","?","?","?","R","M","$","T","M","E","$","R","?","R","BOSS","M","$","?","$","?","E","M","?","T","?","M","?","E","M","R","BOSS","M","?","$","M","?","E","?","R","T","E","M","R","$","E","R","BOSS","R","$","E","BOSS"],"build_version":"2019-07-17","purchased_purges":4,"victory":true,"max_hp_per_floor":[80,80,80,80,80,80,80,80,80,80,90,90,90,90,90,90,90,93,93,93,93,93,93,97,97,97,97,97,97,97,101,101,101,101,101,101,101,101,105,109,109,109,109,109,113,113,113,113,113,113,113,113,113,117,117],"card_choices":[{"not_picked":["Wild Strike","Warcry"],"picked":"Whirlwind","floor":1.0},{"not_picked":["Body Slam","Thunderclap","Wild Strike"],"picked":"SKIP","floor":5.0},{"not_picked":["Intimidate+1","Headbutt","Combust"],"picked":"SKIP","floor":7.0},{"not_picked":["Shockwave+1","Metallicize"],"picked":"Inflame","floor":10.0},{"not_picked":["Brutality","Perfected Strike","Second Wind+1"],"picked":"SKIP","floor":11.0},{"not_picked":["Immolate","Juggernaut"],"picked":"Feed","floor":16.0},{"not_picked":["Body Slam","Intimidate+1","True Grit+1"],"picked":"SKIP","floor":18.0},{"not_picked":["True Grit+1","Twin Strike","Headbutt"],"picked":"SKIP","floor":22.0},{"not_picked":["Berserk","Sever Soul"],"picked":"Impervious+1","floor":23.0},{"not_picked":["Cleave","Sentinel+1"],"picked":"Shrug It Off+1","floor":24.0},{"not_picked":["Heavy Blade","Shrug It Off+1"],"picked":"Sword Boomerang+1","floor":28},{"not_picked":["Disarm+1","Metallicize"],"picked":"Limit Break+1","floor":30},{"not_picked":["Uppercut+1","Wild Strike","Armaments+1"],"picked":"SKIP","floor":31},{"not_picked":["Exhume+1","Barricade"],"picked":"Double Tap+1","floor":33},{"not_picked":["True Grit+1","Cleave","Reckless Charge"],"picked":"SKIP","floor":35},{"not_picked":["Sever Soul","Warcry+1","Cleave+1"],"picked":"SKIP","floor":38},{"not_picked":["Wild Strike","Havoc+1"],"picked":"Shrug It Off+1","floor":40},{"not_picked":["Flex+1","Fire Breathing+1"],"picked":"Heavy Blade+1","floor":44},{"not_picked":["Wild Strike","Reckless Charge+1","Flex+1"],"picked":"SKIP","floor":45},{"not_picked":["True Grit+1","Juggernaut","Flex+1"],"picked":"SKIP","floor":48},{"not_picked":["Carnage+1","Feel No Pain"],"picked":"Impervious+1","floor":54}],"player_experience":790553,"relics_obtained":[{"floor":3.0,"key":"Toxic Egg 2"},{"floor":9.0,"key":"Bag of Marbles"},{"floor":11.0,"key":"Pear"},{"floor":23.0,"key":"Boot"},{"floor":26.0,"key":"MawBank"},{"floor":30,"key":"Orichalcum"},{"floor":39,"key":"Champion Belt"},{"floor":40,"key":"Tiny Chest"},{"floor":43,"key":"Bottled Tornado"},{"floor":44,"key":"Vajra"},{"floor":48,"key":"Letter Opener"},{"floor":54,"key":"Oddly Smooth Stone"}],"event_choices":[{"damage_healed":0.0,"max_hp_gain":0.0,"max_hp_loss":0.0,"gold_gain":0.0,"event_name":"Living Wall","player_choice":"Grow","floor":2.0,"gold_loss":0.0,"damage_taken":0.0,"cards_upgraded":["Whirlwind"]},{"damage_healed":0.0,"max_hp_gain":0.0,"max_hp_loss":0.0,"gold_gain":0.0,"event_name":"Golden Idol","player_choice":"Take Damage","floor":4.0,"gold_loss":0.0,"damage_taken":20.0,"relics_obtained":["Golden Idol"]},{"damage_healed":0.0,"max_hp_gain":0.0,"max_hp_loss":0.0,"gold_gain":30.0,"event_name":"Dead Adventurer","player_choice":"Searched \u00273\u0027 times","floor":14.0,"gold_loss":0.0,"damage_taken":0.0,"relics_obtained":["Smiling Mask"]},{"damage_healed":0.0,"max_hp_gain":0.0,"max_hp_loss":0.0,"gold_gain":0.0,"event_name":"Accursed Blacksmith","player_choice":"Forge","floor":20.0,"gold_loss":0.0,"damage_taken":0.0,"cards_upgraded":["Feed"]},{"damage_healed":0,"gold_gain":0,"player_choice":"Ignored","damage_taken":0,"max_hp_gain":0,"max_hp_loss":0,"event_name":"The Mausoleum","floor":27,"gold_loss":0},{"damage_healed":0,"gold_gain":0,"player_choice":"Simplicity","damage_taken":0,"max_hp_gain":0,"max_hp_loss":0,"event_name":"Back to Basics","floor":29,"gold_loss":0,"cards_upgraded":["Strike_R","Strike_R","Strike_R","Strike_R","Defend_R","Defend_R","Defend_R","Defend_R"]},{"cards_removed":["Defend_R"],"damage_healed":0,"gold_gain":0,"player_choice":"Removed Skill","damage_taken":0,"max_hp_gain":0,"max_hp_loss":0,"event_name":"Falling","floor":36,"gold_loss":0},{"damage_healed":0,"gold_gain":0,"player_choice":"Fight","damage_taken":0,"max_hp_gain":0,"max_hp_loss":0,"event_name":"MindBloom","floor":39,"gold_loss":0},{"damage_healed":0,"gold_gain":0,"player_choice":"Cursed","damage_taken":0,"max_hp_gain":0,"max_hp_loss":0,"event_name":"Wheel of Change","floor":41,"gold_loss":0,"cards_obtained":["Decay"]}],"is_beta":false,"boss_relics":[{"not_picked":["Lizard Tail","Empty Cage"],"picked":"Mark of Pain"},{"not_picked":["Philosopher\u0027s Stone","Runic Cube"],"picked":"Eternal Feather"}],"items_purged_floors":[19,37,47,53],"is_endless":false,"potions_floor_spawned":[7,10,16,23,28,30,31,38,40,44,45],"ascension_level":0}