{"gold_per_floor":[114,114,131,131,131,163,37,52,52,52,67,67,67,82,82,201,201,224,101,101,200,200,100,123,123,123,162,162,177,177,196,196,324,324,340,340,340,353,115,115,115,139,139,172,197,220,220,220,220,220],"floor_reached":51,"playtime":1084,"items_purged":["Strike_R","Strike_R"],"score":718,"play_id":"78a6aa71-8622-4e13-a994-57142682bdea","local_time":"20190722062142","is_ascension_mode":false,"campfire_choices":[{"data":"Heavy Blade","floor":15.0,"key":"SMITH"},{"data":"Demon Form","floor":28,"key":"SMITH"},{"data":"Shrug It Off","floor":30,"key":"SMITH"},{"data":"Spot Weakness","floor":32,"key":"SMITH"},{"data":"Limit Break","floor":40,"key":"SMITH"},{"floor":47,"key":"REST"},{"floor":49,"key":"REST"}],"neow_cost":"NONE","seed_source_timestamp":207426107855800,"circlet_count":0,"master_deck":["Strike_R+1","Strike_R","Strike_R","Defend_R","Defend_R","Defend_R+1","Defend_R","Bash","Shrug It Off+1","Spot Weakness+1","Heavy Blade+1","Demon Form+1","Shrug It Off","Limit Break+1","Uppercut+1","Flash of Steel","Madness","Madness"],"special_seed":0,"relics":["Burning Blood","Mango","Juzu Bracelet","StoneCalendar","Golden Idol","Sozu","Mercury Hourglass","Bottled Lightning","Lizard Tail","Bottled Tornado","Shuriken","Torii"],"potions_floor_usage":[50],"damage_taken":[{"damage":9.0,"enemies":"2 Louse","floor":1.0,"turns":2.0},{"damage":3.0,"enemies":"Small Slimes","floor":3.0,"turns":4.0},{"damage":41.0,"enemies":"Gremlin Nob","floor":6.0,"turns":6.0},{"damage":6.0,"enemies":"Jaw Worm","floor":8.0,"turns":3.0},{"damage":13.0,"enemies":"Red Slaver","floor":11.0,"turns":3.0},{"damage":16.0,"enemies":"Large Slime","floor":14.0,"turns":5.0},{"damage":14.0,"enemies":"Slime Boss","floor":16.0,"turns":9.0},{"damage":14.0,"enemies":"Spheric Guardian","floor":18.0,"turns":5.0},{"damage":14,"enemies":"Shell Parasite","floor":24,"turns":4},{"damage":25,"enemies":"Slavers","floor":27,"turns":6},{"damage":5,"enemies":"Snecko","floor":29,"turns":4},{"damage":5,"enemies":"Snake Plant","floor":31,"turns":3},{"damage":29,"enemies":"Champ","floor":33,"turns":7},{"damage":0,"enemies":"3 Shapes","floor":35,"turns":4},{"damage":18,"enemies":"3 Darklings","floor":38,"turns":5},{"damage":8,"enemies":"4 Shapes","floor":42,"turns":6},{"damage":27,"enemies":"Giant Head","floor":44,"turns":6},{"damage":19,"enemies":"Transient","floor":45,"turns":5},{"damage":22,"enemies":"3 Darklings","floor":46,"turns":5},{"damage":81,"enemies":"Awakened One","floor":50,"turns":7}],"seed_played":"-575939572453246691","potions_obtained":[{"floor":3.0,"key":"SpeedPotion"},{"floor":6.0,"key":"GamblersBrew"}],"is_trial":false,"path_per_floor":["M","?","M","?","$","E","$","M","T","$","M","?","?","M","R","B",null,"M","$","?","?","?","$","M","$","T","E","R","M","R","M","R","B",null,"M","?","?","M","$","R","$","M","T","E","M","M","R","?","R","B",null],"character_chosen":"IRONCLAD","items_purchased":["Spot Weakness","Heavy Blade","Shrug It Off","Bottled Tornado"],"campfire_rested":2,"item_purchase_floors":[7,7,19,39],"current_hp_per_floor":[85,74,77,57,57,22,22,22,22,22,15,49,49,39,39,31,94,86,86,86,86,86,86,78,78,78,59,59,60,60,61,61,38,94,94,94,94,82,82,82,82,80,80,59,46,30,58,46,74,53],"gold":220,"neow_bonus":"TEN_PERCENT_HP_BONUS","is_prod":false,"is_daily":false,"chose_seed":false,"campfire_upgraded":5,"win_rate":0,"timestamp":1563765702,"path_taken":["M","?","M","?","$","E","$","M","T","?","M","?","?","M","R","BOSS","M","$","?","?","?","$","M","$","T","E","R","M","R","M","R","BOSS","M","?","?","M","$","R","$","M","T","E","M","M","R","?","R","BOSS"],"build_version":"2019-07-17","purchased_purges":2,"victory":true,"max_hp_per_floor":[88,102,102,102,102,102,102,102,102,102,102,102,94,94,94,94,94,94,94,94,94,94,94,94,94,94,94,94,94,94,94,94,94,94,94,94,94,94,94,94,94,94,94,94,94,94,94,94,94,94],"card_choices":[{"not_picked":["Twin Strike","Armaments","True Grit"],"picked":"SKIP","floor":1.0},{"not_picked":["Warcry","Iron Wave","Havoc"],"picked":"SKIP","floor":3.0},{"not_picked":["Uppercut","Offering"],"picked":"Shrug It Off","floor":6.0},{"not_picked":["Body Slam","Cleave","Twin Strike"],"picked":"SKIP","floor":8.0},{"not_picked":["Twin Strike","Dropkick","Hemokinesis"],"picked":"SKIP","floor":11.0},{"not_picked":["Ghostly Armor","True Grit","Intimidate"],"picked":"SKIP","floor":14.0},{"not_picked":["Juggernaut","Dark Embrace"],"picked":"Demon Form","floor":16.0},{"not_picked":["Dropkick+1","Clothesline","Fire Breathing"],"picked":"SKIP","floor":18.0},{"not_picked":["Warcry","Ghostly Armor","Heavy Blade"],"picked":"SKIP","floor":24},{"not_picked":["Warcry","Infernal Blade+1","Thunderclap"],"picked":"SKIP","floor":27},{"not_picked":["Headbutt","Shrug It Off","Wild Strike"],"picked":"SKIP","floor":29},{"not_picked":["Combust+1","Clothesline","Impervious"],"picked":"SKIP","floor":31},{"not_picked":["Impervious","Juggernaut"],"picked":"Limit Break","floor":33},{"not_picked":["True Grit+1","Shrug It Off+1"],"picked":"Uppercut+1","floor":35},{"not_picked":["Mind Blast","Panacea"],"picked":"Flash of Steel","floor":36},{"not_picked":["Clothesline+1","Shrug It Off","Thunderclap+1"],"picked":"SKIP","floor":38},{"not_picked":["Cleave+1","Rampage","Thunderclap"],"picked":"SKIP","floor":42},{"not_picked":["Havoc+1","Flame Barrier","Flex"],"picked":"SKIP","floor":44},{"not_picked":["Spot Weakness+1","Evolve","Metallicize+1"],"picked":"SKIP","floor":45},{"not_picked":["Barricade","Warcry+1","Havoc+1"],"picked":"SKIP","floor":46}],"player_experience":734457,"relics_obtained":[{"floor":6.0,"key":"Juzu Bracelet"},{"floor":9.0,"key":"StoneCalendar"},{"floor":26,"key":"Mercury Hourglass"},{"floor":27,"key":"Bottled Lightning"},{"floor":43,"key":"Shuriken"},{"floor":44,"key":"Torii"}],"event_choices":[{"damage_healed":0.0,"max_hp_gain":0.0,"max_hp_loss":0.0,"gold_gain":0.0,"event_name":"Scrap Ooze","player_choice":"Success","floor":2.0,"gold_loss":0.0,"damage_taken":25.0,"relics_obtained":["Mango"]},{"damage_healed":0.0,"max_hp_gain":0.0,"max_hp_loss":0.0,"gold_gain":0.0,"event_name":"Shining Light","player_choice":"Entered Light","floor":4.0,"gold_loss":0.0,"damage_taken":20.0,"cards_upgraded":["Strike_R","Defend_R"]},{"damage_healed":34.0,"max_hp_gain":0.0,"max_hp_loss":0.0,"gold_gain":0.0,"event_name":"Big Fish","player_choice":"Banana","floor":12.0,"gold_loss":0.0,"damage_taken":0.0},{"damage_healed":0.0,"max_hp_gain":0.0,"max_hp_loss":8.0,"gold_gain":0.0,"event_name":"Golden Idol","player_choice":"Lose Max HP","floor":13.0,"gold_loss":0.0,"damage_taken":0.0,"relics_obtained":["Golden Idol"]},{"damage_healed":0.0,"max_hp_gain":0.0,"max_hp_loss":0.0,"gold_gain":0.0,"event_name":"Vampires","player_choice":"Ignored","floor":20.0,"gold_loss":0.0,"damage_taken":0.0},{"damage_healed":0.0,"max_hp_gain":0.0,"max_hp_loss":0.0,"gold_gain":99.0,"event_name":"Nest","player_choice":"Stole From Cult","floor":21.0,"gold_loss":0.0,"damage_taken":0.0},{"damage_healed":0,"gold_gain":0,"player_choice":"Ignored","damage_taken":0,"max_hp_gain":0,"max_hp_loss":0,"event_name":"The Mausoleum","floor":22,"gold_loss":0},{"damage_healed":0,"gold_gain":0,"player_choice":"Memory 1","damage_taken":0,"max_hp_gain":0,"max_hp_loss":0,"event_name":"SensoryStone","floor":36,"gold_loss":0},{"damage_healed":0,"gold_gain":0,"player_choice":"Ignored","damage_taken":0,"max_hp_gain":0,"max_hp_loss":0,"event_name":"NoteForYourself","floor":37,"gold_loss":0},{"damage_healed":0,"gold_gain":0,"player_choice":"Embrace Madness","damage_taken":12,"max_hp_gain":0,"max_hp_loss":0,"event_name":"Winding Halls","floor":48,"gold_loss":0,"cards_obtained":["Madness","Madness"]}],"is_beta":false,"boss_relics":[{"not_picked":["Runic Cube","Runic Pyramid"],"picked":"Sozu"},{"not_picked":["Calling Bell","Snecko Eye"],"picked":"Lizard Tail"}],"items_purged_floors":[19,23],"is_endless":false,"potions_floor_spawned":[3,6,18,31,42,46],"ascension_level":0}