{"gold_per_floor":[119,129,32,49,66,92,92,104,104,34,44,70,89,89,89,188,188,199,181,26,26,38,70,70,70,141,141,141],"floor_reached":28,"playtime":751,"items_purged":["Strike_R"],"score":275,"play_id":"364843dd-bc5e-4c71-aeaa-43b68d938e10","local_time":"20190722060247","is_ascension_mode":false,"campfire_choices":[{"data":"Blind","floor":7,"key":"SMITH"},{"data":"Battle Trance","floor":15,"key":"SMITH"},{"data":"Rage","floor":25,"key":"SMITH"},{"data":"Evolve","floor":27,"key":"SMITH"}],"neow_cost":"NONE","seed_source_timestamp":206636298665700,"circlet_count":0,"master_deck":["Defend_R+1","Defend_R+1","Defend_R+1","Defend_R+1","Bash","Battle Trance+1","Blind+1","Rampage+1","Evolve+1","Inflame","Rage+1","Inflame","Bite","Bite","Bite","Bite","Bite"],"special_seed":0,"relics":["Burning Blood","Orichalcum","Juzu Bracelet","Question Card","Blue Candle","Lizard Tail","Lantern","Sundial"],"potions_floor_usage":[12,23],"damage_taken":[{"damage":0.0,"enemies":"Cultist","floor":1.0,"turns":3.0},{"damage":2.0,"enemies":"Small Slimes","floor":2.0,"turns":3.0},{"damage":2.0,"enemies":"Jaw Worm","floor":4.0,"turns":3.0},{"damage":6,"enemies":"Exordium Wildlife","floor":5,"turns":4},{"damage":16,"enemies":"Gremlin Nob","floor":6,"turns":5},{"damage":2,"enemies":"2 Fungi Beasts","floor":8,"turns":4},{"damage":2,"enemies":"Large Slime","floor":11,"turns":5},{"damage":11,"enemies":"3 Sentries","floor":12,"turns":9},{"damage":6,"enemies":"Gremlin Gang","floor":13,"turns":5},{"damage":34,"enemies":"Hexaghost","floor":16,"turns":8},{"damage":18,"enemies":"Spheric Guardian","floor":18,"turns":4},{"damage":19,"enemies":"2 Thieves","floor":19,"turns":4},{"damage":39,"enemies":"Sentry and Sphere","floor":22,"turns":6},{"damage":29,"enemies":"Book of Stabbing","floor":23,"turns":7},{"damage":14,"enemies":"Slavers","floor":28,"turns":3}],"seed_played":"7265876488453860841","potions_obtained":[{"floor":4,"key":"Weak Potion"},{"floor":6,"key":"FearPotion"},{"floor":12,"key":"Regen Potion"},{"floor":16,"key":"Dexterity Potion"},{"floor":23,"key":"Strength Potion"}],"is_trial":false,"path_per_floor":["M","M","$","M","M","E","R","M","T","$","M","E","M","?","R","B",null,"M","M","$","?","M","E","?","R","T","R","E"],"character_chosen":"IRONCLAD","items_purchased":["Blind","Rampage","Inflame"],"campfire_rested":0,"item_purchase_floors":[3,10,20],"current_hp_per_floor":[80,80,80,80,80,70,70,74,74,74,78,73,73,73,73,45,80,68,55,55,55,22,46,46,46,46,46,44],"gold":141,"neow_bonus":"RANDOM_COMMON_RELIC","is_prod":false,"is_daily":false,"chose_seed":false,"campfire_upgraded":4,"win_rate":0,"timestamp":1563764567,"path_taken":["M","M","$","M","?","E","R","M","T","$","M","E","M","?","R","BOSS","M","M","$","?","M","E","?","R","T","R","E"],"build_version":"2019-07-17","purchased_purges":1,"victory":false,"max_hp_per_floor":[80,80,80,80,80,80,80,80,80,80,80,80,80,80,80,80,80,80,80,80,80,80,80,56,56,56,56,56],"card_choices":[{"not_picked":["Twin Strike","Uppercut"],"picked":"Battle Trance","floor":1.0},{"not_picked":["Cleave","Thunderclap","Wild Strike"],"picked":"SKIP","floor":2.0},{"not_picked":["Cleave","Thunderclap","Wild Strike"],"picked":"SKIP","floor":2.0},{"not_picked":["Battle Trance","Pommel Strike","Clothesline"],"picked":"SKIP","floor":4},{"not_picked":["Wild Strike","Havoc","Warcry"],"picked":"SKIP","floor":5},{"not_picked":["Clash","Body Slam","Sever Soul"],"picked":"SKIP","floor":6},{"not_picked":["Battle Trance","Shockwave","Infernal Blade"],"picked":"SKIP","floor":8},{"not_picked":["Seeing Red","Corruption","Dark Embrace","Second Wind"],"picked":"SKIP","floor":11},{"not_picked":["Twin Strike","Corruption","Thunderclap"],"picked":"Evolve","floor":12},{"not_picked":["Headbutt","Body Slam","Warcry"],"picked":"Inflame","floor":13},{"not_picked":["Fire Breathing","Thunderclap+1","Flame Barrier"],"picked":"Rage","floor":18},{"not_picked":["Clash","Flex","Disarm","Perfected Strike"],"picked":"SKIP","floor":19},{"not_picked":["Wild Strike+1","Cleave","Searing Blow","Havoc"],"picked":"SKIP","floor":22},{"not_picked":["Body Slam","Offering","Wild Strike","Ghostly Armor"],"picked":"SKIP","floor":23}],"player_experience":733696,"relics_obtained":[{"floor":6,"key":"Juzu Bracelet"},{"floor":9,"key":"Question Card"},{"floor":12,"key":"Blue Candle"},{"floor":23,"key":"Lantern"},{"floor":26,"key":"Sundial"}],"event_choices":[{"damage_healed":0,"gold_gain":0,"player_choice":"Grow","damage_taken":0,"max_hp_gain":0,"max_hp_loss":0,"event_name":"Living Wall","floor":14,"gold_loss":0,"cards_upgraded":["Rampage"]},{"damage_healed":0,"gold_gain":0,"player_choice":"Simplicity","damage_taken":0,"max_hp_gain":0,"max_hp_loss":0,"event_name":"Back to Basics","floor":21,"gold_loss":0,"cards_upgraded":["Strike_R","Strike_R","Strike_R","Strike_R","Defend_R","Defend_R","Defend_R","Defend_R"]},{"damage_healed":0,"gold_gain":0,"player_choice":"Became a vampire","damage_taken":0,"max_hp_gain":0,"max_hp_loss":24,"event_name":"Vampires","floor":24,"gold_loss":0,"cards_obtained":["Bite","Bite","Bite","Bite","Bite"]}],"is_beta":false,"boss_relics":[{"not_picked":["Black Star","Tiny House"],"picked":"Lizard Tail"}],"items_purged_floors":[20],"is_endless":false,"potions_floor_spawned":[4,6,12,16,22,23],"killed_by":"Slavers","ascension_level":0}