{"path_per_floor":["M","M","?","M","$","E","R","M","T","M","?","M","$","M","R","B",null,"M","M","M","$","M","R","M","R","T","M","M","R","M","M","R","B",null,"M","M","?","$","?","R","M","M","T","E","$","M","$","M","R","B"],"character_chosen":"THE_SILENT","items_purchased":["Potion Belt","Dodge and Roll","Poisoned Stab","Adrenaline","Caltrops","Noxious Fumes","Mercury Hourglass","Finesse"],"gold_per_floor":[219,238,238,255,108,137,137,155,155,165,240,257,209,229,229,327,327,339,356,376,108,124,124,143,143,168,182,200,200,210,227,227,325,325,340,356,356,281,281,281,293,307,389,417,417,436,0,14,14,14],"floor_reached":51,"campfire_rested":1,"playtime":4642,"item_purchase_floors":[],"current_hp_per_floor":[65,65,65,63,63,59,59,56,56,56,45,45,45,45,45,33,70,67,63,63,63,43,43,43,43,43,40,31,31,29,28,49,37,70,60,47,65,65,65,65,64,51,51,47,47,38,38,37,37,18],"items_purged":["Writhe"],"gold":14,"score":689,"play_id":"b0cfc012-bbf9-432d-83cf-e25dd26eb1ec","local_time":"20180604043025","is_prod":false,"is_daily":false,"chose_seed":false,"is_ascension_mode":false,"campfire_upgraded":7,"win_rate":0,"timestamp":1528075825,"campfire_choices":[{"data":"Footwork","floor":7.0,"key":"SMITH"},{"data":"Footwork","floor":15.0,"key":"SMITH"},{"data":"Caltrops","floor":23.0,"key":"SMITH"},{"data":"Bullet Time","floor":25.0,"key":"SMITH"},{"data":"Leg Sweep","floor":29.0,"key":"SMITH"},{"floor":32.0,"key":"REST"},{"data":"Venomology","floor":40,"key":"SMITH"},{"data":"Noxious Fumes","floor":49,"key":"SMITH"}],"path_taken":["M","M","?","M","$","E","R","M","T","M","?","M","$","M","R","BOSS","M","M","M","$","M","R","M","R","T","M","M","R","M","M","R","BOSS","M","M","?","$","?","R","M","M","T","E","$","M","$","M","R","BOSS"],"build_version":"2018-05-30v2","seed_source_timestamp":0,"purchased_purges":1,"victory":true,"master_deck":["Defend_G","Defend_G","Defend_G","Defend_G","Defend_G","Strike_G","Strike_G","Strike_G","Strike_G","Survivor","Neutralize","Leg Sweep+1","Deflect","Well Laid Plans","Footwork+1","Cloak And Dagger","Bullet Time+1","Predator","Dodge and Roll","Footwork+1","Die Die Die","Cloak And Dagger+1","All Out Attack","Crippling Poison+1","Poisoned Stab","Adrenaline","Caltrops+1","Poisoned Stab","Caltrops+1","Cloak And Dagger","Backflip+1","Venomology+1","Cloak And Dagger","Backflip+1","Backflip","Deadly Poison+1","Footwork","Noxious Fumes+1","Finesse","Bouncing Flask"],"max_hp_per_floor":[70,70,70,70,70,70,70,70,70,70,70,70,70,70,70,70,70,70,70,70,70,70,70,70,70,70,70,70,70,70,70,70,70,70,70,70,70,70,70,70,70,70,70,70,70,70,70,70,70,70],"relics":["Ring of the Snake","Juzu Bracelet","Potion Belt","Question Card","Lantern","White Beast Statue","Vajra","Runic Pyramid","Molten Egg 2","Orichalcum","Mercury Hourglass"],"card_choices":[{"not_picked":["Reflex","Flying Knee"],"picked":"Leg Sweep","floor":1.0},{"not_picked":["Poisoned Stab","Outmaneuver"],"picked":"Deflect","floor":2.0},{"not_picked":["Deflect","Flying Knee"],"picked":"Well Laid Plans","floor":4.0},{"not_picked":["Escape Plan","Deadly Poison"],"picked":"Footwork","floor":6.0},{"not_picked":["Slice","Quick Slash","All Out Attack"],"picked":"Cloak And Dagger","floor":8.0},{"not_picked":["PiercingWail","Dodge and Roll","Endless Agony"],"picked":"Bullet Time","floor":10.0},{"not_picked":["Quick Slash","Bane","Underhanded Strike"],"picked":"Predator","floor":12.0},{"not_picked":["Cloak And Dagger","Dodge and Roll","Outmaneuver"],"picked":"Footwork","floor":14.0},{"not_picked":["Corpse Explosion","Phantasmal Killer","Storm of Steel"],"picked":"Die Die Die","floor":16.0},{"not_picked":["Concentrate+1","Sucker Punch","Backflip"],"picked":"Cloak And Dagger+1","floor":18.0},{"not_picked":["Underhanded Strike","Choke","Bane"],"picked":"All Out Attack","floor":19.0},{"not_picked":["Flying Knee","Prepared+1","Venomology"],"picked":"Crippling Poison+1","floor":20.0},{"not_picked":["Slice","Dagger Spray","Finisher"],"picked":"Poisoned Stab","floor":22.0},{"not_picked":["Heel Hook","Setup","Choke+1","Quick Slash"],"picked":"SKIP","floor":24.0},{"not_picked":["Prepared","Sucker Punch","Finisher+1","Flying Knee"],"picked":"SKIP","floor":27.0},{"not_picked":["Finisher","Choke","Deflect+1"],"picked":"Caltrops+1","floor":28.0},{"not_picked":["Poisoned Stab","PiercingWail","Outmaneuver"],"picked":"Cloak And Dagger","floor":30.0},{"not_picked":["Outmaneuver+1","Underhanded Strike","Deadly Poison"],"picked":"Backflip+1","floor":31.0},{"not_picked":["Glass Knife","Storm of Steel","Die Die Die"],"picked":"Venomology","floor":33},{"not_picked":["Flying Knee+1","Terror","Dagger Throw"],"picked":"Cloak And Dagger","floor":35},{"not_picked":["Blade Dance","Quick Slash+1","Outmaneuver","PiercingWail"],"picked":"SKIP","floor":36},{"not_picked":["Well Laid Plans","Distraction","Endless Agony+1"],"picked":"Backflip+1","floor":41},{"not_picked":["Tools of the Trade","Dash","Escape Plan+1"],"picked":"Backflip","floor":42},{"not_picked":["Dodge and Roll","Outmaneuver+1","Riddle With Holes+1"],"picked":"Deadly Poison+1","floor":44},{"not_picked":["Deadly Poison+1","Caltrops","Sucker Punch+1"],"picked":"Footwork","floor":46},{"not_picked":["Slice+1","Crippling Poison+1","Quick Slash+1"],"picked":"Bouncing Flask","floor":48}],"player_experience":152013,"potions_floor_usage":[33,33,33,35,35,36,41,41,42,42,42,46,46,46,50,50,50,50,50],"damage_taken":[{"damage":5.0,"enemies":"Jaw Worm","floor":1.0,"turns":5.0},{"damage":0.0,"enemies":"Cultist","floor":2.0,"turns":4.0},{"damage":2.0,"enemies":"2 Louse","floor":4.0,"turns":5.0},{"damage":4.0,"enemies":"3 Sentries","floor":6.0,"turns":10.0},{"damage":3.0,"enemies":"Large Slime","floor":8.0,"turns":12.0},{"damage":0.0,"enemies":"2 Fungi Beasts","floor":10.0,"turns":5.0},{"damage":0.0,"enemies":"Lots of Slimes","floor":12.0,"turns":8.0},{"damage":0.0,"enemies":"Gremlin Gang","floor":14.0,"turns":6.0},{"damage":12.0,"enemies":"The Guardian","floor":16.0,"turns":14.0},{"damage":3.0,"enemies":"Spheric Guardian","floor":18.0,"turns":8.0},{"damage":4.0,"enemies":"Chosen","floor":19.0,"turns":11.0},{"damage":0.0,"enemies":"Snake Plant","floor":20.0,"turns":9.0},{"damage":20.0,"enemies":"Cultist and Chosen","floor":22.0,"turns":6.0},{"damage":0.0,"enemies":"3 Cultists","floor":24.0,"turns":5.0},{"damage":3.0,"enemies":"Sentry and Sphere","floor":27.0,"turns":7.0},{"damage":9.0,"enemies":"Slaver and Parasite","floor":28.0,"turns":5.0},{"damage":2.0,"enemies":"Centurion and Healer","floor":30.0,"turns":6.0},{"damage":1.0,"enemies":"3 Cultists","floor":31.0,"turns":5.0},{"damage":12,"enemies":"Champ","floor":33,"turns":16},{"damage":10,"enemies":"Orb Walker","floor":35,"turns":5},{"damage":13,"enemies":"3 Darklings","floor":36,"turns":4},{"damage":1,"enemies":"Maw","floor":41,"turns":10},{"damage":13,"enemies":"Sphere and 2 Shapes","floor":42,"turns":4},{"damage":4,"enemies":"Nemesis","floor":44,"turns":16},{"damage":9,"enemies":"Flame Bruiser 2 Orb","floor":46,"turns":8},{"damage":1,"enemies":"4 Shapes","floor":48,"turns":4},{"damage":19,"enemies":"Awakened One","floor":50,"turns":16}],"relics_obtained":[{"floor":6.0,"key":"Question Card"},{"floor":9.0,"key":"Lantern"},{"floor":26.0,"key":"Vajra"},{"floor":43,"key":"Molten Egg 2"},{"floor":44,"key":"Orichalcum"}],"event_choices":[{"event_name":"Wheel of Change","player_choice":"Relic","floor":3.0,"damage_taken":0.0},{"event_name":"World of Goop","player_choice":"Gather Gold","floor":11.0,"damage_taken":0.0},{"event_name":"Winding Halls","player_choice":"Writhe","floor":37,"damage_taken":0},{"event_name":"Bonfire Elementals","player_choice":"BASIC","floor":39,"damage_taken":0}],"boss_relics":[{"not_picked":["Pandora\u0027s Box","Calling Bell"],"picked":"Runic Pyramid"}],"items_purged_floors":[38],"potions_floor_spawned":[1,2,8,12,18,19,20,22,24,27,28,30,31,33,35,36,41,42,44,46,48],"seed_played":"-8244236644536179519","ascension_level":0,"potions_obtained":[{"floor":1.0,"key":"PowerPotion"},{"floor":2.0,"key":"AttackPotion"},{"floor":8.0,"key":"Swift Potion"},{"floor":12.0,"key":"EssenceOfSteel"},{"floor":18.0,"key":"SpeedPotion"},{"floor":19.0,"key":"Fire Potion"},{"floor":20.0,"key":"Fire Potion"},{"floor":22.0,"key":"Explosive Potion"},{"floor":24.0,"key":"GhostInAJar"},{"floor":27.0,"key":"SkillPotion"},{"floor":28.0,"key":"Explosive Potion"},{"floor":30.0,"key":"Weak Potion"},{"floor":31.0,"key":"AttackPotion"},{"floor":33,"key":"GhostInAJar"},{"floor":35,"key":"AttackPotion"},{"floor":36,"key":"Poison Potion"},{"floor":41,"key":"SpeedPotion"},{"floor":42,"key":"Energy Potion"},{"floor":44,"key":"Block Potion"},{"floor":46,"key":"LiquidBronze"},{"floor":48,"key":"Swift Potion"}],"is_trial":false}