{"gold_per_floor":[116,116,129,129,129,129,157,169,169,182,182],"floor_reached":11,"playtime":283,"items_purged":[],"score":73,"play_id":"d2c33433-1c3d-440a-99d9-d29367dbbfd5","local_time":"20190615162900","is_ascension_mode":false,"campfire_choices":[{"data":"Spot Weakness","floor":6,"key":"SMITH"}],"neow_cost":"NONE","seed_source_timestamp":149876127646100,"circlet_count":0,"master_deck":["Strike_R","Strike_R","Strike_R","Strike_R","Defend_R","Defend_R","Defend_R","Defend_R","Bash","Thunderclap","Spot Weakness+1","Battle Trance"],"relics":["Burning Blood","Dodecahedron","Boot"],"potions_floor_usage":[7],"damage_taken":[{"damage":6,"enemies":"Cultist","floor":1,"turns":4},{"damage":3,"enemies":"Small Slimes","floor":3,"turns":2},{"damage":41,"enemies":"Gremlin Nob","floor":7,"turns":5},{"damage":0,"enemies":"2 Louse","floor":8,"turns":2},{"damage":19,"enemies":"2 Fungi Beasts","floor":10,"turns":3},{"damage":36,"enemies":"3 Sentries","floor":11,"turns":4}],"seed_played":"3830709110097286548","potions_obtained":[{"floor":1,"key":"SpeedPotion"},{"floor":7,"key":"Fruit Juice"}],"is_trial":false,"path_per_floor":["M","?","M","$","?","R","E","M","T","M","E"],"character_chosen":"IRONCLAD","items_purchased":[],"campfire_rested":0,"item_purchase_floors":[],"current_hp_per_floor":[80,80,80,80,73,73,43,49,49,36,0],"gold":182,"neow_bonus":"THREE_CARDS","is_prod":false,"is_daily":false,"chose_seed":false,"campfire_upgraded":1,"win_rate":0,"timestamp":1560605340,"path_taken":["M","?","?","$","?","R","E","M","T","M","E"],"build_version":"2019-01-23","purchased_purges":0,"victory":false,"max_hp_per_floor":[80,80,80,80,80,80,85,85,85,85,85],"card_choices":[{"not_picked":["Clothesline","Sentinel"],"picked":"Thunderclap","floor":0},{"not_picked":["Thunderclap","Rampage"],"picked":"Spot Weakness","floor":1},{"not_picked":["Thunderclap","Disarm","Anger"],"picked":"SKIP","floor":3},{"not_picked":["Body Slam","Dual Wield"],"picked":"Battle Trance","floor":7},{"not_picked":["Pommel Strike","Reckless Charge","Rupture"],"picked":"SKIP","floor":8},{"not_picked":["Headbutt","Intimidate","Anger"],"picked":"SKIP","floor":10}],"player_experience":609005,"relics_obtained":[{"floor":7,"key":"Dodecahedron"},{"floor":9,"key":"Boot"}],"event_choices":[{"damage_healed":0,"gold_gain":0,"player_choice":"Ignored","damage_taken":0,"max_hp_gain":0,"max_hp_loss":0,"event_name":"NoteForYourself","floor":2,"gold_loss":0},{"cards_removed":["Strike_R"],"damage_healed":0,"gold_gain":0,"player_choice":"Card Removal","damage_taken":7,"max_hp_gain":0,"max_hp_loss":0,"event_name":"Golden Wing","floor":5,"gold_loss":0}],"is_beta":false,"boss_relics":[],"items_purged_floors":[],"is_endless":false,"potions_floor_spawned":[1,7],"killed_by":"3 Sentries","ascension_level":0}