{"gold_per_floor":[212,230,30,40,215,245,258,258,258,333,136,167,167,201,201,300,300,225,225,225,225,225,225,187,187,187,187,67,67,67],"floor_reached":30,"playtime":660,"items_purged":[],"score":273,"play_id":"3359646f-ea60-4eea-ba2a-4cabeac0e017","local_time":"20180727080056","is_ascension_mode":false,"campfire_choices":[{"floor":13.0,"key":"REST"},{"floor":15.0,"key":"REST"},{"data":"Apotheosis","floor":23,"key":"SMITH"},{"data":"Inflame","floor":25,"key":"SMITH"}],"neow_cost":"NONE","seed_source_timestamp":42361121471611,"circlet_count":0,"master_deck":["Strike_R","Strike_R","Strike_R","Strike_R","Strike_R","Defend_R","Defend_R","Defend_R","Defend_R","Bash","Whirlwind","Armaments","Apotheosis+1","Twin Strike","Doubt","Perfected Strike","Perfected Strike","Double Tap","Pommel Strike+1","Rage","Inflame+1","Perfected Strike","Evolve","Thunderclap"],"special_seed":0,"relics":["Burning Blood","Bag of Marbles","Juzu Bracelet","Blue Candle","Vajra","Darkstone Periapt","Strawberry","Ectoplasm","Bottled Tornado"],"potions_floor_usage":[],"damage_taken":[{"damage":7.0,"enemies":"2 Louse","floor":1.0,"turns":3.0},{"damage":11.0,"enemies":"Jaw Worm","floor":2.0,"turns":2.0},{"damage":9.0,"enemies":"Small Slimes","floor":4.0,"turns":4.0},{"damage":34.0,"enemies":"Gremlin Nob","floor":6.0,"turns":5.0},{"damage":35.0,"enemies":"Exordium Wildlife","floor":7.0,"turns":6.0},{"damage":1.0,"enemies":"3 Sentries","floor":12.0,"turns":6.0},{"damage":14.0,"enemies":"Gremlin Nob","floor":14.0,"turns":3.0},{"damage":39.0,"enemies":"Hexaghost","floor":16.0,"turns":9.0},{"damage":37.0,"enemies":"2 Thieves","floor":18.0,"turns":4.0},{"damage":14.0,"enemies":"Shell Parasite","floor":19.0,"turns":3.0},{"damage":8,"enemies":"Sentry and Sphere","floor":20,"turns":4},{"damage":30,"enemies":"Snecko","floor":27,"turns":4},{"damage":17,"enemies":"Snake Plant","floor":29,"turns":3},{"damage":14,"enemies":"Centurion and Healer","floor":30,"turns":1}],"seed_played":"7569210099327147613","potions_obtained":[{"floor":4.0,"key":"Dexterity Potion"},{"floor":6.0,"key":"Strength Potion"},{"floor":7.0,"key":"PowerPotion"},{"floor":14.0,"key":"PowerPotion"},{"floor":18.0,"key":"Weak Potion"}],"is_trial":false,"path_per_floor":["M","M","$","M","?","E","M","T","T","?","$","E","R","E","R","B",null,"M","M","M","?","$","R","$","R","T","M","$","M"],"character_chosen":"IRONCLAD","items_purchased":["Apotheosis","Perfected Strike","Vajra","Inflame","Evolve","Thunderclap"],"campfire_rested":2,"item_purchase_floors":[3,11,11,24,28,28],"current_hp_per_floor":[79,74,74,71,71,43,14,14,14,3,3,8,32,31,57,24,87,56,48,46,46,46,46,46,46,46,22,22,11,0],"gold":67,"neow_bonus":"HUNDRED_GOLD","is_prod":false,"is_daily":false,"chose_seed":false,"campfire_upgraded":2,"win_rate":0,"timestamp":1532667656,"path_taken":["M","M","$","M","?","E","M","?","T","?","?","E","R","E","R","BOSS","M","M","M","?","$","R","$","R","T","M","$","M","M"],"build_version":"2018-07-26","purchased_purges":0,"victory":false,"max_hp_per_floor":[80,80,80,80,80,80,80,80,80,80,80,80,80,87,87,87,87,87,87,87,87,87,87,87,87,87,87,87,87,87],"card_choices":[{"not_picked":["Havoc","Thunderclap"],"picked":"Whirlwind","floor":1.0},{"not_picked":["Warcry","Pommel Strike"],"picked":"Armaments","floor":2.0},{"not_picked":["Heavy Blade","Clothesline"],"picked":"Twin Strike","floor":4.0},{"not_picked":["Wild Strike","Sentinel","Shockwave"],"picked":"SKIP","floor":6.0},{"not_picked":["Clothesline","Entrench","Cleave"],"picked":"SKIP","floor":7.0},{"not_picked":["Intimidate","Anger","Uppercut"],"picked":"SKIP","floor":12.0},{"not_picked":["Flex","Dual Wield"],"picked":"Perfected Strike","floor":14.0},{"not_picked":["Berserk","Juggernaut"],"picked":"Double Tap","floor":16.0},{"not_picked":["Blood for Blood","Cleave","Uppercut+1"],"picked":"SKIP","floor":18.0},{"not_picked":["Warcry","Body Slam"],"picked":"Pommel Strike+1","floor":19.0},{"not_picked":["Fire Breathing","Rupture+1"],"picked":"Rage","floor":20},{"not_picked":["Clothesline","Combust"],"picked":"Perfected Strike","floor":27},{"not_picked":["True Grit","Clothesline","Bludgeon"],"picked":"SKIP","floor":29}],"player_experience":223689,"relics_obtained":[{"floor":6.0,"key":"Bag of Marbles"},{"floor":8.0,"key":"Juzu Bracelet"},{"floor":9.0,"key":"Blue Candle"},{"floor":12.0,"key":"Darkstone Periapt"},{"floor":14.0,"key":"Strawberry"},{"floor":26,"key":"Bottled Tornado"}],"event_choices":[{"event_name":"Liars Game","player_choice":"agreed","floor":5.0,"damage_taken":0.0},{"event_name":"World of Goop","player_choice":"Gather Gold","floor":10.0,"damage_taken":0.0},{"event_name":"Ghosts","player_choice":"Ignored","floor":21,"damage_taken":0}],"is_beta":false,"boss_relics":[{"not_picked":["Coffee Dripper","Empty Cage"],"picked":"Ectoplasm"}],"items_purged_floors":[],"is_endless":false,"potions_floor_spawned":[4,6,7,14,18],"killed_by":"Centurion and Healer","ascension_level":0}