{"path_per_floor":["M","M","M","$","?","?","E","M","T","R","M","$","M","M","R","B",null,"M","$","M","M","M","E","R","?","T","R","M","$"],"character_chosen":"THE_SILENT","items_purchased":["Kunai","Footwork","Cloak And Dagger","Infinite Blades","Caltrops"],"gold_per_floor":[369,380,397,78,78,78,108,126,126,126,140,71,82,99,99,202,202,172,48,64,78,94,129,129,129,154,154,167,94,94],"floor_reached":30,"campfire_rested":0,"playtime":1889,"current_hp_per_floor":[70,67,67,67,67,67,37,37,37,37,37,37,37,35,35,6,70,63,63,62,53,44,25,25,25,25,25,25,25,11],"items_purged":["Writhe"],"gold":94,"score":254,"play_id":"a566bd56-4711-4b77-b82d-56dabcb04d00","local_time":"20180430190815","is_prod":false,"is_daily":false,"chose_seed":false,"is_ascension_mode":false,"campfire_upgraded":4,"timestamp":1525104495,"path_taken":["M","M","M","$","?","?","E","M","T","R","M","$","M","?","R","BOSS","M","$","M","M","M","E","R","?","T","R","M","?","?"],"build_version":"2018-04-27v3","seed_source_timestamp":692846292385231,"purchased_purges":1,"victory":false,"master_deck":["Defend_G","Defend_G","Defend_G","Defend_G","Defend_G","Strike_G","Strike_G","Strike_G","Strike_G","Strike_G","Survivor","Neutralize+1","Leg Sweep","Deadly Poison+1","Footwork+1","Footwork+1","Catalyst","Cloak And Dagger","Bullet Time","Cloak And Dagger","Infinite Blades","Blur","Accuracy+1","Backflip","Bullet Time","Writhe","Caltrops+1"],"max_hp_per_floor":[70,70,70,70,70,70,70,70,70,70,70,70,70,70,70,70,70,70,70,70,70,70,70,70,70,70,70,70,70,70],"relics":["Ring of the Snake","Kunai","Torii","Toolbox","Frozen Egg 2","Art of War","Vajra"],"card_choices":[{"not_picked":["Dagger Spray","Masterful Stab"],"picked":"Leg Sweep","floor":7.0},{"not_picked":["Deflect","Quick Slash"],"picked":"Deadly Poison","floor":8.0},{"not_picked":["Acrobatics","Outmaneuver"],"picked":"Footwork","floor":11.0},{"not_picked":["Underhanded Strike","Slice"],"picked":"Catalyst","floor":13.0},{"not_picked":["Sucker Punch","Quick Slash"],"picked":"Cloak And Dagger","floor":14.0},{"not_picked":["Die Die Die","A Thousand Cuts"],"picked":"Bullet Time","floor":16.0},{"not_picked":["Underhanded Strike","Bane"],"picked":"Blur","floor":20.0},{"not_picked":["Predator","Prepared"],"picked":"Accuracy","floor":21.0},{"not_picked":["Slice","Masterful Stab"],"picked":"Backflip","floor":22.0},{"not_picked":["Dash","Poisoned Stab"],"picked":"Bullet Time","floor":23.0}],"player_experience":94848,"potions_floor_usage":[30],"damage_taken":[{"damage":0.0,"enemies":"Cultist","floor":1.0,"turns":4.0},{"damage":3.0,"enemies":"Small Slimes","floor":2.0,"turns":3.0},{"damage":0.0,"enemies":"2 Louse","floor":3.0,"turns":3.0},{"damage":45.0,"enemies":"Lagavulin","floor":7.0,"turns":10.0},{"damage":0.0,"enemies":"Blue Slaver","floor":8.0,"turns":7.0},{"damage":0.0,"enemies":"2 Fungi Beasts","floor":11.0,"turns":4.0},{"damage":0.0,"enemies":"Large Slime","floor":13.0,"turns":7.0},{"damage":2.0,"enemies":"Exordium Thugs","floor":14.0,"turns":7.0},{"damage":29.0,"enemies":"The Guardian","floor":16.0,"turns":15.0},{"damage":7.0,"enemies":"2 Thieves","floor":18.0,"turns":5.0},{"damage":1.0,"enemies":"3 Byrds","floor":20.0,"turns":6.0},{"damage":9.0,"enemies":"3 Cultists","floor":21.0,"turns":9.0},{"damage":13.0,"enemies":"Sentry and Sphere","floor":22.0,"turns":10.0},{"damage":19.0,"enemies":"Book of Stabbing","floor":23.0,"turns":9.0},{"damage":0.0,"enemies":"Snecko","floor":28.0,"turns":7.0},{"damage":18,"enemies":"Cultist and Chosen","floor":30,"turns":6}],"event_choices":[{"event_name":"Golden Wing","player_choice":"Ignored","floor":5.0,"damage_taken":0.0},{"event_name":"Living Wall","player_choice":"Grow","floor":6.0,"damage_taken":0.0},{"event_name":"The Mausoleum","player_choice":"Yes","floor":25.0,"damage_taken":0.0}],"boss_relics":[],"potions_floor_spawned":[2,7,8,11,16,18,20,23],"seed_played":"2232302383942591204","killed_by":"Cultist and Chosen","ascension_level":0,"is_trial":false}