{"gold_per_floor":[115,115,134,59,76,76,26,52,79,94,155,155],"floor_reached":12,"playtime":253,"items_purged":["Strike_B"],"score":88,"play_id":"0f65cd2d-c573-4494-9ac0-8c93e8ba7829","local_time":"20190716090423","is_ascension_mode":false,"campfire_choices":[{"data":"Genetic Algorithm","floor":6,"key":"SMITH"}],"neow_cost":"NONE","seed_source_timestamp":162234598893000,"circlet_count":0,"master_deck":["Strike_B","Strike_B","Defend_B","Defend_B","Defend_B","Defend_B","Zap","Dualcast","Genetic Algorithm+1","Ball Lightning","Buffer","Leap","Storm"],"relics":["Cracked Core","Dream Catcher","Bronze Scales","Tiny Chest"],"potions_floor_usage":[],"damage_taken":[{"damage":1,"enemies":"Cultist","floor":1,"turns":3},{"damage":3,"enemies":"Jaw Worm","floor":3,"turns":3},{"damage":3,"enemies":"Small Slimes","floor":5,"turns":4},{"damage":15,"enemies":"Gremlin Nob","floor":8,"turns":4},{"damage":5,"enemies":"Looter","floor":10,"turns":3},{"damage":15,"enemies":"3 Sentries","floor":11,"turns":7}],"seed_played":"-1268802526081991426","potions_obtained":[{"floor":5,"key":"SmokeBomb"},{"floor":10,"key":"Strength Potion"}],"is_trial":false,"path_per_floor":["M","$","M","$","M","R","?","E","T","M","E","$"],"character_chosen":"DEFECT","items_purchased":[],"campfire_rested":0,"item_purchase_floors":[],"current_hp_per_floor":[81,81,78,78,75,75,75,60,60,55,40,40],"gold":155,"neow_bonus":"TEN_PERCENT_HP_BONUS","is_prod":false,"is_daily":false,"chose_seed":false,"campfire_upgraded":1,"win_rate":0,"timestamp":1563257063,"path_taken":["M","?","M","$","M","R","?","E","T","M","E","$"],"build_version":"2019-07-10","purchased_purges":1,"victory":false,"max_hp_per_floor":[82,82,82,82,82,82,82,82,82,82,82,82],"card_choices":[{"not_picked":["Stack","Coolheaded","Go for the Eyes"],"picked":"SKIP","floor":1},{"not_picked":["Beam Cell","Leap"],"picked":"Genetic Algorithm","floor":3},{"not_picked":["Compile Driver","Beam Cell"],"picked":"Ball Lightning","floor":5},{"not_picked":["Glacier","Coolheaded"],"picked":"Buffer","floor":8},{"not_picked":["Cold Snap","Fusion"],"picked":"Leap","floor":10},{"not_picked":["Go for the Eyes","Tempest"],"picked":"Storm","floor":11}],"player_experience":160751,"relics_obtained":[{"floor":8,"key":"Dream Catcher"},{"floor":9,"key":"Bronze Scales"},{"floor":11,"key":"Tiny Chest"}],"event_choices":[{"cards_removed":["Strike_B"],"damage_healed":0,"gold_gain":0,"player_choice":"Card Removal","damage_taken":0,"max_hp_gain":0,"max_hp_loss":0,"event_name":"The Cleric","floor":7,"gold_loss":50}],"is_beta":true,"boss_relics":[],"items_purged_floors":[4],"is_endless":false,"potions_floor_spawned":[5,10],"ascension_level":0}