{"gold_per_floor":[111,121,67,79,90,125,125,125,149,166,166,166,166,181,181,276,276,289,289,52,65,75,75,90,90,90,107,107,35,35,49,49,144,144,159,170,170,188,188,188,221,221,267,267,285,285],"floor_reached":46,"playtime":3144,"items_purged":[],"score":606,"play_id":"edb3947c-6288-44d2-b2bd-5743171e2160","local_time":"20190222022707","is_ascension_mode":true,"campfire_choices":[{"floor":8,"key":"REST"},{"data":"Go for the Eyes","floor":11,"key":"SMITH"},{"floor":13,"key":"REST"},{"floor":15,"key":"REST"},{"floor":23,"key":"REST"},{"floor":28,"key":"REST"},{"floor":30,"key":"REST"},{"data":"Echo Form","floor":32,"key":"SMITH"},{"floor":40,"key":"REST"},{"floor":44,"key":"REST"}],"neow_cost":"NONE","seed_source_timestamp":36541151048040,"circlet_count":0,"master_deck":["Strike_B","Strike_B","Strike_B","Defend_B+1","Defend_B","Defend_B","Defend_B","Zap","Dualcast+1","Streamline","Leap","Sweeping Beam","Glacier","Cold Snap","Capacitor","Go for the Eyes+1","Beam Cell","Echo Form+1","Conserve Battery","Loop","Rebound","Redo","Cold Snap+1","Seek","Defragment","Gash+1","Echo Form","Force Field","Madness","Madness","Ball Lightning"],"relics":["Cracked Core","Omamori","Bag of Marbles","Boot","Cursed Key","Nilry\u0027s Codex","War Paint","Symbiotic Virus","Black Star","Oddly Smooth Stone","Regal Pillow","Blood Vial"],"potions_floor_usage":[6,6,21,33,33,46,46],"damage_taken":[{"damage":10,"enemies":"Small Slimes","floor":1,"turns":4},{"damage":2,"enemies":"Jaw Worm","floor":2,"turns":3},{"damage":0,"enemies":"2 Louse","floor":4,"turns":2},{"damage":35,"enemies":"Exordium Thugs","floor":5,"turns":6},{"damage":13,"enemies":"3 Sentries","floor":6,"turns":6},{"damage":6,"enemies":"Large Slime","floor":10,"turns":7},{"damage":3,"enemies":"2 Fungi Beasts","floor":14,"turns":4},{"damage":0,"enemies":"The Guardian","floor":16,"turns":14},{"damage":0,"enemies":"Chosen","floor":18,"turns":4},{"damage":18,"enemies":"2 Thieves","floor":21,"turns":4},{"damage":8,"enemies":"Centurion and Healer","floor":22,"turns":6},{"damage":31,"enemies":"Snake Plant","floor":24,"turns":5},{"damage":15,"enemies":"Shelled Parasite and Fungi","floor":27,"turns":7},{"damage":8,"enemies":"Chosen and Byrds","floor":31,"turns":5},{"damage":1,"enemies":"Automaton","floor":33,"turns":12},{"damage":10,"enemies":"3 Darklings","floor":35,"turns":10},{"damage":3,"enemies":"Orb Walker","floor":36,"turns":5},{"damage":32,"enemies":"Maw","floor":38,"turns":9},{"damage":8,"enemies":"Giant Head","floor":41,"turns":12},{"damage":40,"enemies":"Spire Growth","floor":45,"turns":6},{"damage":41,"enemies":"Transient","floor":46,"turns":5}],"seed_played":"-8876725215721118150","potions_obtained":[{"floor":1,"key":"Swift Potion"},{"floor":5,"key":"LiquidBronze"},{"floor":14,"key":"Explosive Potion"},{"floor":16,"key":"SpeedPotion"},{"floor":21,"key":"Explosive Potion"},{"floor":24,"key":"SteroidPotion"},{"floor":27,"key":"FocusPotion"},{"floor":31,"key":"Regen Potion"},{"floor":33,"key":"Fire Potion"},{"floor":38,"key":"PowerPotion"}],"is_trial":false,"path_per_floor":["M","M","$","M","M","E","?","R","T","M","R","?","R","M","R","B",null,"M","?","$","M","M","R","M","?","T","M","R","$","R","M","R","B",null,"M","M","?","M","?","R","E","?","T","R","M","M"],"character_chosen":"DEFECT","items_purchased":["Sweeping Beam","Conserve Battery","War Paint","Loop","Defragment"],"campfire_rested":8,"item_purchase_floors":[3,20,20,20,29],"current_hp_per_floor":[65,63,63,63,28,15,15,37,37,31,31,13,35,32,54,54,75,75,59,59,41,33,55,24,24,24,9,31,31,53,45,45,59,75,65,62,53,21,21,43,35,35,35,72,34,0],"gold":285,"neow_bonus":"REMOVE_CARD","is_prod":false,"is_daily":false,"chose_seed":false,"campfire_upgraded":2,"win_rate":0,"timestamp":1550798827,"path_taken":["M","M","$","M","M","E","?","R","T","M","R","?","R","M","R","BOSS","M","?","$","M","M","R","M","?","T","M","R","$","R","M","R","BOSS","M","M","?","M","?","R","E","?","T","R","M","M"],"build_version":"2019-01-23","purchased_purges":0,"victory":false,"max_hp_per_floor":[75,75,75,75,75,75,75,75,75,75,75,75,75,75,75,75,75,75,75,75,75,75,75,75,75,75,75,75,75,75,75,75,75,75,75,75,75,75,75,75,75,75,75,75,75,75],"card_choices":[{"not_picked":["Recycle","Force Field"],"picked":"Streamline","floor":1},{"not_picked":["Redo","Compile Driver"],"picked":"Leap","floor":2},{"not_picked":["Steam Power","Ball Lightning"],"picked":"Glacier","floor":4},{"not_picked":["Loop","Lockon"],"picked":"Cold Snap","floor":5},{"not_picked":["Consume","Multi-Cast"],"picked":"Capacitor","floor":6},{"not_picked":["Leap","Double Energy"],"picked":"Go for the Eyes","floor":10},{"not_picked":["Sweeping Beam","Chaos"],"picked":"Beam Cell","floor":14},{"not_picked":["Electrodynamics","Reboot"],"picked":"Echo Form","floor":16},{"not_picked":["Consume","Doom and Gloom","Tempest"],"picked":"SKIP","floor":18},{"not_picked":["Gash","Storm"],"picked":"Rebound","floor":21},{"not_picked":["Tempest","Compile Driver"],"picked":"Redo","floor":22},{"not_picked":["Ball Lightning","Skim"],"picked":"Cold Snap+1","floor":24},{"not_picked":["Gash","Consume","Double Energy+1"],"picked":"SKIP","floor":27},{"not_picked":["Double Energy","Melter"],"picked":"Gash+1","floor":31},{"not_picked":["Biased Cognition","Multi-Cast"],"picked":"Echo Form","floor":33},{"not_picked":["Stack+1","Rebound+1"],"picked":"Force Field","floor":35},{"not_picked":["Scrape+1","Go for the Eyes","Sweeping Beam+1"],"picked":"SKIP","floor":36},{"not_picked":["Coolheaded+1","Darkness","Hologram"],"picked":"SKIP","floor":38},{"not_picked":["Fusion","Lockon+1"],"picked":"Ball Lightning","floor":41},{"not_picked":["Beam Cell+1","Lockon","Coolheaded"],"picked":"SKIP","floor":45}],"player_experience":284992,"relics_obtained":[{"floor":6,"key":"Omamori"},{"floor":9,"key":"Bag of Marbles"},{"floor":19,"key":"Nilry\u0027s Codex"},{"floor":26,"key":"Symbiotic Virus"},{"floor":41,"key":"Oddly Smooth Stone"},{"floor":41,"key":"Regal Pillow"},{"floor":43,"key":"Blood Vial"}],"event_choices":[{"damage_healed":0,"gold_gain":0,"player_choice":"Searched \u00271\u0027 times","damage_taken":0,"max_hp_gain":0,"max_hp_loss":0,"event_name":"Dead Adventurer","floor":7,"gold_loss":0},{"damage_healed":0,"gold_gain":0,"player_choice":"Success","damage_taken":18,"relics_obtained":["Boot"],"max_hp_gain":0,"max_hp_loss":0,"event_name":"Scrap Ooze","floor":12,"gold_loss":0},{"damage_healed":0,"gold_gain":0,"player_choice":"Obtained Book","damage_taken":16,"max_hp_gain":0,"max_hp_loss":0,"event_name":"Cursed Tome","floor":19,"gold_loss":0},{"damage_healed":0,"gold_gain":0,"player_choice":"1 cards matched","damage_taken":0,"max_hp_gain":0,"max_hp_loss":0,"event_name":"Match and Keep!","floor":25,"gold_loss":0,"cards_obtained":["Seek"]},{"damage_healed":0,"gold_gain":0,"player_choice":"Embrace Madness","damage_taken":9,"max_hp_gain":0,"max_hp_loss":0,"event_name":"Winding Halls","floor":37,"gold_loss":0,"cards_obtained":["Madness","Madness"]},{"damage_healed":0,"gold_gain":0,"player_choice":"Ignored","damage_taken":0,"max_hp_gain":0,"max_hp_loss":0,"event_name":"Tomb of Lord Red Mask","floor":39,"gold_loss":0},{"damage_healed":0,"gold_gain":0,"player_choice":"Memory 1","damage_taken":0,"max_hp_gain":0,"max_hp_loss":0,"event_name":"SensoryStone","floor":42,"gold_loss":0}],"is_beta":false,"boss_relics":[{"not_picked":["Fusion Hammer","Lizard Tail"],"picked":"Cursed Key"},{"not_picked":["Astrolabe","Pandora\u0027s Box"],"picked":"Black Star"}],"items_purged_floors":[],"is_endless":false,"potions_floor_spawned":[1,5,14,16,21,24,27,31,33,38,41],"killed_by":"Transient","ascension_level":3}