{"path_per_floor":["M","?","?","T","M","R","M","R","T","M","?","?","$","M","R","B",null,"M","$","?","?","$","R","M","M","T","M","R","M","R","M","R","B",null,"M","?","M","M","$","R","M","R","T","R","M","$","M","M","R","B"],"character_chosen":"THE_SILENT","items_purchased":["Happy Flower","Poisoned Stab","Acrobatics","Anchor"],"gold_per_floor":[114,214,214,214,232,232,244,244,292,307,307,307,32,44,44,148,148,160,60,60,160,35,35,47,63,63,78,78,90,90,107,107,207,207,227,227,238,257,107,107,125,125,176,176,193,27,40,50,50,50],"floor_reached":51,"campfire_rested":2,"playtime":5743,"current_hp_per_floor":[70,70,56,56,56,56,56,56,56,56,49,49,49,49,49,38,70,67,67,51,51,51,57,30,39,39,11,38,37,64,64,70,60,70,67,67,67,51,51,59,57,65,65,70,70,70,70,70,70,70],"items_purged":["Strike_G","Defend_G","Strike_G","Strike_G"],"gold":50,"score":491,"play_id":"7e314fbe-504f-4eb2-9737-3dfa88e25b19","is_prod":false,"is_daily":false,"is_ascension_mode":false,"campfire_upgraded":9,"path_taken":["M","?","?","?","M","R","M","R","T","M","?","?","$","?","R","BOSS","M","$","?","?","$","R","M","M","T","M","R","M","R","M","R","BOSS","M","?","M","?","?","R","M","R","T","R","M","$","M","?","R","BOSS"],"build_version":"2018-02-08-BETA1","purchased_purges":4,"victory":true,"master_deck":["Defend_G","Defend_G","Defend_G","Strike_G+1","Survivor+1","Neutralize+1","Caltrops+1","Backflip+1","Dagger Throw+1","Bullet Time+1","Poisoned Stab+1","A Thousand Cuts+1","Infinite Blades+1","Necronomicurse","Backflip+1","Flying Knee+1","Dash+1","Footwork+1","Adrenaline+1","Footwork+1","Predator+1","Acrobatics+1","Dodge and Roll+1"],"max_hp_per_floor":[70,70,70,70,70,70,70,70,70,70,70,70,70,70,70,70,70,70,70,70,70,70,70,70,70,70,70,70,70,70,70,70,70,70,70,70,70,70,70,70,70,70,70,70,70,70,70,70,70,70],"relics":["Ring of the Snake","Calipers","Bag of Preparation","Happy Flower","Eternal Feather","Necronomicon","Toxic Egg 2","Sozu","Whetstone","Anchor"],"card_choices":[{"not_picked":["Underhanded Strike","Bane"],"picked":"Caltrops"},{"not_picked":["Prepared","Flying Knee"],"picked":"Backflip"},{"not_picked":["Bane","Poisoned Stab"],"picked":"Dagger Throw"},{"not_picked":["Quick Slash","Underhanded Strike"],"picked":"Catalyst"},{"not_picked":["Leg Sweep","Backflip"],"picked":"Bullet Time"},{"not_picked":["Envenom","Doppelganger"],"picked":"A Thousand Cuts"},{"not_picked":["Poisoned Stab","Backstab"],"picked":"Infinite Blades"},{"not_picked":["Infinite Blades","Outmaneuver"],"picked":"Backflip"},{"not_picked":["Deadly Poison","Masterful Stab"],"picked":"Flying Knee"},{"not_picked":["Well Laid Plans","Bouncing Flask"],"picked":"Dash"},{"not_picked":["PiercingWail","Well Laid Plans"],"picked":"Footwork"},{"not_picked":["Tactician","Bullet Time"],"picked":"Adrenaline"},{"not_picked":["Dagger Throw","Infinite Blades"],"picked":"Footwork"},{"not_picked":["Noxious Fumes","Sucker Punch"],"picked":"Predator"},{"not_picked":["Die Die Die","Bane"],"picked":"Dodge and Roll"}],"player_experience":306004,"potions_floor_usage":[16,16,25],"damage_taken":[{"damage":0,"enemies":"Jaw Worm","floor":1,"turns":6},{"damage":0,"enemies":"Cultist","floor":5,"turns":4},{"damage":0,"enemies":"Small Slimes","floor":7,"turns":3},{"damage":0,"enemies":"2 Fungi Beasts","floor":10,"turns":4},{"damage":0,"enemies":"Gremlin Gang","floor":14,"turns":4},{"damage":26,"enemies":"Slime Boss","floor":16,"turns":16},{"damage":3,"enemies":"Shell Parasite","floor":18,"turns":4},{"damage":27,"enemies":"2 Thieves","floor":24,"turns":4},{"damage":0,"enemies":"Snecko","floor":25,"turns":3},{"damage":28,"enemies":"Centurion and Healer","floor":27,"turns":4},{"damage":1,"enemies":"Cultist and Chosen","floor":29,"turns":6},{"damage":0,"enemies":"Chosen and Byrds","floor":31,"turns":3},{"damage":10,"enemies":"Collector","floor":33,"turns":10},{"damage":3,"enemies":"Orb Walker","floor":35,"turns":4},{"damage":0,"enemies":"Flame Bruiser 1 Orb","floor":37,"turns":3},{"damage":16,"enemies":"Sphere and 2 Shapes","floor":38,"turns":6},{"damage":2,"enemies":"4 Shapes","floor":41,"turns":5},{"damage":0,"enemies":"Spire Growth","floor":45,"turns":3},{"damage":0,"enemies":"Sphere and 2 Shapes","floor":47,"turns":3},{"damage":0,"enemies":"4 Shapes","floor":48,"turns":4},{"damage":0,"enemies":"Time Eater","floor":50,"turns":9}],"event_choices":[{"event_name":"Golden Shrine","player_choice":"Pray","floor":2,"damage_taken":0},{"event_name":"Shining Light","player_choice":"Entered Light","floor":3,"damage_taken":0},{"event_name":"Golden Wing","player_choice":"Card Removal","floor":11,"damage_taken":0},{"event_name":"Bonfire Elementals","player_choice":"BASIC","floor":12,"damage_taken":0},{"event_name":"Cursed Tome","player_choice":"Obtained Book","floor":20,"damage_taken":0},{"event_name":"Golden Shrine","player_choice":"Pray","floor":21,"damage_taken":0}],"boss_relics":[{"not_picked":["Runic Dome","Velvet Choker"],"picked":"Eternal Feather"},{"not_picked":["Tiny House","Astrolabe"],"picked":"Sozu"}],"potions_floor_spawned":[7,14,24,29,31,35,37,38],"seed_played":"5810653082990966430","ascension_level":0,"is_trial":false}