{"gold_per_floor":[119,137,28,47,63,63,79,109,136,162,174,186,208,236,248,356,368,395,424,461,492,518,530,569,581,661,419,438,438,438,161,161,263,263,282,132,132,132,132,166,166,181,233,233,86,86,111,127,127,127],"floor_reached":51,"playtime":1093,"items_purged":["Strike_R","Strike_R","Writhe","Strike_R"],"score":800,"play_id":"404c70b5-953f-46b1-b133-fec5f7881ed7","local_time":"20190718105300","is_ascension_mode":false,"campfire_choices":[{"data":"Sword Boomerang","floor":6,"key":"SMITH"},{"data":"Inflame","floor":12,"key":"SMITH"},{"data":"Sword Boomerang","floor":15,"key":"SMITH"},{"data":"Limit Break","floor":23,"key":"SMITH"},{"data":"Inflame","floor":25,"key":"SMITH"},{"data":"Inflame","floor":32,"key":"SMITH"},{"data":"Rage","floor":46,"key":"SMITH"},{"data":"Metallicize","floor":49,"key":"SMITH"}],"neow_cost":"TEN_PERCENT_HP_LOSS","seed_source_timestamp":10512078830500,"circlet_count":0,"master_deck":["Defend_R","Defend_R","Defend_R","Defend_R","Bash+1","Sword Boomerang+1","Inflame+1","Inflame+1","Sword Boomerang+1","Rage+1","Metallicize+1","Inflame+1","Sword Boomerang+1","Limit Break+1","Shrug It Off","Sword Boomerang+1"],"relics":["Burning Blood","Prayer Wheel","Whetstone","Art of War","MawBank","Happy Flower","Coffee Dripper","Blood Vial","Juzu Bracelet","Shuriken","Vajra","Bag of Marbles","Anchor","Mark of Pain","Orichalcum","Dream Catcher","Pen Nib","Strawberry"],"potions_floor_usage":[24,24,50,50,50],"damage_taken":[{"damage":6,"enemies":"Cultist","floor":1,"turns":4},{"damage":6,"enemies":"2 Louse","floor":2,"turns":3},{"damage":0,"enemies":"Small Slimes","floor":4,"turns":3},{"damage":4,"enemies":"Blue Slaver","floor":5,"turns":3},{"damage":8,"enemies":"2 Fungi Beasts","floor":7,"turns":3},{"damage":13,"enemies":"Lagavulin","floor":8,"turns":5},{"damage":16,"enemies":"Lots of Slimes","floor":13,"turns":4},{"damage":7,"enemies":"Large Slime","floor":14,"turns":5},{"damage":21,"enemies":"Slime Boss","floor":16,"turns":6},{"damage":10,"enemies":"Chosen","floor":18,"turns":6},{"damage":0,"enemies":"Spheric Guardian","floor":19,"turns":2},{"damage":15,"enemies":"Snecko","floor":21,"turns":4},{"damage":19,"enemies":"Centurion and Healer","floor":22,"turns":3},{"damage":6,"enemies":"Gremlin Leader","floor":24,"turns":5},{"damage":16,"enemies":"Snake Plant","floor":28,"turns":2},{"damage":25,"enemies":"Collector","floor":33,"turns":5},{"damage":17,"enemies":"3 Darklings","floor":35,"turns":5},{"damage":17,"enemies":"Nemesis","floor":40,"turns":3},{"damage":0,"enemies":"Orb Walker","floor":42,"turns":2},{"damage":0,"enemies":"Giant Head","floor":47,"turns":4},{"damage":0,"enemies":"Transient","floor":48,"turns":5},{"damage":64,"enemies":"Time Eater","floor":50,"turns":6}],"seed_played":"6631272278189215744","potions_obtained":[{"floor":2,"key":"FearPotion"},{"floor":4,"key":"Dexterity Potion"},{"floor":7,"key":"FairyPotion"},{"floor":14,"key":"Weak Potion"},{"floor":28,"key":"EssenceOfSteel"},{"floor":47,"key":"FearPotion"},{"floor":48,"key":"SteroidPotion"}],"is_trial":false,"path_per_floor":["M","M","$","M","M","R","M","E","T","T","?","R","M","M","R","B",null,"M","M","T","M","M","R","E","R","T","$","M","?","?","$","R","B",null,"M","$","?","?","?","E","?","M","T","?","$","R","E","M","R","B",null],"character_chosen":"IRONCLAD","items_purchased":["Inflame","Vajra","Anchor","Pen Nib"],"campfire_rested":0,"item_purchase_floors":[3,27,31,45],"current_hp_per_floor":[72,72,72,72,72,72,70,63,63,63,63,63,53,52,52,37,72,68,72,72,63,52,52,54,54,54,54,46,46,46,46,46,29,72,61,61,61,61,61,52,52,60,60,60,60,60,75,75,75,17],"gold":127,"neow_bonus":"ONE_RARE_RELIC","is_prod":false,"is_daily":false,"chose_seed":false,"campfire_upgraded":8,"win_rate":0,"timestamp":1563436380,"path_taken":["M","?","$","M","M","R","M","E","T","?","?","R","?","M","R","BOSS","M","M","?","?","M","R","E","R","T","$","M","?","?","$","R","BOSS","M","$","?","?","?","E","?","M","T","?","$","R","E","M","R","BOSS"],"build_version":"2019-07-10","purchased_purges":4,"victory":true,"max_hp_per_floor":[72,72,72,72,72,72,72,72,72,72,72,72,72,72,72,72,72,72,72,72,72,72,72,72,72,72,72,72,72,72,72,72,72,72,72,72,72,72,68,68,68,68,68,68,68,68,75,75,75,75],"card_choices":[{"not_picked":["Thunderclap","Carnage"],"picked":"Sword Boomerang","floor":1},{"not_picked":["Hemokinesis","Entrench","Pommel Strike"],"picked":"SKIP","floor":1},{"not_picked":["Heavy Blade","Bloodletting","Iron Wave"],"picked":"SKIP","floor":2},{"not_picked":["Searing Blow","Body Slam","Cleave"],"picked":"SKIP","floor":2},{"not_picked":["Uppercut","Rampage"],"picked":"Inflame","floor":4},{"not_picked":["Clothesline","Havoc","Dark Embrace"],"picked":"SKIP","floor":4},{"not_picked":["Corruption","Dual Wield"],"picked":"Sword Boomerang","floor":5},{"not_picked":["Clothesline","Headbutt","Flex"],"picked":"SKIP","floor":5},{"not_picked":["Warcry","Thunderclap","Anger"],"picked":"SKIP","floor":7},{"not_picked":["Seeing Red","Thunderclap","Heavy Blade"],"picked":"SKIP","floor":7},{"not_picked":["Exhume","Searing Blow","Seeing Red"],"picked":"SKIP","floor":8},{"not_picked":["Sword Boomerang","Heavy Blade"],"picked":"Rage","floor":13},{"not_picked":["Anger","Havoc"],"picked":"Metallicize","floor":13},{"not_picked":["Iron Wave","Feel No Pain"],"picked":"Inflame","floor":14},{"not_picked":["Bloodletting","Anger"],"picked":"Sword Boomerang","floor":14},{"not_picked":["Barricade","Demon Form"],"picked":"Limit Break","floor":16},{"not_picked":["Cleave+1","Spot Weakness"],"picked":"Shrug It Off","floor":18},{"not_picked":["Clash","Perfected Strike+1","Anger"],"picked":"SKIP","floor":18},{"not_picked":["Reckless Charge+1","Feel No Pain","Ghostly Armor"],"picked":"SKIP","floor":19},{"not_picked":["Sentinel","Hemokinesis","Wild Strike+1"],"picked":"SKIP","floor":19},{"not_picked":["Power Through+1","Burning Pact","True Grit"],"picked":"SKIP","floor":21},{"not_picked":["Armaments","Twin Strike","Juggernaut"],"picked":"SKIP","floor":21},{"not_picked":["Anger+1","Power Through","Cleave+1"],"picked":"SKIP","floor":22},{"not_picked":["Flame Barrier","Shrug It Off+1","Burning Pact"],"picked":"SKIP","floor":22},{"not_picked":["Blood for Blood","Corruption","Havoc+1"],"picked":"SKIP","floor":24},{"not_picked":["Anger","Second Wind"],"picked":"Sword Boomerang+1","floor":28},{"not_picked":["Wild Strike","True Grit","Shrug It Off+1"],"picked":"SKIP","floor":28},{"not_picked":["Perfected Strike","Corruption","Thunderclap+1"],"picked":"SKIP","floor":35},{"not_picked":["Armaments+1","Fire Breathing","Wild Strike+1"],"picked":"SKIP","floor":35},{"not_picked":["Spot Weakness","Power Through+1","Flame Barrier"],"picked":"SKIP","floor":40},{"not_picked":["Combust+1","Disarm","True Grit+1"],"picked":"SKIP","floor":42},{"not_picked":["True Grit+1","Armaments+1","Anger"],"picked":"SKIP","floor":42},{"not_picked":["Cleave+1","Wild Strike","Thunderclap"],"picked":"SKIP","floor":47},{"not_picked":["Inflame","Sever Soul","Immolate"],"picked":"SKIP","floor":48},{"not_picked":["Heavy Blade+1","Thunderclap+1","Shrug It Off"],"picked":"SKIP","floor":48}],"player_experience":173421,"relics_obtained":[{"floor":8,"key":"Whetstone"},{"floor":9,"key":"Art of War"},{"floor":10,"key":"MawBank"},{"floor":20,"key":"Blood Vial"},{"floor":24,"key":"Juzu Bracelet"},{"floor":26,"key":"Shuriken"},{"floor":40,"key":"Orichalcum"},{"floor":43,"key":"Dream Catcher"},{"floor":47,"key":"Strawberry"}],"event_choices":[{"damage_healed":0,"gold_gain":0,"player_choice":"Gave Potion","damage_taken":0,"relics_obtained":["Happy Flower"],"max_hp_gain":0,"max_hp_loss":0,"event_name":"WeMeetAgain","floor":11,"gold_loss":0},{"damage_healed":0,"gold_gain":0,"player_choice":"Opened","damage_taken":0,"relics_obtained":["Bag of Marbles"],"max_hp_gain":0,"max_hp_loss":0,"event_name":"The Mausoleum","floor":29,"gold_loss":0,"cards_obtained":["Writhe"]},{"damage_healed":0,"gold_gain":0,"player_choice":"Ignored","damage_taken":0,"max_hp_gain":0,"max_hp_loss":0,"event_name":"Ghosts","floor":30,"gold_loss":0},{"cards_removed":["Strike_R"],"damage_healed":0,"gold_gain":0,"player_choice":"Removed Attack","damage_taken":0,"max_hp_gain":0,"max_hp_loss":0,"event_name":"Falling","floor":37,"gold_loss":0},{"cards_removed":["Strike_R"],"damage_healed":0,"gold_gain":0,"player_choice":"Purged","damage_taken":0,"max_hp_gain":0,"max_hp_loss":0,"event_name":"Purifier","floor":38,"gold_loss":0},{"damage_healed":0,"gold_gain":0,"player_choice":"Max HP","damage_taken":0,"max_hp_gain":0,"max_hp_loss":4,"event_name":"Winding Halls","floor":39,"gold_loss":0},{"damage_healed":0,"gold_gain":0,"player_choice":"Ignored","damage_taken":0,"max_hp_gain":0,"max_hp_loss":0,"event_name":"Mysterious Sphere","floor":41,"gold_loss":0},{"damage_healed":0,"gold_gain":0,"player_choice":"Ignored","damage_taken":0,"max_hp_gain":0,"max_hp_loss":0,"event_name":"Tomb of Lord Red Mask","floor":44,"gold_loss":0}],"is_beta":true,"boss_relics":[{"not_picked":["Pandora\u0027s Box","Black Blood"],"picked":"Coffee Dripper"},{"not_picked":["Tiny House","Orrery"],"picked":"Mark of Pain"}],"items_purged_floors":[3,27,31,36],"is_endless":false,"potions_floor_spawned":[2,4,7,14,16,18,22,28,47,48],"ascension_level":0}