{"gold_per_floor":[364,374,24,43,53,84,84,96,96,96,96,171,171,185,185,289,289,301,301,226,68,8,8],"floor_reached":23,"playtime":681,"items_purged":["Shame"],"score":189,"play_id":"c1e503ce-cedb-457a-bc73-da46f42ebda2","local_time":"20190722034706","is_ascension_mode":false,"campfire_choices":[{"data":"Zap","floor":7,"key":"SMITH"},{"data":"Hologram","floor":10,"key":"SMITH"},{"data":"Machine Learning","floor":13,"key":"SMITH"},{"data":"Self Repair","floor":15,"key":"SMITH"}],"neow_cost":"CURSE","seed_source_timestamp":198574381655700,"circlet_count":0,"master_deck":["Strike_B","Strike_B","Strike_B","Defend_B","Defend_B","Defend_B","Defend_B","Zap+1","Dualcast","Leap","Self Repair+1","Steam","Machine Learning+1","Hologram+1","Loop","Echo Form","BootSequence","Static Discharge","Blind"],"relics":["Cracked Core","DataDisk","Molten Egg 2","Meat on the Bone","Cursed Key"],"potions_floor_usage":[],"damage_taken":[{"damage":13,"enemies":"Jaw Worm","floor":1,"turns":4},{"damage":1,"enemies":"2 Louse","floor":2,"turns":2},{"damage":7,"enemies":"Small Slimes","floor":4,"turns":3},{"damage":0,"enemies":"Blue Slaver","floor":5,"turns":5},{"damage":12,"enemies":"Lagavulin","floor":6,"turns":9},{"damage":4,"enemies":"Looter","floor":8,"turns":4},{"damage":0,"enemies":"Exordium Wildlife","floor":14,"turns":5},{"damage":15,"enemies":"The Guardian","floor":16,"turns":11},{"damage":9,"enemies":"Spheric Guardian","floor":18,"turns":6},{"damage":5,"enemies":"2 Thieves","floor":22,"turns":4},{"damage":26,"enemies":"Gremlin Leader","floor":23,"turns":7}],"seed_played":"-6310009866076008324","potions_obtained":[{"floor":1,"key":"SpeedPotion"},{"floor":2,"key":"Regen Potion"},{"floor":6,"key":"SkillPotion"}],"is_trial":false,"path_per_floor":["M","M","$","M","M","E","R","M","T","R","?","?","R","M","R","B",null,"M","?","?","$","M","E"],"character_chosen":"DEFECT","items_purchased":["DataDisk","Self Repair","Steam","Static Discharge","Blind"],"campfire_rested":0,"item_purchase_floors":[3,3,3,21,21],"current_hp_per_floor":[62,61,61,61,68,63,63,66,66,66,48,37,37,56,56,51,75,75,75,75,75,75,49],"gold":8,"neow_bonus":"TWO_FIFTY_GOLD","is_prod":false,"is_daily":false,"chose_seed":false,"campfire_upgraded":4,"win_rate":0,"timestamp":1563756426,"path_taken":["M","M","$","M","M","E","R","M","T","R","?","?","R","M","R","BOSS","M","?","?","$","M","E"],"build_version":"2019-07-17","purchased_purges":1,"victory":false,"max_hp_per_floor":[75,75,75,75,75,75,75,75,75,75,75,75,75,75,75,75,75,75,75,75,75,75,75],"card_choices":[{"not_picked":["Tempest","White Noise","Coolheaded"],"picked":"SKIP","floor":1},{"not_picked":["Stack","Sweeping Beam"],"picked":"Leap","floor":2},{"not_picked":["Barrage","Rip and Tear","Melter"],"picked":"SKIP","floor":4},{"not_picked":["Streamline","Tempest"],"picked":"Machine Learning","floor":5},{"not_picked":["Double Energy","Heatsinks"],"picked":"Hologram","floor":6},{"not_picked":["Beam Cell+1","Aggregate","Streamline+1"],"picked":"SKIP","floor":8},{"not_picked":["Cold Snap+1","Stack"],"picked":"Loop","floor":14},{"not_picked":["Core Surge+1","Biased Cognition"],"picked":"Echo Form","floor":16},{"not_picked":["Recycle","Doom and Gloom+1"],"picked":"BootSequence","floor":18},{"not_picked":["Beam Cell+1","Stack","Leap"],"picked":"SKIP","floor":22}],"player_experience":726059,"relics_obtained":[{"floor":6,"key":"Molten Egg 2"}],"event_choices":[{"damage_healed":0,"gold_gain":0,"player_choice":"Success","damage_taken":18,"relics_obtained":["Meat on the Bone"],"max_hp_gain":0,"max_hp_loss":0,"event_name":"Scrap Ooze","floor":11,"gold_loss":0},{"damage_healed":0,"gold_gain":75,"player_choice":"Gather Gold","damage_taken":11,"max_hp_gain":0,"max_hp_loss":0,"event_name":"World of Goop","floor":12,"gold_loss":0},{"damage_healed":0,"gold_gain":0,"player_choice":"Ignored","damage_taken":0,"max_hp_gain":0,"max_hp_loss":0,"event_name":"Ghosts","floor":19,"gold_loss":0},{"cards_removed":["Strike_B"],"damage_healed":0,"gold_gain":0,"player_choice":"Gave Gold","damage_taken":0,"max_hp_gain":0,"max_hp_loss":0,"event_name":"Beggar","floor":20,"gold_loss":75}],"is_beta":false,"boss_relics":[{"not_picked":["Inserter","Nuclear Battery"],"picked":"Cursed Key"}],"items_purged_floors":[3],"is_endless":false,"potions_floor_spawned":[1,2,6],"killed_by":"Gremlin Leader","ascension_level":0}