{"gold_per_floor":[109,129,143,143,158,158,3,22,48,48,48,87,87,106,106,106],"floor_reached":16,"playtime":393,"items_purged":["Strike_G"],"score":102,"play_id":"bdbb5e1c-61b8-4cda-b0cf-2bec89612b86","local_time":"20190721040029","is_ascension_mode":false,"campfire_choices":[{"data":"Blade Dance","floor":6.0,"key":"SMITH"},{"data":"Footwork","floor":11.0,"key":"SMITH"},{"floor":13,"key":"REST"},{"data":"Storm of Steel","floor":15,"key":"SMITH"}],"neow_cost":"PERCENT_DAMAGE","seed_source_timestamp":113216696770800,"circlet_count":0,"master_deck":["Strike_G","Strike_G","Strike_G","Strike_G+1","Defend_G","Defend_G","Defend_G","Defend_G","Defend_G","Survivor","Neutralize+1","Accuracy+1","Blade Dance+1","Footwork+1","Dodge and Roll","Storm of Steel+1","Well Laid Plans"],"special_seed":0,"relics":["Ring of the Snake","StoneCalendar","Whetstone","Golden Idol","Juzu Bracelet"],"potions_floor_usage":[16],"damage_taken":[{"damage":5.0,"enemies":"Jaw Worm","floor":1.0,"turns":6.0},{"damage":0.0,"enemies":"Cultist","floor":2.0,"turns":3.0},{"damage":0.0,"enemies":"Small Slimes","floor":3.0,"turns":6.0},{"damage":10.0,"enemies":"Looter","floor":5.0,"turns":4.0},{"damage":3.0,"enemies":"2 Fungi Beasts","floor":8.0,"turns":3.0},{"damage":27.0,"enemies":"Gremlin Nob","floor":12.0,"turns":6.0},{"damage":13,"enemies":"3 Louse","floor":14,"turns":4},{"damage":4,"enemies":"The Guardian","floor":16,"turns":7}],"seed_played":"1110082578327928978","potions_obtained":[{"floor":2.0,"key":"SpeedPotion"},{"floor":5.0,"key":"Swift Potion"},{"floor":14,"key":"AttackPotion"}],"is_trial":false,"path_per_floor":["M","M","M","?","M","R","$","M","T","?","R","E","R","M","R","B"],"character_chosen":"THE_SILENT","items_purchased":["Footwork"],"campfire_rested":1,"item_purchase_floors":[7],"current_hp_per_floor":[44,44,44,44,34,34,34,31,31,31,31,4,23,10,10,6],"gold":106,"neow_bonus":"ONE_RARE_RELIC","is_prod":false,"is_daily":false,"chose_seed":false,"campfire_upgraded":3,"win_rate":0,"timestamp":1563670829,"path_taken":["M","M","M","?","M","R","$","M","T","?","R","E","R","M","R","BOSS"],"build_version":"2019-07-17","purchased_purges":1,"victory":false,"max_hp_per_floor":[70,70,70,70,70,70,70,70,70,65,65,65,65,65,65,65],"card_choices":[{"not_picked":["Underhanded Strike","Terror","Tactician"],"picked":"SKIP","floor":1.0},{"not_picked":["Dash","Flechettes"],"picked":"Accuracy","floor":2.0},{"not_picked":["Dagger Throw","Flying Knee","Heel Hook"],"picked":"SKIP","floor":3.0},{"not_picked":["Acrobatics","Backflip"],"picked":"Blade Dance","floor":5.0},{"not_picked":["Distraction","Blur"],"picked":"Dodge and Roll","floor":8.0},{"not_picked":["Bane","Eviscerate"],"picked":"Storm of Steel","floor":12},{"not_picked":["Concentrate","Deflect"],"picked":"Well Laid Plans","floor":14}],"player_experience":721934,"relics_obtained":[{"floor":9.0,"key":"Whetstone"},{"floor":12,"key":"Juzu Bracelet"}],"event_choices":[{"damage_healed":0.0,"max_hp_gain":0.0,"max_hp_loss":0.0,"gold_gain":0.0,"event_name":"Living Wall","player_choice":"Grow","floor":4.0,"gold_loss":0.0,"damage_taken":0.0,"cards_upgraded":["Accuracy"]},{"damage_healed":0.0,"max_hp_gain":0.0,"max_hp_loss":5.0,"gold_gain":0.0,"event_name":"Golden Idol","player_choice":"Lose Max HP","floor":10.0,"gold_loss":0.0,"damage_taken":0.0,"relics_obtained":["Golden Idol"]}],"is_beta":false,"boss_relics":[],"items_purged_floors":[7],"is_endless":false,"potions_floor_spawned":[2,5,14],"killed_by":"The Guardian","ascension_level":0}