{"path_per_floor":["M","?","M","M","?","R","M","M","T","$","M","?","R","M","R","B",null,"M","?","M","?","$","R","E","R","T","E","R","M","M","M","R","B",null,"M","?","M","M","M","R"],"character_chosen":"THE_SILENT","items_purchased":["Acrobatics","Caltrops","Noxious Fumes"],"gold_per_floor":[115,115,128,145,145,145,165,184,184,92,102,102,102,122,122,221,221,235,235,253,178,33,33,59,59,59,92,92,104,120,132,132,229,229,248,248,263,277,297,297],"floor_reached":41,"campfire_rested":0,"playtime":7818,"current_hp_per_floor":[68,68,68,68,68,68,60,60,60,60,60,48,48,48,48,48,84,78,58,54,54,54,54,55,55,55,34,34,40,50,53,53,53,58,51,51,34,39,41,41],"items_purged":["Writhe"],"gold":297,"play_id":"408fa197-ddb6-4886-a750-fd075b62a6be","is_prod":false,"is_daily":false,"campfire_rituals":0,"campfire_upgraded":8,"is_hardmode":false,"path_taken":["M","?","M","M","?","R","?","M","T","$","M","?","R","M","R","BOSS","M","?","M","?","?","R","E","R","T","E","R","M","M","M","R","BOSS","M","?","M","M","M","R","E"],"build_version":"2018-01-18-PROD4","purchased_purges":1,"victory":false,"master_deck":["Defend_G","Defend_G","Defend_G","Defend_G","Defend_G","Survivor","Neutralize","Prepared","Backflip","Leg Sweep","Sucker Punch","Acrobatics","Caltrops","Dagger Spray","Prepared","A Thousand Cuts","Clumsy","Bite_G","Bite_G","Bite_G","Bite_G","Bite_G","Noxious Fumes","Skewer","Flying Knee","Outmaneuver","Footwork","Infinite Blades","Prepared","Escape Plan","Blade Dance","Infinite Blades","Backflip"],"max_hp_per_floor":[70,70,70,70,70,70,70,70,70,70,70,70,70,70,70,70,84,84,58,58,58,58,58,58,58,58,58,58,58,58,58,58,58,58,58,58,58,58,58,58],"relics":["Ring of the Snake","Anchor","Thread and Needle","Regal Pillow","Calling Bell","Mango","Meat on the Bone","Bag of Marbles","Gambling Chip","Gremlin Horn","Orichalcum","Orrery"],"campfire_meditates":0,"card_choices":[{"not_picked":["Deadly Poison","Quick Slash"],"picked":"Prepared"},{"not_picked":["Deflect","PiercingWail"],"picked":"Leg Sweep"},{"not_picked":["Bane","Backstab"],"picked":"Sucker Punch"},{"not_picked":["Terror","Endless Agony"],"picked":"Dagger Spray"},{"not_picked":["Backflip","Dagger Throw"],"picked":"Prepared"},{"not_picked":["Glass Knife","Envenom"],"picked":"A Thousand Cuts"},{"not_picked":["Predator","Burst"],"picked":"Skewer"},{"not_picked":["Poisoned Stab","Flechettes"],"picked":"Flying Knee"},{"not_picked":["Bouncing Flask","Well Laid Plans"],"picked":"Outmaneuver"},{"not_picked":["Quick Slash","Dash"],"picked":"Footwork"},{"not_picked":["Quick Slash","Dodge and Roll"],"picked":"Infinite Blades"},{"not_picked":["Terror","Footwork"],"picked":"Prepared"},{"not_picked":["Dagger Throw","PiercingWail"],"picked":"Escape Plan"},{"not_picked":["Dodge and Roll","Quick Slash"],"picked":"Blade Dance"},{"not_picked":["Riddle With Holes","Bane"],"picked":"Infinite Blades"},{"not_picked":["Poisoned Stab","Flying Knee"],"picked":"Backflip"}],"player_experience":20745,"potions_floor_usage":[16,16,31,33,38,38,41],"damage_taken":[{"damage":2,"enemies":"Small Slimes","floor":1,"turns":4},{"damage":0,"enemies":"Jaw Worm","floor":3,"turns":5},{"damage":0,"enemies":"2 Louse","floor":4,"turns":4},{"damage":8,"enemies":"2 Fungi Beasts","floor":7,"turns":6},{"damage":0,"enemies":"Red Slaver","floor":8,"turns":5},{"damage":0,"enemies":"3 Louse","floor":11,"turns":4},{"damage":0,"enemies":"Large Slime","floor":14,"turns":9},{"damage":0,"enemies":"Hexaghost","floor":16,"turns":11},{"damage":6,"enemies":"Spheric Guardian","floor":18,"turns":8},{"damage":10,"enemies":"Chosen","floor":20,"turns":12},{"damage":17,"enemies":"Gremlin Leader","floor":24,"turns":9},{"damage":23,"enemies":"Book of Stabbing","floor":27,"turns":6},{"damage":0,"enemies":"Snecko","floor":29,"turns":5},{"damage":0,"enemies":"Centurion and Healer","floor":30,"turns":6},{"damage":3,"enemies":"Sentry and Sphere","floor":31,"turns":5},{"damage":20,"enemies":"Collector","floor":33,"turns":10},{"damage":7,"enemies":"3 Shapes","floor":35,"turns":4},{"damage":31,"enemies":"3 Darklings","floor":37,"turns":5},{"damage":19,"enemies":"Maw","floor":38,"turns":9},{"damage":14,"enemies":"4 Shapes","floor":39,"turns":5},{"damage":63,"enemies":"Giant Head","floor":41,"turns":11}],"event_choices":[{"event_name":"Living Wall","player_choice":"Change","floor":2,"damage_taken":0},{"event_name":"The Cleric","player_choice":"Leave","floor":5,"damage_taken":0},{"event_name":"Scrap Ooze","player_choice":"success","floor":12,"damage_taken":12},{"event_name":"Vampires","player_choice":"Became a vampire","floor":19,"damage_taken":0},{"event_name":"Beggar","player_choice":"Gave Gold","floor":21,"damage_taken":0},{"event_name":"The Lab","player_choice":"Got Potions","floor":36,"damage_taken":0}],"boss_relics":[{"not_picked":["Snecko Eye","Runic Dome"],"picked":"Calling Bell"},{"not_picked":["Sozu","The Specimen"],"picked":"Orrery"}],"potions_floor_spawned":[4,8,11,14,18,24,33,37,38],"seed_played":"-1311901652527217726","killed_by":"Giant Head","is_trial":false}