{"gold_per_floor":[111,131,149,161,26,51,77,88,112,142,142,160,160,194,194,298,298,311,16,33,46,46,46,61,87,87,87,10,25,59,74,74,175,175,185,132,132,143,159,159,184,184,184,84,84,13,24,44,44,44,44,44,44,44],"floor_reached":54,"playtime":4016,"items_purged":["Strike_R","Decay"],"score":744,"play_id":"d1af4056-d516-4508-ac1a-729edc55e04b","local_time":"20190710080725","is_ascension_mode":false,"campfire_choices":[{"data":"Armaments","floor":11.0,"key":"SMITH"},{"data":"Flame Barrier","floor":13.0,"key":"SMITH"},{"data":"Inflame","floor":15.0,"key":"SMITH"},{"data":"Berserk","floor":23.0,"key":"SMITH"},{"data":"Disarm","floor":27.0,"key":"SMITH"},{"data":"Shockwave","floor":32.0,"key":"SMITH"},{"data":"Shrug It Off","floor":40.0,"key":"SMITH"},{"data":"Iron Wave","floor":42.0,"key":"SMITH"},{"data":"Demon Form","floor":45.0,"key":"SMITH"},{"floor":49.0,"key":"RECALL"},{"data":"Metallicize","floor":52.0,"key":"SMITH"}],"neow_cost":"NONE","seed_source_timestamp":43545103452012,"circlet_count":0,"master_deck":["Strike_R+1","Strike_R+1","Defend_R","Defend_R","Defend_R","Defend_R","Bash","Clothesline","Seeing Red","Twin Strike","Inflame+1","Iron Wave+1","Juggernaut","Rampage","Armaments+1","Flame Barrier+1","Berserk+1","Disarm+1","Metallicize+1","Pommel Strike","Twin Strike+1","Battle Trance","Shrug It Off","Thunderclap+1","Shockwave+1","Demon Form+1","Shrug It Off+1","Cleave+1","Iron Wave+1","Body Slam+1"],"special_seed":0,"relics":["Burning Blood","Bird Faced Urn","Odd Mushroom","Whetstone","Pen Nib","Empty Cage","Oddly Smooth Stone","Bag of Preparation","Gremlin Horn","Paper Frog","Cursed Key","Happy Flower"],"potions_floor_usage":[],"damage_taken":[{"damage":0.0,"enemies":"Small Slimes","floor":1.0,"turns":3.0},{"damage":6.0,"enemies":"Jaw Worm","floor":2.0,"turns":3.0},{"damage":4.0,"enemies":"Cultist","floor":3.0,"turns":3.0},{"damage":11.0,"enemies":"2 Fungi Beasts","floor":4.0,"turns":4.0},{"damage":11.0,"enemies":"Gremlin Nob","floor":6.0,"turns":4.0},{"damage":21.0,"enemies":"The Mushroom Lair","floor":7.0,"turns":5.0},{"damage":26.0,"enemies":"Exordium Thugs","floor":8.0,"turns":6.0},{"damage":16.0,"enemies":"Lots of Slimes","floor":12.0,"turns":3.0},{"damage":9.0,"enemies":"Lagavulin","floor":14.0,"turns":8.0},{"damage":27.0,"enemies":"Hexaghost","floor":16.0,"turns":9.0},{"damage":0.0,"enemies":"Chosen","floor":18.0,"turns":4.0},{"damage":34.0,"enemies":"2 Thieves","floor":20.0,"turns":5.0},{"damage":9.0,"enemies":"Snecko","floor":21.0,"turns":6.0},{"damage":1.0,"enemies":"Snake Plant","floor":24.0,"turns":4.0},{"damage":26.0,"enemies":"Book of Stabbing","floor":25.0,"turns":7.0},{"damage":13.0,"enemies":"Sentry and Sphere","floor":29.0,"turns":5.0},{"damage":0.0,"enemies":"Gremlin Leader","floor":30.0,"turns":6.0},{"damage":5.0,"enemies":"Chosen and Byrds","floor":31.0,"turns":5.0},{"damage":70.0,"enemies":"Automaton","floor":33.0,"turns":11.0},{"damage":0.0,"enemies":"Orb Walker","floor":35.0,"turns":4.0},{"damage":0.0,"enemies":"3 Shapes","floor":38.0,"turns":6.0},{"damage":8.0,"enemies":"Transient","floor":39.0,"turns":5.0},{"damage":9.0,"enemies":"Reptomancer","floor":41.0,"turns":7.0},{"damage":18.0,"enemies":"Sphere and 2 Shapes","floor":47.0,"turns":7.0},{"damage":43.0,"enemies":"Spire Growth","floor":48.0,"turns":5.0},{"damage":48.0,"enemies":"Donu and Deca","floor":50.0,"turns":8.0},{"damage":87,"enemies":"Shield and Spear","floor":54,"turns":8}],"seed_played":"-8931956630764432222","potions_obtained":[{"floor":3.0,"key":"LiquidBronze"},{"floor":4.0,"key":"Strength Potion"},{"floor":8.0,"key":"Dexterity Potion"},{"floor":14.0,"key":"AttackPotion"},{"floor":16.0,"key":"AttackPotion"},{"floor":20.0,"key":"Regen Potion"},{"floor":25.0,"key":"Fire Potion"},{"floor":29.0,"key":"AttackPotion"},{"floor":33.0,"key":"SkillPotion"},{"floor":35.0,"key":"Energy Potion"},{"floor":39.0,"key":"SteroidPotion"},{"floor":41.0,"key":"SkillPotion"},{"floor":47.0,"key":"SteroidPotion"}],"is_trial":false,"path_per_floor":["M","M","M","M","$","E","?","M","T","?","R","M","R","E","R","B",null,"M","$","M","M","?","R","M","E","T","R","$","M","E","M","R","B",null,"M","$","?","M","M","R","E","R","T","$","R","$","M","M","R","B",null,"R","$","E"],"character_chosen":"IRONCLAD","items_purchased":["Inflame","Iron Wave","Metallicize","Oddly Smooth Stone","Battle Trance","Shrug It Off","GamblersBrew"],"campfire_rested":0,"item_purchase_floors":[5,5,19,19,28,36,46],"current_hp_per_floor":[80,80,80,75,75,70,57,39,39,39,39,31,31,34,34,19,80,80,80,56,74,74,74,80,64,64,64,64,65,79,80,80,20,80,80,80,80,80,80,80,79,79,79,79,79,79,70,39,39,7,80,80,80,0],"gold":44,"neow_bonus":"ONE_RANDOM_RARE_CARD","is_prod":false,"is_daily":false,"chose_seed":false,"campfire_upgraded":10,"win_rate":0,"timestamp":1562738845,"path_taken":["M","M","M","M","$","E","?","M","T","?","R","M","R","E","R","BOSS","M","$","M","M","?","R","M","E","T","R","$","?","E","M","R","BOSS","M","$","?","M","M","R","E","R","T","?","R","$","?","M","R","BOSS","R","$","E"],"build_version":"2019-07-05","purchased_purges":2,"victory":false,"max_hp_per_floor":[80,80,80,80,80,80,80,80,80,80,80,80,80,80,80,80,80,80,80,80,80,80,80,80,80,80,80,80,80,80,80,80,80,80,80,80,80,80,80,80,80,80,80,80,80,80,80,80,80,80,80,80,80,80],"card_choices":[{"not_picked":["Rupture","True Grit"],"picked":"Clothesline","floor":1.0},{"not_picked":["Rupture","Wild Strike"],"picked":"Seeing Red","floor":2.0},{"not_picked":["Spot Weakness","Warcry"],"picked":"Rupture","floor":3.0},{"not_picked":["Anger","Pommel Strike"],"picked":"Twin Strike","floor":4.0},{"not_picked":["Metallicize","Warcry"],"picked":"Juggernaut","floor":6.0},{"not_picked":["Wild Strike","Rupture"],"picked":"Rampage","floor":7.0},{"not_picked":["Wild Strike","Seeing Red"],"picked":"Armaments","floor":8.0},{"not_picked":["Heavy Blade","Double Tap"],"picked":"Flame Barrier","floor":12.0},{"not_picked":["Evolve","Iron Wave","Searing Blow"],"picked":"SKIP","floor":14.0},{"not_picked":["Dark Embrace","Double Tap"],"picked":"Berserk","floor":16.0},{"not_picked":["Fire Breathing","Wild Strike"],"picked":"Disarm","floor":18.0},{"not_picked":["Sword Boomerang","Anger"],"picked":"Pommel Strike","floor":20.0},{"not_picked":["Clothesline","Burning Pact"],"picked":"Twin Strike+1","floor":21.0},{"not_picked":["Armaments","Corruption","Flex"],"picked":"SKIP","floor":24.0},{"not_picked":["Sword Boomerang+1","Exhume","Anger+1"],"picked":"SKIP","floor":25.0},{"not_picked":["Thunderclap","Cleave"],"picked":"Shrug It Off","floor":29.0},{"not_picked":["Cleave+1","Corruption+1"],"picked":"Thunderclap+1","floor":30.0},{"not_picked":["Wild Strike","Exhume"],"picked":"Shockwave","floor":31.0},{"not_picked":["Brutality","Fiend Fire"],"picked":"Demon Form","floor":33.0},{"not_picked":["Twin Strike+1","Armaments","Sword Boomerang+1"],"picked":"SKIP","floor":35.0},{"not_picked":["Pommel Strike+1","Thunderclap","Twin Strike"],"picked":"SKIP","floor":38.0},{"not_picked":["Havoc+1","Clash"],"picked":"Cleave+1","floor":39.0},{"not_picked":["Sentinel","Clothesline+1"],"picked":"Iron Wave+1","floor":41.0},{"not_picked":["Shrug It Off","Iron Wave","Warcry+1"],"picked":"SKIP","floor":47.0},{"not_picked":["Anger","Impervious"],"picked":"Body Slam+1","floor":48.0}],"player_experience":330544,"relics_obtained":[{"floor":6.0,"key":"Bird Faced Urn"},{"floor":7.0,"key":"Odd Mushroom"},{"floor":9.0,"key":"Whetstone"},{"floor":14.0,"key":"Pen Nib"},{"floor":25.0,"key":"Bag of Preparation"},{"floor":26.0,"key":"Gremlin Horn"},{"floor":30.0,"key":"Paper Frog"},{"floor":41.0,"key":"Happy Flower"}],"event_choices":[{"damage_healed":0.0,"max_hp_gain":0.0,"max_hp_loss":0.0,"gold_gain":0.0,"event_name":"Mushrooms","player_choice":"Fought Mushrooms","floor":7.0,"gold_loss":0.0,"damage_taken":0.0},{"damage_healed":0.0,"max_hp_gain":0.0,"max_hp_loss":0.0,"gold_gain":30.0,"event_name":"Dead Adventurer","player_choice":"Searched \u00271\u0027 times","floor":10.0,"gold_loss":0.0,"damage_taken":0.0},{"cards_removed":["Strike_R"],"damage_healed":0.0,"max_hp_gain":0.0,"max_hp_loss":0.0,"gold_gain":0.0,"event_name":"Purifier","player_choice":"Purged","floor":22.0,"gold_loss":0.0,"damage_taken":0.0},{"cards_removed":["Strike_R"],"damage_healed":0.0,"max_hp_gain":0.0,"max_hp_loss":0.0,"gold_gain":0.0,"event_name":"Purifier","player_choice":"Purged","floor":37.0,"gold_loss":0.0,"damage_taken":0.0}],"is_beta":false,"boss_relics":[{"not_picked":["Fusion Hammer","Calling Bell"],"picked":"Empty Cage"},{"not_picked":["Black Star","Busted Crown"],"picked":"Cursed Key"}],"items_purged_floors":[19,44],"is_endless":false,"potions_floor_spawned":[3,4,8,14,16,20,25,29,33,35,39,41,47],"killed_by":"Shield and Spear","ascension_level":0}