{"gold_per_floor":[111,131,151,151,162,162,197,197,197,167,185,34,34,48,48,144,144,156,174,192,204,41,59,69,80,107,107,136,136,161,175,175,272,272,292,292,304,49,62,91,91,118,145,159,159,4,4,24,24,24,24,24,24,56,56],"floor_reached":55,"playtime":6799,"items_purged":["Defend_R"],"score":875,"play_id":"3198107e-8189-4e7d-9623-2ee9aa0587d5","local_time":"20190727132138","is_ascension_mode":true,"campfire_choices":[{"floor":6,"key":"RECALL"},{"data":"Bash","floor":8,"key":"SMITH"},{"data":"Whirlwind","floor":13,"key":"SMITH"},{"data":"Clothesline","floor":15,"key":"SMITH"},{"data":"Shockwave","floor":27,"key":"SMITH"},{"data":"Inflame","floor":29,"key":"SMITH"},{"data":"Pommel Strike","floor":32,"key":"SMITH"},{"data":"Double Tap","floor":41,"key":"SMITH"},{"data":"Bludgeon","floor":45,"key":"SMITH"},{"data":"Metallicize","floor":49,"key":"SMITH"},{"data":"Pommel Strike","floor":52,"key":"SMITH"}],"neow_cost":"TEN_PERCENT_HP_LOSS","seed_source_timestamp":1199792971928982,"circlet_count":0,"master_deck":["Strike_R","Defend_R+1","Defend_R","Bash+1","Shrug It Off","Twin Strike+1","Metallicize+1","Rage+1","Inflame+1","Whirlwind+1","Reaper+1","Anger","Clothesline+1","Offering","Pommel Strike+1","Pommel Strike+1","Shockwave+1","True Grit+1","Discovery","Clothesline","Corruption+1","Spot Weakness+1","Entrench+1","Heavy Blade+1","Double Tap+1","Bloodletting+1","Whirlwind+1","Feed+1","Armaments+1","Bludgeon+1","Enlightenment","Feel No Pain+1","Wild Strike+1","Feel No Pain+1","Warcry+1","Cleave+1","Armaments+1","Power Through+1"],"relics":["Burning Blood","Gremlin Horn","Mercury Hourglass","Anchor","Coffee Dripper","Bag of Marbles","Strawberry","War Paint","Astrolabe","Dodecahedron","Bottled Flame","Red Skull","Juzu Bracelet","Whetstone","Bottled Lightning","Pen Nib"],"potions_floor_usage":[7,7,16,16,20,23,30,33,39,44,44,50,55],"damage_taken":[{"damage":0,"enemies":"Cultist","floor":1,"turns":4},{"damage":0,"enemies":"Small Slimes","floor":2,"turns":3},{"damage":0,"enemies":"2 Louse","floor":3,"turns":4},{"damage":4,"enemies":"Exordium Thugs","floor":5,"turns":5},{"damage":18,"enemies":"Lagavulin","floor":7,"turns":7},{"damage":0,"enemies":"3 Louse","floor":11,"turns":2},{"damage":3,"enemies":"Looter","floor":14,"turns":3},{"damage":12,"enemies":"Slime Boss","floor":16,"turns":7},{"damage":7,"enemies":"2 Thieves","floor":18,"turns":2},{"damage":7,"enemies":"Spheric Guardian","floor":19,"turns":3},{"damage":13,"enemies":"Centurion and Healer","floor":20,"turns":5},{"damage":12,"enemies":"Snake Plant","floor":21,"turns":3},{"damage":6,"enemies":"Sentry and Sphere","floor":23,"turns":2},{"damage":6,"enemies":"Centurion and Healer","floor":24,"turns":5},{"damage":6,"enemies":"3 Cultists","floor":25,"turns":3},{"damage":6,"enemies":"Book of Stabbing","floor":28,"turns":4},{"damage":6,"enemies":"Gremlin Leader","floor":30,"turns":5},{"damage":6,"enemies":"Sentry and Sphere","floor":31,"turns":3},{"damage":26,"enemies":"Champ","floor":33,"turns":9},{"damage":7,"enemies":"3 Darklings","floor":35,"turns":3},{"damage":9,"enemies":"Orb Walker","floor":37,"turns":4},{"damage":31,"enemies":"Maw","floor":39,"turns":6},{"damage":17,"enemies":"Reptomancer","floor":40,"turns":7},{"damage":23,"enemies":"Giant Head","floor":42,"turns":7},{"damage":26,"enemies":"Spire Growth","floor":44,"turns":5},{"damage":6,"enemies":"Sphere and 2 Shapes","floor":48,"turns":4},{"damage":11,"enemies":"Donu and Deca","floor":50,"turns":6},{"damage":34,"enemies":"Shield and Spear","floor":54,"turns":4},{"damage":96,"enemies":"The Heart","floor":55,"turns":8}],"seed_played":"-6664519902082794389","potions_obtained":[{"floor":1,"key":"SpeedPotion"},{"floor":5,"key":"FearPotion"},{"floor":7,"key":"SkillPotion"},{"floor":10,"key":"Swift Potion"},{"floor":10,"key":"SteroidPotion"},{"floor":16,"key":"EssenceOfSteel"},{"floor":18,"key":"Explosive Potion"},{"floor":20,"key":"BloodPotion"},{"floor":23,"key":"Block Potion"},{"floor":24,"key":"SteroidPotion"},{"floor":39,"key":"BloodPotion"},{"floor":42,"key":"Block Potion"},{"floor":44,"key":"Ancient Potion"},{"floor":48,"key":"SpeedPotion"}],"is_trial":false,"path_per_floor":["M","M","M","T","M","R","E","R","T","?","M","$","R","M","R","B",null,"M","M","M","M","$","M","M","M","T","R","E","R","E","M","R","B",null,"M","?","M","$","M","E","R","E","T","M","R","$","T","M","R","B",null,"R","$","E","B"],"character_chosen":"IRONCLAD","items_purchased":["Anchor","Discovery","Dodecahedron","Whetstone"],"campfire_rested":0,"item_purchase_floors":[12,22,38,46],"current_hp_per_floor":[72,72,72,72,72,72,60,60,60,60,66,66,66,69,69,63,72,72,72,72,66,66,70,72,72,72,72,79,79,79,79,79,59,79,79,79,76,76,83,83,83,75,75,81,81,81,81,83,83,82,87,87,87,79,0],"gold":56,"neow_bonus":"TRANSFORM_TWO_CARDS","is_prod":false,"is_daily":false,"chose_seed":false,"campfire_upgraded":10,"win_rate":0,"timestamp":1564251698,"path_taken":["M","M","M","?","M","R","E","R","T","?","?","?","R","M","R","BOSS","M","M","M","M","$","M","M","M","T","R","E","R","E","M","R","BOSS","M","?","M","$","M","E","R","E","T","M","R","$","?","M","R","BOSS","R","$","E","BOSS"],"build_version":"2019-07-17","purchased_purges":1,"victory":false,"max_hp_per_floor":[72,72,72,72,72,72,72,72,72,72,72,72,72,72,72,72,72,72,72,72,72,72,72,72,72,72,72,79,79,79,79,79,79,79,79,79,79,79,83,83,83,83,83,83,83,83,83,83,83,87,87,87,87,87,87],"card_choices":[{"not_picked":["Thunderclap","Flex"],"picked":"Metallicize","floor":1},{"not_picked":["Evolve","Sword Boomerang"],"picked":"Rage","floor":2},{"not_picked":["Blood for Blood","Pommel Strike"],"picked":"Inflame","floor":3},{"not_picked":["Pommel Strike","Combust"],"picked":"Whirlwind","floor":5},{"not_picked":["Spot Weakness","Battle Trance"],"picked":"Reaper","floor":7},{"not_picked":["Sever Soul","Headbutt"],"picked":"Anger","floor":11},{"not_picked":["Body Slam","True Grit"],"picked":"Clothesline","floor":14},{"not_picked":["Barricade","Feed"],"picked":"Offering","floor":16},{"not_picked":["Whirlwind","Power Through"],"picked":"Pommel Strike","floor":18},{"not_picked":["Wild Strike","Burning Pact"],"picked":"Pommel Strike","floor":19},{"not_picked":["Perfected Strike","Berserk"],"picked":"Shockwave","floor":20},{"not_picked":["Cleave","Flex"],"picked":"True Grit+1","floor":21},{"not_picked":["Pummel","Blood for Blood+1"],"picked":"Clothesline","floor":23},{"not_picked":["Clothesline","Pommel Strike"],"picked":"Corruption+1","floor":24},{"not_picked":["Headbutt","Impervious"],"picked":"Spot Weakness+1","floor":25},{"not_picked":["Hemokinesis","Power Through+1"],"picked":"Entrench+1","floor":28},{"not_picked":["Combust","Searing Blow","True Grit"],"picked":"SKIP","floor":30},{"not_picked":["Pommel Strike","Carnage"],"picked":"Heavy Blade+1","floor":31},{"not_picked":["Offering","Dark Embrace"],"picked":"Double Tap","floor":33},{"not_picked":["True Grit+1","Dual Wield+1"],"picked":"Armaments+1","floor":35},{"not_picked":["Sword Boomerang","True Grit"],"picked":"Feel No Pain+1","floor":37},{"not_picked":["Body Slam","Pommel Strike"],"picked":"Wild Strike+1","floor":39},{"not_picked":["Armaments","Hemokinesis"],"picked":"Feel No Pain+1","floor":40},{"not_picked":["Bloodletting","Clash"],"picked":"Warcry+1","floor":42},{"not_picked":["Sword Boomerang","Iron Wave"],"picked":"Cleave+1","floor":44},{"not_picked":["Immolate","Perfected Strike+1"],"picked":"Armaments+1","floor":48},{"not_picked":["Cleave","Rupture"],"picked":"Power Through+1","floor":54}],"player_experience":80686,"relics_obtained":[{"floor":7,"key":"Gremlin Horn"},{"floor":9,"key":"Mercury Hourglass"},{"floor":26,"key":"Bag of Marbles"},{"floor":28,"key":"Strawberry"},{"floor":30,"key":"War Paint"},{"floor":40,"key":"Bottled Flame"},{"floor":42,"key":"Red Skull"},{"floor":43,"key":"Juzu Bracelet"},{"floor":47,"key":"Bottled Lightning"},{"floor":54,"key":"Pen Nib"}],"event_choices":[{"damage_healed":0,"gold_gain":0,"player_choice":"Bought 2 Potions","damage_taken":0,"max_hp_gain":0,"max_hp_loss":0,"event_name":"The Woman in Blue","floor":10,"gold_loss":0},{"damage_healed":0,"gold_gain":0,"player_choice":"2 cards matched","damage_taken":0,"max_hp_gain":0,"max_hp_loss":0,"event_name":"Match and Keep!","floor":36,"gold_loss":0,"cards_obtained":["Bludgeon","Enlightenment"]}],"is_beta":false,"boss_relics":[{"not_picked":["Runic Cube","White Beast Statue"],"picked":"Coffee Dripper"},{"not_picked":["Lizard Tail","Busted Crown"],"picked":"Astrolabe"}],"items_purged_floors":[22],"is_endless":false,"potions_floor_spawned":[1,5,7,14,16,18,20,23,24,25,39,42,44,48],"killed_by":"The Heart","ascension_level":2}