{"gold_per_floor":[110,110,56,73,91,91,107,107,134,160,85,113,113,125,125,222,222,241,98,98,111,111,111,138,152,203,203,203,233,85,184,184,282,282,295,295,306,206,206,233,76,104,185,216,216,232,244,3,3,3],"floor_reached":51,"playtime":1664,"items_purged":["Parasite","Heavy Blade"],"score":979,"play_id":"df784b59-2e42-4953-be4c-6c6635536773","local_time":"20181013041557","is_ascension_mode":false,"campfire_choices":[{"data":"Armaments","floor":6.0,"key":"SMITH"},{"data":"Body Slam","floor":8.0,"key":"SMITH"},{"data":"Body Slam","floor":13.0,"key":"SMITH"},{"data":"Ghostly Armor","floor":15.0,"key":"SMITH"},{"data":"Defend_R","floor":23.0,"key":"SMITH"},{"data":"Shrug It Off","floor":28.0,"key":"SMITH"},{"data":"Impervious","floor":32.0,"key":"SMITH"},{"data":"Offering","floor":45.0,"key":"SMITH"},{"data":"Defend_R","floor":49.0,"key":"SMITH"}],"neow_cost":"CURSE","seed_source_timestamp":32910080045090,"circlet_count":0,"master_deck":["Strike_R","Strike_R","Defend_R+1","Defend_R+1","Defend_R+1","Defend_R+1","Bash","Body Slam+1","Armaments+1","Body Slam+1","Ghostly Armor+1","Shrug It Off+1","Shrug It Off+1","Impervious+1","Offering+1","Body Slam+1","Battle Trance+1"],"special_seed":0,"relics":["Burning Blood","Unceasing Top","PreservedInsect","Bronze Scales","Regal Pillow","Pear","Empty Cage","Blood Vial","Turnip","Art of War","War Paint","Oddly Smooth Stone","Lizard Tail","Strawberry","Anchor","Juzu Bracelet","Tiny Chest","Lantern","Sundial"],"potions_floor_usage":[50,50],"damage_taken":[{"damage":1.0,"enemies":"Cultist","floor":1.0,"turns":4.0},{"damage":10.0,"enemies":"Jaw Worm","floor":4.0,"turns":4.0},{"damage":4.0,"enemies":"Small Slimes","floor":5.0,"turns":4.0},{"damage":5.0,"enemies":"Looter","floor":7.0,"turns":3.0},{"damage":13.0,"enemies":"Lagavulin","floor":10.0,"turns":5.0},{"damage":17.0,"enemies":"3 Sentries","floor":12.0,"turns":6.0},{"damage":1.0,"enemies":"2 Fungi Beasts","floor":14.0,"turns":3.0},{"damage":56.0,"enemies":"Slime Boss","floor":16.0,"turns":18.0},{"damage":0.0,"enemies":"3 Byrds","floor":18.0,"turns":4.0},{"damage":4.0,"enemies":"Spheric Guardian","floor":21.0,"turns":5.0},{"damage":27.0,"enemies":"Book of Stabbing","floor":24.0,"turns":6.0},{"damage":3.0,"enemies":"Chosen and Byrds","floor":25.0,"turns":5.0},{"damage":0.0,"enemies":"Gremlin Leader","floor":29.0,"turns":9.0},{"damage":66.0,"enemies":"Collector","floor":33.0,"turns":18.0},{"damage":6.0,"enemies":"3 Shapes","floor":35.0,"turns":6.0},{"damage":6.0,"enemies":"Mind Bloom Boss Battle","floor":36.0,"turns":7.0},{"damage":16.0,"enemies":"3 Darklings","floor":37.0,"turns":6.0},{"damage":6.0,"enemies":"Giant Head","floor":40.0,"turns":5.0},{"damage":6.0,"enemies":"2 Orb Walkers","floor":42.0,"turns":2.0},{"damage":6.0,"enemies":"Giant Head","floor":44.0,"turns":1.0},{"damage":0.0,"enemies":"Reptomancer","floor":46.0,"turns":1.0},{"damage":11.0,"enemies":"Transient","floor":47.0,"turns":5.0},{"damage":6,"enemies":"Donu and Deca","floor":50,"turns":9}],"seed_played":"-535971972184769869","potions_obtained":[{"floor":4.0,"key":"Swift Potion"},{"floor":5.0,"key":"SteroidPotion"},{"floor":14.0,"key":"Ancient Potion"},{"floor":16.0,"key":"Dexterity Potion"},{"floor":24.0,"key":"SpeedPotion"},{"floor":29.0,"key":"Block Potion"},{"floor":35.0,"key":"Energy Potion"},{"floor":47.0,"key":"Dexterity Potion"}],"is_trial":false,"path_per_floor":["M","?","$","M","M","R","M","R","T","E","$","E","R","M","R","B",null,"M","$","?","M","?","R","E","M","T","?","R","E","$","?","R","B",null,"M","?","M","$","?","E","$","E","T","E","R","M","M","$","R","B"],"character_chosen":"IRONCLAD","items_purchased":["Armaments","Blood Vial","Oddly Smooth Stone","Anchor","Sundial"],"campfire_rested":0,"item_purchase_floors":[3,19,30,41,48],"current_hp_per_floor":[80,68,68,64,66,66,67,67,67,60,60,59,59,64,64,14,87,87,87,70,74,74,74,55,60,60,60,60,68,68,68,68,10,92,92,92,82,82,82,91,91,93,93,95,95,99,94,94,94,96],"gold":3,"neow_bonus":"ONE_RARE_RELIC","is_prod":false,"is_daily":false,"chose_seed":false,"campfire_upgraded":9,"win_rate":0,"timestamp":1539393357,"path_taken":["M","?","$","M","M","R","M","R","T","E","$","E","R","M","R","BOSS","M","$","?","M","?","R","E","M","T","?","R","E","$","?","R","BOSS","M","?","M","$","?","E","$","E","T","E","R","M","M","$","R","BOSS"],"build_version":"2018-10-11","purchased_purges":2,"victory":true,"max_hp_per_floor":[80,80,80,80,80,80,80,80,80,80,77,87,87,87,87,87,87,87,87,92,92,92,92,92,92,92,92,92,92,92,92,92,92,92,92,92,92,92,92,99,99,99,99,99,99,99,99,99,99,99],"card_choices":[{"not_picked":["Sentinel","Hemokinesis"],"picked":"Body Slam","floor":1.0},{"not_picked":["Rage","Flex","Corruption"],"picked":"SKIP","floor":4.0},{"not_picked":["Hemokinesis","Whirlwind"],"picked":"Body Slam","floor":5.0},{"not_picked":["Clash","Evolve","Sword Boomerang"],"picked":"SKIP","floor":7.0},{"not_picked":["Clash","Thunderclap","Iron Wave"],"picked":"SKIP","floor":10.0},{"not_picked":["Bloodletting","Body Slam","Carnage"],"picked":"SKIP","floor":12.0},{"not_picked":["Clash","Bloodletting"],"picked":"Ghostly Armor","floor":14.0},{"not_picked":["Iron Wave","Twin Strike+1"],"picked":"Shrug It Off+1","floor":18.0},{"not_picked":["Pummel","Wild Strike+1","Fire Breathing"],"picked":"SKIP","floor":21.0},{"not_picked":["Carnage","Pummel"],"picked":"Shrug It Off","floor":24.0},{"not_picked":["Heavy Blade","Thunderclap","Perfected Strike+1"],"picked":"SKIP","floor":25.0},{"not_picked":["Rage","Berserk"],"picked":"Impervious","floor":29.0},{"not_picked":["Fiend Fire","Bludgeon"],"picked":"Offering","floor":33.0},{"not_picked":["Searing Blow","Anger"],"picked":"Body Slam+1","floor":35.0},{"not_picked":["Heavy Blade","Thunderclap+1","Seeing Red"],"picked":"SKIP","floor":37.0},{"not_picked":["True Grit+1","Metallicize+1"],"picked":"Battle Trance+1","floor":40.0},{"not_picked":["Fiend Fire","Bludgeon","Inflame+1"],"picked":"SKIP","floor":42.0},{"not_picked":["Bludgeon","Anger","Armaments+1"],"picked":"SKIP","floor":44.0},{"not_picked":["Iron Wave","Havoc+1","Dual Wield+1"],"picked":"SKIP","floor":46.0},{"not_picked":["Warcry+1","Intimidate+1","Flame Barrier"],"picked":"SKIP","floor":47.0}],"player_experience":403306,"relics_obtained":[{"floor":9.0,"key":"Bronze Scales"},{"floor":10.0,"key":"Regal Pillow"},{"floor":12.0,"key":"Pear"},{"floor":24.0,"key":"Turnip"},{"floor":26.0,"key":"Art of War"},{"floor":29.0,"key":"War Paint"},{"floor":40.0,"key":"Strawberry"},{"floor":42.0,"key":"Juzu Bracelet"},{"floor":43.0,"key":"Tiny Chest"},{"floor":44.0,"key":"Lantern"}],"event_choices":[{"event_name":"Scrap Ooze","player_choice":"success","floor":2.0,"damage_taken":12.0},{"event_name":"Forgotten Altar","player_choice":"Shed Blood","floor":20.0,"damage_taken":0.0},{"event_name":"Transmorgrifier","player_choice":"Transform","floor":22.0,"damage_taken":0.0},{"event_name":"Vampires","player_choice":"Ignored","floor":27.0,"damage_taken":0.0},{"event_name":"Nest","player_choice":"Stole From Cult","floor":31.0,"damage_taken":0.0},{"event_name":"MindBloom","player_choice":"Fight","floor":36.0,"damage_taken":0.0},{"event_name":"Tomb of Lord Red Mask","player_choice":"Ignored","floor":36.0,"damage_taken":0.0},{"event_name":"Match and Keep!","player_choice":"0 cards matched","floor":39.0,"damage_taken":0.0}],"is_beta":false,"boss_relics":[{"not_picked":["Pandora\u0027s Box","Runic Pyramid"],"picked":"Empty Cage"},{"not_picked":["Calling Bell","Mark of Pain"],"picked":"Lizard Tail"}],"items_purged_floors":[11,38],"is_endless":false,"potions_floor_spawned":[4,5,14,16,24,29,35,37,47],"ascension_level":0}