{"gold_per_floor":[109,34,44,44,57,91,18,18,44,63,63,98,98,98,98,193,193,208,221,221,121,132,132,143,171,198,73,73,93,112,112,112,212,212,223,73,73,85,102,102,102,102,102,127,227,227,282,67,67,67,67,67,67,94,94],"floor_reached":56,"playtime":1615,"items_purged":["Writhe","Strike_R","Strike_R","Strike_R","Strike_R+1"],"score":1276,"play_id":"2900ad6b-b63d-490b-b54a-86f0e6b5f4ac","local_time":"20190724183924","is_ascension_mode":false,"campfire_choices":[{"data":"Barricade","floor":8.0,"key":"SMITH"},{"data":"Entrench","floor":11.0,"key":"SMITH"},{"data":"Body Slam","floor":15.0,"key":"SMITH"},{"data":"Shrug It Off","floor":23.0,"key":"SMITH"},{"data":"Armaments","floor":32.0,"key":"SMITH"},{"floor":40,"key":"RECALL"},{"data":"Impervious","floor":42,"key":"SMITH"},{"data":"Flame Barrier","floor":49,"key":"SMITH"},{"data":"1","floor":52,"key":"LIFT"}],"neow_cost":"CURSE","seed_source_timestamp":89254257671300,"circlet_count":0,"master_deck":["Strike_R+1","Defend_R","Defend_R","Defend_R","Bash","Battle Trance","Whirlwind+1","Shrug It Off+1","Barricade+1","Entrench+1","Body Slam+1","Impervious+1","Shrug It Off+1","Armaments+1","Flame Barrier+1"],"special_seed":0,"relics":["Burning Blood","Prayer Wheel","Ancient Tea Set","Whetstone","Lantern","Runic Pyramid","PreservedInsect","Pen Nib","Dream Catcher","Busted Crown","Meat on the Bone","Girya","Charon\u0027s Ashes","Sundial"],"potions_floor_usage":[55,55],"damage_taken":[{"damage":6.0,"enemies":"Cultist","floor":1.0,"turns":3.0},{"damage":9.0,"enemies":"Small Slimes","floor":3.0,"turns":4.0},{"damage":4.0,"enemies":"2 Louse","floor":5.0,"turns":2.0},{"damage":23.0,"enemies":"3 Sentries","floor":6.0,"turns":6.0},{"damage":9.0,"enemies":"Gremlin Gang","floor":10.0,"turns":4.0},{"damage":24.0,"enemies":"Gremlin Nob","floor":12.0,"turns":5.0},{"damage":4.0,"enemies":"The Guardian","floor":16.0,"turns":9.0},{"damage":16.0,"enemies":"3 Byrds","floor":18.0,"turns":6.0},{"damage":0.0,"enemies":"2 Thieves","floor":19.0,"turns":3.0},{"damage":0.0,"enemies":"Cultist and Chosen","floor":22.0,"turns":4.0},{"damage":0.0,"enemies":"Snake Plant","floor":24.0,"turns":4.0},{"damage":16.0,"enemies":"Book of Stabbing","floor":25.0,"turns":5.0},{"damage":12.0,"enemies":"3 Cultists","floor":29.0,"turns":5.0},{"damage":0.0,"enemies":"Cultist and Chosen","floor":30.0,"turns":5.0},{"damage":11.0,"enemies":"Automaton","floor":33.0,"turns":11.0},{"damage":0,"enemies":"3 Darklings","floor":35,"turns":4},{"damage":0,"enemies":"Orb Walker","floor":38,"turns":3},{"damage":0,"enemies":"Spire Growth","floor":39,"turns":5},{"damage":0,"enemies":"Reptomancer","floor":44,"turns":4},{"damage":0,"enemies":"Mind Bloom Boss Battle","floor":45,"turns":6},{"damage":0,"enemies":"2 Orb Walkers","floor":47,"turns":7},{"damage":16,"enemies":"Time Eater","floor":50,"turns":4},{"damage":7,"enemies":"Shield and Spear","floor":54,"turns":7},{"damage":0,"enemies":"The Heart","floor":55,"turns":8}],"seed_played":"19453830782814081","potions_obtained":[{"floor":3.0,"key":"Fire Potion"},{"floor":10.0,"key":"BloodPotion"},{"floor":12.0,"key":"BloodPotion"},{"floor":16.0,"key":"Swift Potion"},{"floor":19.0,"key":"Strength Potion"},{"floor":25.0,"key":"LiquidBronze"},{"floor":30.0,"key":"Dexterity Potion"},{"floor":35,"key":"Block Potion"}],"is_trial":false,"path_per_floor":["M","$","M","$","M","E","$","R","T","M","R","E","?","?","R","B",null,"M","M","?","$","M","R","M","E","T","$","?","M","M","$","R","B",null,"M","$","?","M","M","R","$","R","T","E","?","?","?","$","R","B",null,"R","$","E","B",null],"character_chosen":"IRONCLAD","items_purchased":["Entrench","Flame Barrier"],"campfire_rested":0,"item_purchase_floors":[7,48],"current_hp_per_floor":[80,80,77,77,79,62,62,62,62,59,59,41,25,25,25,27,80,70,76,76,76,80,80,80,70,70,70,70,64,70,70,70,65,80,80,80,80,80,80,80,80,80,80,80,80,80,80,80,80,70,80,80,80,79,80],"gold":94,"neow_bonus":"ONE_RARE_RELIC","is_prod":false,"is_daily":false,"chose_seed":false,"campfire_upgraded":7,"win_rate":0,"timestamp":1563982764,"path_taken":["M","$","M","?","?","E","$","R","T","M","R","E","?","?","R","BOSS","M","?","?","$","M","R","M","E","T","$","?","?","M","?","R","BOSS","M","$","?","?","M","R","$","R","T","E","?","?","?","$","R","BOSS","R","$","E","BOSS"],"build_version":"2019-07-17","purchased_purges":5,"victory":true,"max_hp_per_floor":[80,80,80,80,80,80,80,80,80,80,80,80,80,80,80,80,80,80,80,80,80,80,80,80,80,80,80,80,80,80,80,80,80,80,80,80,80,80,80,80,80,80,80,80,80,80,80,80,80,80,80,80,80,80,80],"card_choices":[{"not_picked":["Headbutt","Whirlwind"],"picked":"Battle Trance","floor":1.0},{"not_picked":["Havoc","Power Through","Uppercut"],"picked":"SKIP","floor":1.0},{"not_picked":["Fire Breathing","Corruption"],"picked":"Whirlwind","floor":3.0},{"not_picked":["Corruption","Dropkick"],"picked":"Shrug It Off","floor":3.0},{"not_picked":["Perfected Strike","Armaments"],"picked":"Barricade","floor":5.0},{"not_picked":["Ghostly Armor","Headbutt","Rage"],"picked":"SKIP","floor":5.0},{"not_picked":["Pommel Strike","Iron Wave","Bludgeon"],"picked":"SKIP","floor":6.0},{"not_picked":["Clash","Wild Strike"],"picked":"Body Slam","floor":10.0},{"not_picked":["Burning Pact","Dual Wield","Warcry"],"picked":"SKIP","floor":10.0},{"not_picked":["Cleave","Exhume","Combust"],"picked":"SKIP","floor":12.0},{"not_picked":["Cleave","Spot Weakness+1","Warcry"],"picked":"SKIP","floor":18.0},{"not_picked":["Bloodletting","Clash+1","Twin Strike"],"picked":"SKIP","floor":18.0},{"not_picked":["Flame Barrier","Inflame+1","Flex"],"picked":"SKIP","floor":19.0},{"not_picked":["Dropkick","Headbutt","Rage"],"picked":"SKIP","floor":19.0},{"not_picked":["Flame Barrier","Headbutt"],"picked":"Shrug It Off","floor":22.0},{"not_picked":["Bloodletting+1","Limit Break","Evolve"],"picked":"SKIP","floor":22.0},{"not_picked":["Heavy Blade","Sentinel"],"picked":"Armaments","floor":24.0},{"not_picked":["Shrug It Off","Whirlwind","Twin Strike"],"picked":"SKIP","floor":24.0},{"not_picked":["Sentinel","Armaments","Heavy Blade"],"picked":"SKIP","floor":25.0},{"not_picked":["Whirlwind","Battle Trance","Hemokinesis"],"picked":"SKIP","floor":29.0},{"not_picked":["Rampage","Anger","Perfected Strike+1"],"picked":"SKIP","floor":29.0},{"not_picked":["Headbutt","Anger","Sever Soul"],"picked":"SKIP","floor":30.0},{"not_picked":["Bloodletting","Bludgeon","Havoc"],"picked":"SKIP","floor":30.0},{"not_picked":["Sword Boomerang+1"],"picked":"SKIP","floor":35},{"not_picked":["Iron Wave"],"picked":"SKIP","floor":35},{"not_picked":["Flex+1"],"picked":"SKIP","floor":38},{"not_picked":["Clothesline+1"],"picked":"SKIP","floor":38},{"not_picked":["True Grit"],"picked":"SKIP","floor":39},{"not_picked":["Havoc"],"picked":"SKIP","floor":39},{"not_picked":["True Grit"],"picked":"SKIP","floor":39},{"not_picked":["Havoc"],"picked":"SKIP","floor":39},{"not_picked":["Inflame+1"],"picked":"SKIP","floor":44},{"not_picked":["Limit Break"],"picked":"SKIP","floor":54}],"player_experience":758589,"relics_obtained":[{"floor":6.0,"key":"Ancient Tea Set"},{"floor":9.0,"key":"Whetstone"},{"floor":12.0,"key":"Lantern"},{"floor":25.0,"key":"PreservedInsect"},{"floor":26.0,"key":"Pen Nib"},{"floor":44,"key":"Meat on the Bone"},{"floor":45,"key":"Girya"},{"floor":47,"key":"Charon\u0027s Ashes"},{"floor":54,"key":"Sundial"}],"event_choices":[{"damage_healed":0.0,"max_hp_gain":0.0,"max_hp_loss":0.0,"gold_gain":0.0,"event_name":"Shining Light","player_choice":"Entered Light","floor":13.0,"gold_loss":0.0,"damage_taken":16.0,"cards_upgraded":["Strike_R","Shrug It Off"]},{"damage_healed":0.0,"max_hp_gain":0.0,"max_hp_loss":0.0,"gold_gain":0.0,"event_name":"Match and Keep!","player_choice":"1 cards matched","floor":14.0,"gold_loss":0.0,"damage_taken":0.0,"cards_obtained":["Impervious"]},{"damage_healed":0.0,"max_hp_gain":0.0,"max_hp_loss":0.0,"gold_gain":0.0,"event_name":"Ghosts","player_choice":"Ignored","floor":20.0,"gold_loss":0.0,"damage_taken":0.0},{"damage_healed":0.0,"max_hp_gain":0.0,"max_hp_loss":0.0,"gold_gain":0.0,"event_name":"WeMeetAgain","player_choice":"Gave Potion","floor":28.0,"gold_loss":0.0,"damage_taken":0.0,"relics_obtained":["Dream Catcher"]},{"damage_healed":0,"gold_gain":0,"player_choice":"Bought 0 Potions","damage_taken":0,"max_hp_gain":0,"max_hp_loss":0,"event_name":"The Woman in Blue","floor":37,"gold_loss":0},{"damage_healed":0,"gold_gain":0,"player_choice":"Fight","damage_taken":0,"max_hp_gain":0,"max_hp_loss":0,"event_name":"MindBloom","floor":45,"gold_loss":0},{"cards_removed":["Defend_R"],"damage_healed":0,"gold_gain":0,"player_choice":"Removed Skill","damage_taken":0,"max_hp_gain":0,"max_hp_loss":0,"event_name":"Falling","floor":46,"gold_loss":0},{"damage_healed":0,"gold_gain":0,"player_choice":"Fight","damage_taken":0,"max_hp_gain":0,"max_hp_loss":0,"event_name":"Mysterious Sphere","floor":47,"gold_loss":0}],"is_beta":false,"boss_relics":[{"not_picked":["Lizard Tail","Ectoplasm"],"picked":"Runic Pyramid"},{"not_picked":["Runic Cube","Eternal Feather"],"picked":"Busted Crown"}],"items_purged_floors":[2,21,27,36,48],"is_endless":false,"potions_floor_spawned":[3,10,12,16,18,19,25,30,35,45,54],"ascension_level":0}