{"gold_per_floor":[113,44,61,61,108,135,135,150,150,163,55,130,130,145,145,243,243,255,255,267,282,296,296,326],"floor_reached":24,"playtime":539,"items_purged":[],"score":268,"play_id":"d300f57b-aa57-4079-940d-b1c94c636750","local_time":"20190713182104","is_ascension_mode":false,"campfire_choices":[{"data":"Whirlwind","floor":7,"key":"SMITH"},{"data":"Whirlwind","floor":13,"key":"SMITH"},{"data":"Evolve","floor":15,"key":"SMITH"},{"data":"Battle Trance","floor":23,"key":"SMITH"}],"neow_cost":"NONE","seed_source_timestamp":239107865351200,"circlet_count":0,"master_deck":["Strike_R","Strike_R","Strike_R","Strike_R","Defend_R","Defend_R","Defend_R","Defend_R","Bash","Inflame","Whirlwind+1","Inflame","Whirlwind+1","Evolve+1","Battle Trance+1","Headbutt"],"relics":["Burning Blood","Potion Belt","Pear","Letter Opener","Velvet Choker","Dead Branch"],"potions_floor_usage":[16,18,24],"damage_taken":[{"damage":6,"enemies":"Cultist","floor":1,"turns":4},{"damage":0,"enemies":"2 Louse","floor":3,"turns":2},{"damage":20,"enemies":"Gremlin Nob","floor":6,"turns":4},{"damage":8,"enemies":"Jaw Worm","floor":8,"turns":3},{"damage":0,"enemies":"Lots of Slimes","floor":10,"turns":1},{"damage":0,"enemies":"2 Fungi Beasts","floor":14,"turns":3},{"damage":0,"enemies":"Slime Boss","floor":16,"turns":5},{"damage":0,"enemies":"Spheric Guardian","floor":18,"turns":3},{"damage":1,"enemies":"3 Byrds","floor":20,"turns":3},{"damage":23,"enemies":"Centurion and Healer","floor":21,"turns":4},{"damage":53,"enemies":"Shelled Parasite and Fungi","floor":22,"turns":5},{"damage":19,"enemies":"Slavers","floor":24,"turns":2}],"seed_played":"7869323339729397471","potions_obtained":[{"floor":3,"key":"Explosive Potion"},{"floor":6,"key":"Poison Potion"},{"floor":18,"key":"LiquidBronze"},{"floor":20,"key":"EntropicBrew"},{"floor":22,"key":"Energy Potion"}],"is_trial":false,"path_per_floor":["M","$","M","$","T","E","R","M","T","M","$","?","R","M","R","B",null,"M","?","M","M","M","R","E"],"character_chosen":"IRONCLAD","items_purchased":["Inflame","Inflame","Whirlwind"],"campfire_rested":0,"item_purchase_floors":[2,11,11],"current_hp_per_floor":[80,80,80,80,80,76,76,74,74,80,80,71,71,77,77,83,90,90,90,90,73,26,26,13],"gold":326,"neow_bonus":"REMOVE_CARD","is_prod":false,"is_daily":false,"chose_seed":false,"campfire_upgraded":4,"win_rate":0,"timestamp":1563031264,"path_taken":["M","$","?","$","?","E","R","M","T","M","$","?","R","?","R","BOSS","M","?","M","M","M","R","E"],"build_version":"2019-07-05","purchased_purges":0,"victory":false,"max_hp_per_floor":[80,80,80,80,80,90,90,90,90,90,90,90,90,90,90,90,90,90,90,90,90,90,90,90],"card_choices":[{"not_picked":["Clothesline","Body Slam","Armaments"],"picked":"SKIP","floor":1},{"not_picked":["Pommel Strike","Iron Wave"],"picked":"Whirlwind","floor":3},{"not_picked":["Iron Wave","Juggernaut","Shockwave"],"picked":"SKIP","floor":6},{"not_picked":["Burning Pact","Havoc","Anger"],"picked":"SKIP","floor":8},{"not_picked":["Cleave","Perfected Strike","Twin Strike"],"picked":"SKIP","floor":10},{"not_picked":["Bloodletting","Clothesline"],"picked":"Evolve","floor":14},{"not_picked":["Burning Pact","Sever Soul+1"],"picked":"Battle Trance","floor":18},{"not_picked":["Heavy Blade+1","Clash","Body Slam"],"picked":"SKIP","floor":20},{"not_picked":["Body Slam+1","Cleave","Clash"],"picked":"SKIP","floor":21},{"not_picked":["Wild Strike","Brutality","Warcry"],"picked":"SKIP","floor":22}],"player_experience":699237,"relics_obtained":[{"floor":5,"key":"Potion Belt"},{"floor":6,"key":"Pear"},{"floor":9,"key":"Letter Opener"},{"floor":24,"key":"Dead Branch"}],"event_choices":[{"damage_healed":0,"gold_gain":75,"player_choice":"Touch","damage_taken":9,"max_hp_gain":0,"max_hp_loss":0,"event_name":"FaceTrader","floor":12,"gold_loss":0},{"damage_healed":0,"gold_gain":0,"player_choice":"Read","damage_taken":0,"max_hp_gain":0,"max_hp_loss":0,"event_name":"The Library","floor":19,"gold_loss":0,"cards_obtained":["Headbutt"]}],"is_beta":false,"boss_relics":[{"not_picked":["Fusion Hammer","Black Star"],"picked":"Velvet Choker"}],"items_purged_floors":[],"is_endless":false,"potions_floor_spawned":[3,6,18,20,22],"killed_by":"Slavers","ascension_level":0}