{"gold_per_floor":[14,25,25,43,53,86,106,106,175,175,194,208,208,29,29,130,130,150,74,74,84,84,119,119,134,179,193,41,59,85,100,100,199,229,245,245,262,275,285,285,299,313,337,337,9,9,27,27,27,27],"floor_reached":51,"playtime":1665,"items_purged":["Doubt"],"score":750,"play_id":"d1eb8207-c90a-40ca-b6e2-2bee9b113cd7","local_time":"20180708043854","is_ascension_mode":false,"campfire_choices":[{"data":"Limit Break","floor":10.0,"key":"SMITH"},{"data":"Spot Weakness","floor":15.0,"key":"SMITH"},{"data":"Inflame","floor":24.0,"key":"SMITH"},{"data":"Inflame","floor":32.0,"key":"SMITH"},{"data":"Limit Break","floor":40,"key":"SMITH"},{"data":"Battle Trance","floor":44,"key":"SMITH"},{"data":"Limit Break","floor":49,"key":"SMITH"}],"neow_cost":"NO_GOLD","seed_source_timestamp":42798810049922,"circlet_count":0,"master_deck":["Strike_R","Strike_R","Strike_R","Strike_R","Defend_R","Defend_R","Defend_R","Defend_R","Bash","Limit Break+1","Shrug It Off","Shrug It Off","Spot Weakness+1","Rage","Whirlwind","Twin Strike","Blind","Ghostly Armor+1","Headbutt+1","Spot Weakness","Bash","Shrug It Off","Inflame+1","Body Slam","Inflame+1","Sword Boomerang","Battle Trance+1","Limit Break+1","Body Slam+1","Decay","Limit Break+1"],"special_seed":0,"relics":["Burning Blood","Regal Pillow","Meat on the Bone","Cursed Key","Magic Flower","Singing Bowl","Strawberry","Tiny House","Orichalcum","Lee\u0027s Waffle"],"potions_floor_usage":[38,41,41,50,50,50],"damage_taken":[{"damage":19.0,"enemies":"Jaw Worm","floor":1.0,"turns":4.0},{"damage":1.0,"enemies":"Cultist","floor":2.0,"turns":4.0},{"damage":2.0,"enemies":"Small Slimes","floor":4.0,"turns":3.0},{"damage":20.0,"enemies":"Exordium Thugs","floor":5.0,"turns":11.0},{"damage":17.0,"enemies":"Gremlin Nob","floor":6.0,"turns":6.0},{"damage":12.0,"enemies":"Large Slime","floor":7.0,"turns":5.0},{"damage":5.0,"enemies":"Looter","floor":11.0,"turns":4.0},{"damage":15.0,"enemies":"Lots of Slimes","floor":12.0,"turns":4.0},{"damage":32.0,"enemies":"Slime Boss","floor":16.0,"turns":8.0},{"damage":8.0,"enemies":"Shell Parasite","floor":18.0,"turns":5.0},{"damage":24.0,"enemies":"Spheric Guardian","floor":21.0,"turns":5.0},{"damage":42.0,"enemies":"Slavers","floor":23.0,"turns":7.0},{"damage":2.0,"enemies":"Snecko","floor":25.0,"turns":4.0},{"damage":18.0,"enemies":"Centurion and Healer","floor":27.0,"turns":5.0},{"damage":12.0,"enemies":"3 Cultists","floor":29.0,"turns":4.0},{"damage":9.0,"enemies":"Snake Plant","floor":31.0,"turns":3.0},{"damage":30.0,"enemies":"Champ","floor":33.0,"turns":5.0},{"damage":0.0,"enemies":"Orb Walker","floor":35.0,"turns":3.0},{"damage":30.0,"enemies":"3 Darklings","floor":37.0,"turns":4.0},{"damage":14,"enemies":"4 Shapes","floor":38,"turns":6},{"damage":33,"enemies":"Sphere and 2 Shapes","floor":39,"turns":6},{"damage":64,"enemies":"3 Darklings","floor":41,"turns":8},{"damage":26,"enemies":"Maw","floor":42,"turns":5},{"damage":6,"enemies":"Sphere and 2 Shapes","floor":47,"turns":4},{"damage":99,"enemies":"Donu and Deca","floor":50,"turns":6}],"seed_played":"6683990101006532466","potions_obtained":[{"floor":1.0,"key":"Block Potion"},{"floor":2.0,"key":"EssenceOfSteel"},{"floor":3.0,"key":"SneckoOil"},{"floor":3.0,"key":"Energy Potion"},{"floor":3.0,"key":"Weak Potion"},{"floor":6.0,"key":"Poison Potion"},{"floor":12.0,"key":"SkillPotion"},{"floor":16.0,"key":"Poison Potion"},{"floor":21.0,"key":"SkillPotion"},{"floor":29.0,"key":"SteroidPotion"},{"floor":34.0,"key":"EntropicBrew"},{"floor":35.0,"key":"PowerPotion"},{"floor":42,"key":"BloodPotion"}],"is_trial":false,"path_per_floor":["M","M","?","M","M","E","M","$","T","R","M","M","?","$","R","B",null,"M","$","?","M","$","E","R","M","T","M","$","M","T","M","R","B",null,"M","?","M","M","M","R","M","M","T","R","$","?","M","$","R","B"],"character_chosen":"IRONCLAD","items_purchased":["Blind","Ghostly Armor","Spot Weakness","Inflame","Lee\u0027s Waffle","Limit Break"],"campfire_rested":0,"item_purchase_floors":[14,14,19,28,45,45],"current_hp_per_floor":[67,72,72,76,62,51,45,45,45,45,58,49,49,49,49,35,80,78,78,78,60,60,36,36,61,61,54,54,51,58,58,58,55,94,96,93,74,71,67,67,46,49,49,49,110,110,112,112,112,57],"gold":27,"neow_bonus":"THREE_RARE_CARDS","is_prod":false,"is_daily":false,"chose_seed":false,"campfire_upgraded":7,"win_rate":0,"timestamp":1531013934,"path_taken":["M","M","?","M","M","E","M","$","T","R","?","M","?","$","R","BOSS","M","$","?","M","$","E","R","M","T","M","$","M","?","M","R","BOSS","M","?","M","M","M","R","M","M","T","R","$","?","M","$","R","BOSS"],"build_version":"2018-07-05","purchased_purges":1,"victory":true,"max_hp_per_floor":[80,80,80,80,80,80,80,80,80,80,80,80,80,80,80,80,80,80,80,80,80,80,80,80,80,80,82,82,82,89,89,89,89,94,96,93,95,97,99,99,101,103,103,103,110,110,112,112,112,112],"card_choices":[{"not_picked":["Bludgeon","Brutality"],"picked":"Limit Break","floor":0.0},{"not_picked":["Power Through","Blood for Blood","Heavy Blade"],"picked":"SKIP","floor":1.0},{"not_picked":["Clash","Sentinel"],"picked":"Shrug It Off","floor":2.0},{"not_picked":["Clash","Warcry"],"picked":"Shrug It Off","floor":4.0},{"not_picked":["Dropkick","Cleave"],"picked":"Spot Weakness","floor":5.0},{"not_picked":["Rupture","Limit Break"],"picked":"Rage","floor":6.0},{"not_picked":["Body Slam","Perfected Strike"],"picked":"Whirlwind","floor":7.0},{"not_picked":["Second Wind","Havoc","Clothesline"],"picked":"SKIP","floor":11.0},{"not_picked":["Perfected Strike","Pommel Strike"],"picked":"Twin Strike","floor":12.0},{"not_picked":["True Grit","Pommel Strike+1"],"picked":"Headbutt+1","floor":18.0},{"not_picked":["Anger","Blood for Blood"],"picked":"Inflame","floor":21.0},{"not_picked":["Clash","Whirlwind","Anger"],"picked":"SKIP","floor":23.0},{"not_picked":["Pommel Strike","Havoc"],"picked":"Body Slam","floor":25.0},{"not_picked":["Clothesline","Cleave","Warcry"],"picked":"Singing Bowl","floor":27.0},{"not_picked":["Thunderclap","Anger+1"],"picked":"Sword Boomerang","floor":29.0},{"not_picked":["Carnage","Entrench+1"],"picked":"Battle Trance","floor":31.0},{"not_picked":["Brutality","Double Tap"],"picked":"Limit Break","floor":33.0},{"not_picked":["Fire Breathing","Cleave+1"],"picked":"Body Slam+1","floor":34.0},{"not_picked":["Clash+1","Perfected Strike","Fire Breathing+1"],"picked":"Singing Bowl","floor":35.0},{"not_picked":["Havoc+1","Armaments","Bludgeon"],"picked":"Singing Bowl","floor":37.0},{"not_picked":["Seeing Red+1","Clothesline","Iron Wave"],"picked":"Singing Bowl","floor":38},{"not_picked":["Iron Wave","Disarm+1","Havoc"],"picked":"Singing Bowl","floor":39},{"not_picked":["Warcry","Corruption","Clash+1"],"picked":"Singing Bowl","floor":41},{"not_picked":["Anger","True Grit+1","Flex"],"picked":"Singing Bowl","floor":42},{"not_picked":["Reaper","Clash","Perfected Strike"],"picked":"Singing Bowl","floor":47}],"player_experience":185356,"relics_obtained":[{"floor":6.0,"key":"Regal Pillow"},{"floor":9.0,"key":"Meat on the Bone"},{"floor":23.0,"key":"Magic Flower"},{"floor":26.0,"key":"Singing Bowl"},{"floor":30.0,"key":"Strawberry"},{"floor":43,"key":"Orichalcum"}],"event_choices":[{"event_name":"The Lab","player_choice":"Got Potions","floor":3.0,"damage_taken":0.0},{"event_name":"Wheel of Change","player_choice":"Card Removal","floor":13.0,"damage_taken":0.0},{"event_name":"Match and Keep!","player_choice":"2 cards matched","floor":20.0,"damage_taken":0.0},{"event_name":"Fountain of Cleansing","player_choice":"Removed Curse","floor":36.0,"damage_taken":0.0},{"event_name":"Match and Keep!","player_choice":"0 cards matched","floor":46,"damage_taken":0}],"boss_relics":[{"not_picked":["Velvet Choker","Lizard Tail"],"picked":"Cursed Key"},{"not_picked":["Orrery","Astrolabe"],"picked":"Tiny House"}],"items_purged_floors":[28],"is_endless":false,"potions_floor_spawned":[1,2,4,6,12,16,21,29,35,42],"ascension_level":0}