{"gold_per_floor":[212,232,232,247,247,272,11,11,11,11,21,21,21,21,21,21],"floor_reached":16,"playtime":474,"items_purged":[],"score":98,"play_id":"d3410de7-e2dc-4f77-9a83-fc6661c607b5","local_time":"20190105024305","is_ascension_mode":false,"campfire_choices":[{"data":"Spot Weakness","floor":8,"key":"SMITH"},{"data":"Trip","floor":12,"key":"SMITH"},{"floor":15,"key":"REST"}],"neow_cost":"NONE","seed_source_timestamp":75211774653696,"circlet_count":0,"master_deck":["Strike_R","Strike_R","Strike_R","Strike_R","Strike_R","Defend_R","Defend_R","Defend_R","Defend_R","Bash","Shrug It Off","Spot Weakness+1","Trip+1","Shrug It Off"],"relics":["Burning Blood","hubris:DeckOfHolding","Vajra","Boot","Sundial","conspire:TreasureMap"],"potions_floor_usage":[6,11,16],"damage_taken":[{"damage":14,"enemies":"Small Slimes","floor":1,"turns":4},{"damage":0,"enemies":"conspire:RoseBush","floor":2,"turns":4},{"damage":6,"enemies":"Jaw Worm","floor":4,"turns":3},{"damage":53,"enemies":"Lagavulin","floor":6,"turns":7},{"damage":8,"enemies":"Lots of Slimes","floor":11,"turns":4},{"damage":61,"enemies":"Slime Boss","floor":16,"turns":7}],"seed_played":"-3979679289827396642","potions_obtained":[{"floor":4,"key":"LiquidBronze"},{"floor":6,"key":"LiquidBronze"},{"floor":11,"key":"AttackPotion"}],"is_trial":false,"path_per_floor":["M","M","$","M","$","E","$","R","T","?","M","R","?","$","R","B"],"character_chosen":"IRONCLAD","items_purchased":["Vajra","Spot Weakness","Trip","conspire:TreasureMap"],"campfire_rested":1,"item_purchase_floors":[7,7,7,14],"current_hp_per_floor":[72,78,78,78,78,31,31,31,31,24,22,22,48,28,52,0],"gold":21,"neow_bonus":"HUNDRED_GOLD","is_prod":false,"is_daily":false,"chose_seed":false,"campfire_upgraded":2,"win_rate":0,"timestamp":1546648985,"path_taken":["M","M","$","M","$","E","$","R","T","?","M","R","?","?","R","BOSS"],"build_version":"2019-01-03v4","purchased_purges":0,"victory":false,"max_hp_per_floor":[80,80,80,80,80,80,80,80,80,80,80,80,80,80,80,80],"card_choices":[{"not_picked":["Thunderclap","Carnage","Feel No Pain"],"picked":"SKIP","floor":1},{"not_picked":["Feel No Pain","conspire:ExplosiveBarrier","Rage"],"picked":"SKIP","floor":2},{"not_picked":["Anger","Pummel"],"picked":"Shrug It Off","floor":4},{"not_picked":["Clothesline","Battle Trance","Infernal Blade"],"picked":"SKIP","floor":6},{"not_picked":["Clash","Dropkick"],"picked":"Shrug It Off","floor":11}],"player_experience":564749,"relics_obtained":[{"floor":6,"key":"hubris:DeckOfHolding"},{"floor":9,"key":"Boot"}],"event_choices":[{"damage_healed":0,"gold_gain":0,"player_choice":"Success","damage_taken":7,"relics_obtained":["Sundial"],"max_hp_gain":0,"max_hp_loss":0,"event_name":"Scrap Ooze","floor":10,"gold_loss":0},{"damage_healed":26,"gold_gain":0,"player_choice":"Banana","damage_taken":0,"max_hp_gain":0,"max_hp_loss":0,"event_name":"Big Fish","floor":13,"gold_loss":0}],"is_beta":false,"boss_relics":[],"items_purged_floors":[],"is_endless":false,"potions_floor_spawned":[4,6,11],"killed_by":"Slime Boss","ascension_level":0}