{"gold_per_floor":[109,37,51,66,141,141,169,121,148,166,166,166,179,133,133,257,257,280,294,310,325,350,350],"floor_reached":23,"playtime":765,"items_purged":[],"score":195,"play_id":"cd2e204b-c7a0-459a-90c1-38db6259f113","local_time":"20181014013256","is_ascension_mode":false,"campfire_choices":[{"data":"Sunder","floor":6.0,"key":"SMITH"},{"data":"Beam Cell","floor":15.0,"key":"SMITH"}],"neow_cost":"NONE","seed_source_timestamp":110512660266962,"circlet_count":0,"master_deck":["Strike_B","Strike_B","Strike_B","Defend_B","Defend_B","Defend_B","Defend_B","Zap+1","Dualcast","Sunder+1","BootSequence","Gash","Beam Cell+1","Steam","Reboot","Conserve Battery","Gash+1","Chill+1","FTL"],"special_seed":0,"relics":["FrozenCore","Dream Catcher","Strawberry","Golden Idol"],"potions_floor_usage":[],"damage_taken":[{"damage":6.0,"enemies":"Jaw Worm","floor":1.0,"turns":2.0},{"damage":10.0,"enemies":"Small Slimes","floor":3.0,"turns":3.0},{"damage":0.0,"enemies":"Cultist","floor":4.0,"turns":3.0},{"damage":6.0,"enemies":"Lagavulin","floor":7.0,"turns":5.0},{"damage":0.0,"enemies":"2 Fungi Beasts","floor":10.0,"turns":2.0},{"damage":0.0,"enemies":"Large Slime","floor":13.0,"turns":4.0},{"damage":47.0,"enemies":"Slime Boss","floor":16.0,"turns":12.0},{"damage":0.0,"enemies":"Shell Parasite","floor":18.0,"turns":4.0},{"damage":14.0,"enemies":"3 Byrds","floor":19.0,"turns":7.0},{"damage":14,"enemies":"Cultist and Chosen","floor":20,"turns":8},{"damage":4,"enemies":"Centurion and Healer","floor":21,"turns":7},{"damage":25,"enemies":"3 Cultists","floor":22,"turns":6},{"damage":19,"enemies":"Gremlin Leader","floor":23,"turns":2}],"seed_played":"7576854379855224270","potions_obtained":[{"floor":3.0,"key":"PowerPotion"},{"floor":7.0,"key":"AttackPotion"},{"floor":19.0,"key":"Strength Potion"},{"floor":22,"key":"Strength Potion"}],"is_trial":false,"path_per_floor":["M","$","M","M","?","R","E","$","T","M","?","?","M","$","R","B",null,"M","M","M","M","M"],"character_chosen":"DEFECT","items_purchased":["Sunder","Gash","Steam"],"campfire_rested":0,"item_purchase_floors":[2,8,14],"current_hp_per_floor":[69,69,59,59,48,48,42,42,49,49,49,49,49,49,49,2,76,76,62,48,44,19,0],"gold":350,"neow_bonus":"UPGRADE_CARD","is_prod":false,"is_daily":false,"chose_seed":false,"campfire_upgraded":2,"win_rate":0,"timestamp":1539469976,"path_taken":["M","$","M","M","?","R","E","$","T","M","?","?","M","$","R","BOSS","M","?","M","M","?","E"],"build_version":"2018-10-11","purchased_purges":0,"victory":false,"max_hp_per_floor":[75,75,75,75,75,75,75,75,82,82,76,76,76,76,76,76,76,76,76,76,76,76,76],"card_choices":[{"not_picked":["Rebound","Redo","Melter"],"picked":"SKIP","floor":1.0},{"not_picked":["Coolheaded","Conserve Battery","Sweeping Beam"],"picked":"SKIP","floor":3.0},{"not_picked":["White Noise","Coolheaded","Double Energy"],"picked":"SKIP","floor":4.0},{"not_picked":["Compile Driver","Steam"],"picked":"BootSequence","floor":7.0},{"not_picked":["Barrage","Skim"],"picked":"Beam Cell","floor":10.0},{"not_picked":["Thunder Strike","Loop","Static Discharge"],"picked":"SKIP","floor":13.0},{"not_picked":["Core Surge","Multi-Cast"],"picked":"Reboot","floor":16.0},{"not_picked":["Steam","Compile Driver"],"picked":"Conserve Battery","floor":18.0},{"not_picked":["Redo","Consume","Coolheaded"],"picked":"SKIP","floor":19.0},{"not_picked":["Rebound","Steam Power"],"picked":"Gash+1","floor":20},{"not_picked":["Steam+1","Redo"],"picked":"Chill+1","floor":21},{"not_picked":["Leap+1","Rip and Tear+1"],"picked":"FTL","floor":22}],"player_experience":406345,"relics_obtained":[{"floor":7.0,"key":"Dream Catcher"},{"floor":9.0,"key":"Strawberry"}],"event_choices":[{"event_name":"World of Goop","player_choice":"Gather Gold","floor":5.0,"damage_taken":0.0},{"event_name":"Golden Idol","player_choice":"Lose Max HP","floor":11.0,"damage_taken":0.0},{"event_name":"Purifier","player_choice":"One Purge","floor":12.0,"damage_taken":0.0}],"is_beta":false,"boss_relics":[{"not_picked":["Sozu","Philosopher\u0027s Stone"],"picked":"FrozenCore"}],"items_purged_floors":[],"is_endless":false,"potions_floor_spawned":[3,7,19,22],"killed_by":"Gremlin Leader","ascension_level":0}