{"gold_per_floor":[109,123,123,138,157,191,211,211,260,270,51,51,65,81,81,186,186,198,144,154,169,185,185,136,170,195,209,209,222,238,268,268,363,363,381,381,125,142,142,142,158,158,158,83,98,98,143,158,158,158],"floor_reached":51,"playtime":2137,"items_purged":["Normality"],"score":675,"play_id":"f9a79e36-cd35-4e03-b30a-6415bca92caf","local_time":"20180721070011","is_ascension_mode":false,"campfire_choices":[{"data":"Juggernaut","floor":8,"key":"SMITH"},{"data":"Flame Barrier","floor":12,"key":"SMITH"},{"data":"Ghostly Armor","floor":15,"key":"SMITH"},{"data":"Shrug It Off","floor":23,"key":"SMITH"},{"data":"Battle Trance","floor":28,"key":"SMITH"},{"data":"Iron Wave","floor":32,"key":"SMITH"},{"data":"Panache","floor":40,"key":"SMITH"},{"data":"Metallicize","floor":42,"key":"SMITH"},{"data":"Shrug It Off","floor":46,"key":"SMITH"},{"floor":49,"key":"REST"}],"neow_cost":"NONE","seed_source_timestamp":343443514825110,"circlet_count":0,"master_deck":["Strike_R","Strike_R+1","Strike_R+1","Strike_R","Defend_R+1","Defend_R","Defend_R","Defend_R","Bash","Juggernaut+1","Ghostly Armor+1","Iron Wave+1","Ghostly Armor+1","Flame Barrier+1","Impervious","Shrug It Off+1","Iron Wave+1","Shrug It Off+1","Battle Trance+1","Feed","Madness","Madness","Metallicize+1","Panache+1","Iron Wave+1","Magnetism","Shrug It Off","Entrench+1"],"relics":["Burning Blood","War Paint","Oddly Smooth Stone","Art of War","Busted Crown","Red Mask","Whetstone","Dodecahedron","Cursed Key","Pear","Ice Cream"],"potions_floor_usage":[6,25,33,50,50],"damage_taken":[{"damage":1,"enemies":"Cultist","floor":1,"turns":5},{"damage":0,"enemies":"2 Louse","floor":2,"turns":3},{"damage":1,"enemies":"Small Slimes","floor":4,"turns":4},{"damage":17,"enemies":"Looter","floor":5,"turns":4},{"damage":18,"enemies":"Lagavulin","floor":6,"turns":7},{"damage":5,"enemies":"3 Louse","floor":7,"turns":4},{"damage":6,"enemies":"Blue Slaver","floor":10,"turns":4},{"damage":0,"enemies":"Large Slime","floor":13,"turns":7},{"damage":4,"enemies":"Looter","floor":14,"turns":3},{"damage":60,"enemies":"Hexaghost","floor":16,"turns":15},{"damage":0,"enemies":"3 Byrds","floor":18,"turns":1},{"damage":0,"enemies":"Shell Parasite","floor":20,"turns":6},{"damage":18,"enemies":"Centurion and Healer","floor":21,"turns":11},{"damage":13,"enemies":"Slaver and Parasite","floor":22,"turns":8},{"damage":25,"floor":25,"turns":6},{"damage":0,"enemies":"Sentry and Sphere","floor":27,"turns":5},{"damage":0,"enemies":"Snecko","floor":29,"turns":5},{"damage":16,"enemies":"3 Cultists","floor":30,"turns":7},{"damage":4,"enemies":"Book of Stabbing","floor":31,"turns":5},{"damage":32,"enemies":"Collector","floor":33,"turns":25},{"damage":0,"enemies":"Orb Walker","floor":35,"turns":3},{"damage":14,"enemies":"3 Darklings","floor":38,"turns":5},{"damage":0,"enemies":"Spire Growth","floor":41,"turns":6},{"damage":0,"enemies":"Maw","floor":45,"turns":7},{"damage":15,"floor":47,"turns":5},{"damage":14,"enemies":"4 Shapes","floor":48,"turns":6},{"damage":36,"enemies":"Donu and Deca","floor":50,"turns":8}],"seed_played":"-385075295088894727","potions_obtained":[{"floor":2,"key":"Poison Potion"},{"floor":4,"key":"Dexterity Potion"},{"floor":5,"key":"Dexterity Potion"},{"floor":20,"key":"EssenceOfSteel"},{"floor":21,"key":"PowerPotion"},{"floor":29,"key":"Regen Potion"},{"floor":41,"key":"Energy Potion"}],"is_trial":false,"path_per_floor":["M","M","$","M","M","E","M","R","T","M","$","R","M","M","R","B",null,"M","$","M","M","M","R","$","?","T","M","R","M","M","E","R","B",null,"M","?","$","M","?","R","M","R","T","$","M","R","?","M","R","B"],"character_chosen":"IRONCLAD","items_purchased":["Flame Barrier","Art of War","Shrug It Off","Shrug It Off","Metallicize","Panache"],"campfire_rested":1,"item_purchase_floors":[11,11,19,24,37,37],"current_hp_per_floor":[80,80,80,80,69,57,58,58,58,58,58,58,64,66,66,12,80,80,80,80,68,61,61,61,42,42,48,48,54,44,46,46,20,80,80,70,70,62,62,62,68,68,78,78,84,84,75,67,90,75],"gold":158,"neow_bonus":"TRANSFORM_CARD","is_prod":false,"is_daily":false,"chose_seed":false,"campfire_upgraded":9,"win_rate":0,"timestamp":1532145611,"path_taken":["M","M","$","M","M","E","M","R","T","M","$","R","M","M","R","BOSS","M","$","M","M","M","R","$","?","T","M","R","M","M","E","R","BOSS","M","?","$","M","?","R","M","R","T","$","M","R","?","?","R","BOSS"],"build_version":"2018-07-19v2","purchased_purges":1,"victory":true,"max_hp_per_floor":[80,80,80,80,80,80,80,80,80,80,80,80,80,80,80,80,80,80,80,80,80,80,80,80,80,80,80,80,80,80,80,80,80,80,80,80,80,80,80,80,80,80,90,90,90,90,90,90,90,90],"card_choices":[{"not_picked":["Clothesline","Warcry","Corruption"],"picked":"SKIP","floor":1},{"not_picked":["Power Through","Twin Strike"],"picked":"Ghostly Armor","floor":2},{"not_picked":["Rupture","Warcry"],"picked":"Iron Wave","floor":4},{"not_picked":["Anger","Hemokinesis"],"picked":"Ghostly Armor","floor":5},{"not_picked":["Flex","Infernal Blade","Havoc"],"picked":"SKIP","floor":6},{"not_picked":["Heavy Blade","Spot Weakness","Thunderclap"],"picked":"SKIP","floor":7},{"not_picked":["Bloodletting","Havoc","Second Wind"],"picked":"SKIP","floor":10},{"not_picked":["Wild Strike","Hemokinesis","Exhume"],"picked":"SKIP","floor":13},{"not_picked":["Anger","Headbutt","Flex"],"picked":"SKIP","floor":14},{"not_picked":["Reaper","Offering"],"picked":"Impervious","floor":16},{"not_picked":["Twin Strike"],"picked":"SKIP","floor":18},{"not_picked":["Heavy Blade"],"picked":"SKIP","floor":20},{"not_picked":["Clash+1"],"picked":"SKIP","floor":21},{"not_picked":[],"picked":"Iron Wave+1","floor":22},{"not_picked":[],"picked":"Battle Trance","floor":25},{"not_picked":["Dropkick"],"picked":"SKIP","floor":27},{"not_picked":["Heavy Blade"],"picked":"SKIP","floor":29},{"not_picked":["Dark Embrace"],"picked":"SKIP","floor":30},{"not_picked":["Clash"],"picked":"SKIP","floor":31},{"not_picked":[],"picked":"Feed","floor":33},{"not_picked":["Havoc"],"picked":"SKIP","floor":35},{"not_picked":[],"picked":"Iron Wave+1","floor":38},{"not_picked":[],"picked":"Magnetism","floor":39},{"not_picked":["Clothesline+1"],"picked":"SKIP","floor":41},{"not_picked":["Rupture+1"],"picked":"SKIP","floor":45},{"not_picked":[],"picked":"Shrug It Off","floor":47},{"not_picked":[],"picked":"Entrench+1","floor":48}],"player_experience":205048,"relics_obtained":[{"floor":6,"key":"War Paint"},{"floor":9,"key":"Oddly Smooth Stone"},{"floor":25,"key":"Red Mask"},{"floor":26,"key":"Whetstone"},{"floor":31,"key":"Dodecahedron"},{"floor":43,"key":"Pear"},{"floor":47,"key":"Ice Cream"}],"event_choices":[{"event_name":"Masked Bandits","player_choice":"Fought over 136 gold","floor":25,"damage_taken":0},{"event_name":"Winding Halls","player_choice":"Embrace Madness","floor":36,"damage_taken":0},{"event_name":"SensoryStone","player_choice":"Memory 1","floor":39,"damage_taken":0},{"event_name":"Mysterious Sphere","player_choice":"Fight","floor":47,"damage_taken":0}],"is_beta":false,"boss_relics":[{"not_picked":["Eternal Feather","Velvet Choker"],"picked":"Busted Crown"},{"not_picked":["Pandora\u0027s Box","Sozu"],"picked":"Cursed Key"}],"items_purged_floors":[44],"is_endless":false,"potions_floor_spawned":[2,4,5,10,20,21,22,29,41,47,48],"ascension_level":0}