{"path_per_floor":["M","?","M","M","?","R","?","$","T","R","E","R","M","M","R","B",null,"M","?","M","M","M","R","E","R","T","$","M","?","M","M","R"],"character_chosen":"IRONCLAD","items_purchased":["Bandage Up","Whirlwind","Paper Frog","Master of Strategy"],"gold_per_floor":[113,113,132,150,150,150,150,15,15,15,49,49,69,80,80,178,178,198,198,218,234,254,254,285,285,585,35,52,52,64,81,81],"floor_reached":33,"campfire_rested":1,"playtime":4123,"current_hp_per_floor":[43,48,52,49,42,42,25,25,25,50,43,43,49,59,59,40,85,89,62,62,57,69,69,53,53,53,53,77,77,68,80,80],"items_purged":["Bite"],"gold":81,"score":295,"play_id":"5c4a3aeb-1759-482c-91d7-505d346446b2","is_prod":false,"is_daily":false,"is_ascension_mode":false,"campfire_upgraded":6,"path_taken":["M","?","M","?","?","R","?","$","T","R","E","R","?","M","R","BOSS","M","?","M","M","M","R","E","R","T","$","M","?","M","M","R","BOSS"],"build_version":"2018-02-08-BETA1","purchased_purges":1,"victory":false,"master_deck":["Defend_R","Defend_R+1","Defend_R","Defend_R","Bash","Thunderclap+1","Shockwave+1","Twin Strike","Bandage Up","Whirlwind+1","Iron Wave","Armaments+1","Feed","Shrug It Off+1","Bite","Bite","Bite","Bite","Shrug It Off+1","True Grit+1","Barricade+1","Master of Strategy","Battle Trance+1"],"max_hp_per_floor":[80,85,85,85,85,85,85,85,85,85,85,85,85,85,85,85,85,89,62,65,65,69,69,73,73,73,73,77,77,77,80,80],"relics":["Burning Blood","Calipers","Meat on the Bone","White Beast Statue","Anchor","Old Coin","Paper Frog"],"card_choices":[{"not_picked":["Hemokinesis","Bloodletting"],"picked":"Thunderclap"},{"not_picked":["Anger","True Grit"],"picked":"Shockwave"},{"not_picked":["Sword Boomerang","Blood for Blood"],"picked":"Twin Strike"},{"not_picked":["Cleave","Carnage"],"picked":"Iron Wave"},{"not_picked":["Infernal Blade","Clothesline"],"picked":"Armaments"},{"not_picked":["Fiend Fire","Immolate"],"picked":"Feed"},{"not_picked":["Combust","Body Slam"],"picked":"Shrug It Off"},{"not_picked":["Clothesline","Flame Barrier"],"picked":"Shrug It Off"},{"not_picked":["Thunderclap","Shrug It Off"],"picked":"True Grit"},{"not_picked":["Heavy Blade","Whirlwind"],"picked":"Barricade"},{"not_picked":["Reckless Charge","Feel No Pain"],"picked":"Battle Trance"}],"player_experience":311747,"potions_floor_usage":[11,20,21,22,22,24,24,28,31,33],"damage_taken":[{"damage":3,"enemies":"Jaw Worm","floor":1,"turns":5},{"damage":2,"enemies":"2 Louse","floor":3,"turns":2},{"damage":9,"enemies":"Blue Slaver","floor":4,"turns":8},{"damage":17,"enemies":"3 Sentries","floor":11,"turns":5},{"damage":4,"enemies":"Looter","floor":13,"turns":3},{"damage":8,"enemies":"Exordium Wildlife","floor":14,"turns":3},{"damage":41,"enemies":"Slime Boss","floor":16,"turns":9},{"damage":6,"enemies":"3 Byrds","floor":18,"turns":4},{"damage":15,"enemies":"Spheric Guardian","floor":20,"turns":5},{"damage":33,"enemies":"Cultist and Chosen","floor":21,"turns":11},{"damage":11,"enemies":"Snake Plant","floor":22,"turns":7},{"damage":39,"enemies":"Slavers","floor":24,"turns":8},{"damage":28,"enemies":"Sentry and Sphere","floor":28,"turns":20},{"damage":19,"enemies":"3 Cultists","floor":30,"turns":5},{"damage":4,"enemies":"Snecko","floor":31,"turns":8},{"damage":106,"enemies":"Champ","floor":33,"turns":21}],"event_choices":[{"event_name":"Big Fish","player_choice":"Donut","floor":2,"damage_taken":0},{"event_name":"Golden Wing","player_choice":"Card Removal","floor":5,"damage_taken":0},{"event_name":"Shining Light","player_choice":"Entered Light","floor":7,"damage_taken":0},{"event_name":"Vampires","player_choice":"Became a vampire","floor":19,"damage_taken":0},{"event_name":"Addict","player_choice":"Ignored","floor":29,"damage_taken":0}],"boss_relics":[{"not_picked":["Runic Cube","Pandora\u0027s Box"],"picked":"White Beast Statue"}],"potions_floor_spawned":[4,14,16,18,20,21,22,24,28,30,31],"seed_played":"4864946016116715080","killed_by":"Champ","ascension_level":0,"is_trial":false}