{"gold_per_floor":[118,79,79,90,15,15,47,47,47,47,122,157,213,228,228,329,329,348,364,380,220,220,220,235,261,261,261,261,261,295,307,307,412,412,422,433,433,444,112,112,112,142,142,161,176,176,51,51,51,51],"floor_reached":51,"playtime":1063,"items_purged":["True Grit","Writhe","Writhe"],"score":721,"play_id":"30d7405a-453d-4c26-a580-8104ac2c09e2","local_time":"20180729141700","is_ascension_mode":false,"campfire_choices":[{"data":"Spot Weakness","floor":6.0,"key":"SMITH"},{"data":"Whirlwind","floor":8.0,"key":"SMITH"},{"data":"Bash","floor":10.0,"key":"SMITH"},{"floor":15.0,"key":"DIG"},{"data":"Demon Form","floor":23.0,"key":"SMITH"},{"floor":27.0,"key":"DIG"},{"floor":29.0,"key":"DIG"},{"floor":32.0,"key":"DIG"},{"data":"Double Tap","floor":40.0,"key":"SMITH"},{"floor":42.0,"key":"DIG"},{"floor":49,"key":"DIG"}],"neow_cost":"NONE","seed_source_timestamp":4332158900965,"circlet_count":0,"master_deck":["Strike_R","Strike_R","Strike_R","Strike_R","Strike_R","Defend_R","Defend_R","Defend_R","Bash+1","Spot Weakness+1","Iron Wave","Whirlwind+1","Ghostly Armor","Battle Trance","Feed","Shrug It Off","Sword Boomerang","Demon Form+1","Feed","Clothesline+1","Armaments+1","Double Tap+1","Armaments+1","Madness"],"special_seed":0,"relics":["Burning Blood","NeowsBlessing","Ice Cream","Thread and Needle","Shovel","Oddly Smooth Stone","Velvet Choker","Red Mask","Dodecahedron","Regal Pillow","Happy Flower","Ancient Tea Set","Bottled Tornado","Pantograph","Cursed Key","Anchor","Tiny Chest","Mercury Hourglass","The Courier"],"potions_floor_usage":[50,50],"damage_taken":[{"damage":0.0,"enemies":"Small Slimes","floor":1.0,"turns":1.0},{"damage":0.0,"enemies":"Cultist","floor":4.0,"turns":1.0},{"damage":0.0,"enemies":"3 Sentries","floor":7.0,"turns":2.0},{"damage":14.0,"enemies":"Gremlin Nob","floor":12.0,"turns":4.0},{"damage":0.0,"enemies":"Jaw Worm","floor":14.0,"turns":3.0},{"damage":47.0,"enemies":"Hexaghost","floor":16.0,"turns":7.0},{"damage":15.0,"enemies":"2 Thieves","floor":18.0,"turns":3.0},{"damage":11.0,"enemies":"Spheric Guardian","floor":19.0,"turns":4.0},{"damage":0.0,"enemies":"Snecko","floor":20.0,"turns":2.0},{"damage":7.0,"enemies":"3 Cultists","floor":24.0,"turns":3.0},{"damage":0.0,"floor":25.0,"turns":2.0},{"damage":13.0,"enemies":"Slavers","floor":30.0,"turns":3.0},{"damage":10.0,"enemies":"Snake Plant","floor":31.0,"turns":3.0},{"damage":34.0,"enemies":"Collector","floor":33.0,"turns":7.0},{"damage":11.0,"enemies":"Flame Bruiser 1 Orb","floor":35.0,"turns":4.0},{"damage":21.0,"enemies":"3 Shapes","floor":36.0,"turns":3.0},{"damage":3.0,"enemies":"3 Darklings","floor":38.0,"turns":3.0},{"damage":7.0,"enemies":"Maw","floor":44.0,"turns":5.0},{"damage":10.0,"enemies":"4 Shapes","floor":45.0,"turns":4.0},{"damage":19.0,"floor":46.0,"turns":4.0},{"damage":71,"enemies":"Time Eater","floor":50,"turns":8}],"seed_played":"-657502919425639853","potions_obtained":[{"floor":1.0,"key":"Explosive Potion"},{"floor":7.0,"key":"Poison Potion"},{"floor":16.0,"key":"Poison Potion"},{"floor":19.0,"key":"PowerPotion"},{"floor":25.0,"key":"Fire Potion"},{"floor":30.0,"key":"FearPotion"}],"is_trial":false,"path_per_floor":["M","$","?","M","$","R","E","R","T","R","?","E","?","M","R","B",null,"M","M","M","$","?","R","M","?","T","R","?","R","E","M","R","B",null,"M","M","?","M","$","R","$","R","T","M","M","M","$","?","R","B"],"character_chosen":"IRONCLAD","items_purchased":["Spot Weakness","Demon Form","Anchor","Double Tap"],"campfire_rested":0,"item_purchase_floors":[2,21,39,39],"current_hp_per_floor":[80,80,80,80,80,80,80,80,80,80,69,61,61,67,67,26,80,74,72,78,78,78,78,77,83,83,83,83,83,79,78,78,64,92,87,75,75,78,78,78,78,78,78,77,76,85,85,85,85,33],"gold":51,"neow_bonus":"THREE_ENEMY_KILL","is_prod":false,"is_daily":false,"chose_seed":false,"campfire_upgraded":5,"win_rate":0,"timestamp":1532863020,"path_taken":["M","$","?","?","$","R","E","R","T","R","?","E","?","M","R","BOSS","M","M","M","$","?","R","M","?","T","R","?","R","E","?","R","BOSS","M","M","?","M","$","R","?","R","T","M","?","?","$","?","R","BOSS"],"build_version":"2018-07-26","purchased_purges":3,"victory":true,"max_hp_per_floor":[80,80,80,80,80,80,80,80,80,80,80,80,80,80,80,80,80,83,86,86,86,86,86,86,86,86,86,86,86,89,92,92,92,92,92,95,95,95,95,95,95,95,95,95,98,98,98,98,98,98],"card_choices":[{"not_picked":["Sentinel","Intimidate","Havoc"],"picked":"SKIP","floor":1.0},{"not_picked":["Rage","Pommel Strike"],"picked":"Iron Wave","floor":4.0},{"not_picked":["Evolve","Dual Wield"],"picked":"Whirlwind","floor":7.0},{"not_picked":["Clothesline","Evolve"],"picked":"Ghostly Armor","floor":12.0},{"not_picked":["Cleave","Clash"],"picked":"Battle Trance","floor":14.0},{"not_picked":["Juggernaut","Brutality"],"picked":"Feed","floor":16.0},{"not_picked":["Rupture","Pommel Strike"],"picked":"Shrug It Off","floor":18.0},{"not_picked":["Searing Blow+1","Headbutt"],"picked":"Sword Boomerang","floor":19.0},{"not_picked":["Thunderclap","Sentinel","Searing Blow"],"picked":"SKIP","floor":20.0},{"not_picked":["Fire Breathing","Pommel Strike","Anger"],"picked":"SKIP","floor":24.0},{"not_picked":["Shrug It Off","Warcry","Body Slam"],"picked":"SKIP","floor":30.0},{"not_picked":["Immolate","Armaments","Second Wind"],"picked":"SKIP","floor":31.0},{"not_picked":["Brutality","Berserk"],"picked":"Feed","floor":33.0},{"not_picked":["Shockwave","Headbutt+1","Perfected Strike"],"picked":"SKIP","floor":35.0},{"not_picked":["Iron Wave","Bloodletting"],"picked":"Clothesline+1","floor":36.0},{"not_picked":["Anger+1","Power Through"],"picked":"Armaments+1","floor":38.0},{"not_picked":["Clash+1","Anger","Clothesline"],"picked":"SKIP","floor":44.0},{"not_picked":["Shrug It Off","Reckless Charge","Pommel Strike+1"],"picked":"SKIP","floor":45.0},{"not_picked":["Intimidate+1","Warcry"],"picked":"Armaments+1","floor":46},{"not_picked":["Bandage Up","Dark Shackles"],"picked":"Madness","floor":48}],"player_experience":257889,"relics_obtained":[{"floor":7.0,"key":"Ice Cream"},{"floor":9.0,"key":"Thread and Needle"},{"floor":12.0,"key":"Shovel"},{"floor":15.0,"key":"Oddly Smooth Stone"},{"floor":25.0,"key":"Red Mask"},{"floor":26.0,"key":"Dodecahedron"},{"floor":27.0,"key":"Regal Pillow"},{"floor":29.0,"key":"Ancient Tea Set"},{"floor":30.0,"key":"Bottled Tornado"},{"floor":32.0,"key":"Pantograph"},{"floor":42.0,"key":"Tiny Chest"},{"floor":43.0,"key":"Mercury Hourglass"},{"floor":49,"key":"The Courier"}],"event_choices":[{"event_name":"Transmorgrifier","player_choice":"Transform","floor":3.0,"damage_taken":0.0},{"event_name":"World of Goop","player_choice":"Gather Gold","floor":11.0,"damage_taken":0.0},{"event_name":"Golden Wing","player_choice":"Gained Gold","floor":13.0,"damage_taken":0.0},{"event_name":"Match and Keep!","player_choice":"0 cards matched","floor":22.0,"damage_taken":0.0},{"event_name":"Masked Bandits","player_choice":"Fought over 235 gold","floor":25.0,"damage_taken":0.0},{"event_name":"The Mausoleum","player_choice":"Yes","floor":28.0,"damage_taken":0.0},{"event_name":"Tomb of Lord Red Mask","player_choice":"Ignored","floor":37.0,"damage_taken":0.0},{"event_name":"MindBloom","player_choice":"Fight","floor":46.0,"damage_taken":0.0},{"event_name":"SensoryStone","player_choice":"Memory 1","floor":48,"damage_taken":0}],"is_beta":false,"boss_relics":[{"not_picked":["Philosopher\u0027s Stone","Orrery"],"picked":"Velvet Choker"},{"not_picked":["Empty Cage","Eternal Feather"],"picked":"Cursed Key"}],"items_purged_floors":[5,39,47],"is_endless":false,"potions_floor_spawned":[1,7,16,19,25,30,31,35,38],"ascension_level":0}