{"path_per_floor":["M","?","?","$","?","R","?","M","T","E","R","E","M","M","R","B",null,"M","M","?","$","T","R","E","R","T","?","?","$","M","M","R"],"character_chosen":"DEFECT","items_purchased":["Self Repair","Tempest","Flash of Steel","Leap"],"gold_per_floor":[116,116,116,49,49,49,49,63,108,179,179,212,236,252,252,382,382,395,378,378,132,156,156,189,189,189,189,189,90,109,122,122,122],"floor_reached":33,"campfire_rested":3,"playtime":3806,"current_hp_per_floor":[73,58,58,58,40,40,40,43,43,28,50,40,34,21,43,17,75,63,55,55,55,55,55,12,34,34,34,34,34,49,61,61,0],"items_purged":["Fusion","Impulse"],"gold":122,"score":271,"play_id":"c413c452-ecba-43cf-a8be-2e8a690f04f1","local_time":"20180430154021","is_prod":false,"is_daily":false,"chose_seed":false,"is_ascension_mode":false,"campfire_upgraded":3,"timestamp":1525095621,"path_taken":["M","?","?","$","?","R","?","M","T","E","R","E","M","M","R","BOSS","M","M","?","$","?","R","E","R","T","?","?","?","M","?","R","BOSS"],"build_version":"2018-04-27v3","seed_source_timestamp":10812886636757,"purchased_purges":2,"victory":false,"master_deck":["Strike_B+1","Strike_B+1","Strike_B+1","Strike_B+1","Defend_B+1","Defend_B+1","Defend_B+1","Defend_B+1","Zap","Dualcast","Go for the Eyes+1","Self Repair+1","Loop","Streamline","Leap","Capacitor","FTL+1","Cold Snap","Tempest","Flash of Steel","Chaos+1","Sweeping Beam+1","Leap+1","Barrage"],"max_hp_per_floor":[75,75,75,75,75,75,75,75,75,75,75,75,75,75,75,75,75,75,75,75,75,75,75,75,75,75,75,75,75,75,75,75,75],"relics":["Cracked Core","Bloody Idol","Prayer Wheel","Tiny Chest","Orichalcum","Sozu","Lantern","Torii","Smiling Mask"],"card_choices":[{"not_picked":["Axe Kick","Hologram"],"picked":"Go for the Eyes","floor":1},{"not_picked":["Gash","Chill"],"picked":"Loop","floor":8},{"not_picked":["Go for the Eyes","Creative AI"],"picked":"Streamline","floor":10},{"not_picked":["Ball Lightning","Cold Snap"],"picked":"Leap","floor":13},{"not_picked":["Genetic Algorithm","Barrage"],"picked":"Capacitor","floor":14},{"not_picked":["Amplify","Prime"],"picked":"Fusion","floor":16},{"not_picked":["Skim","Ball Lightning"],"picked":"FTL","floor":18},{"not_picked":["Streamline","Barrage"],"picked":"Cold Snap","floor":19},{"not_picked":["Hologram","Go for the Eyes"],"picked":"Impulse","floor":22},{"not_picked":["Auto Shields","Heatsinks"],"picked":"Chaos","floor":24},{"not_picked":["Blizzard","Skim"],"picked":"Sweeping Beam","floor":26},{"not_picked":["Axe Kick","Skim"],"picked":"Barrage","floor":30}],"player_experience":352035,"potions_floor_usage":[12,24,30],"damage_taken":[{"damage":2,"enemies":"2 Louse","floor":1,"turns":3},{"damage":4,"enemies":"Cultist","floor":8,"turns":3},{"damage":22,"enemies":"Lagavulin","floor":10,"turns":7},{"damage":17,"enemies":"3 Sentries","floor":12,"turns":7},{"damage":6,"enemies":"Jaw Worm","floor":13,"turns":3},{"damage":13,"enemies":"3 Louse","floor":14,"turns":3},{"damage":33,"enemies":"The Guardian","floor":16,"turns":11},{"damage":19,"enemies":"Spheric Guardian","floor":18,"turns":5},{"damage":15,"enemies":"2 Thieves","floor":19,"turns":4},{"damage":53,"enemies":"Gremlin Leader","floor":24,"turns":8},{"damage":0,"enemies":"Cultist and Chosen","floor":30,"turns":6},{"damage":3,"enemies":"Snake Plant","floor":31,"turns":5},{"damage":74,"enemies":"Champ","floor":33,"turns":9}],"event_choices":[{"event_name":"Shining Light","player_choice":"Entered Light","floor":2,"damage_taken":0},{"event_name":"The Woman in Blue","player_choice":"Bought 0 Potions","floor":3,"damage_taken":0},{"event_name":"Golden Idol","player_choice":"Take Damage","floor":5,"damage_taken":0},{"event_name":"The Cleric","player_choice":"Leave","floor":7,"damage_taken":0},{"event_name":"Back to Basics","player_choice":"Simplicity","floor":20,"damage_taken":0},{"event_name":"Vampires","player_choice":"Ignored","floor":27,"damage_taken":0},{"event_name":"Forgotten Altar","player_choice":"Gave Idol","floor":28,"damage_taken":0}],"boss_relics":[{"not_picked":["Lizard Tail","Calling Bell"],"picked":"Sozu"}],"potions_floor_spawned":[10,13,14,16,30,31],"seed_played":"944525369829982679","killed_by":"Champ","ascension_level":0,"is_trial":false}