{"gold_per_floor":[113,124,136,136,12,12,12,41,67,67,96,96,127,144,144,245,245,264,264,280,293,293,325,325,350,350,379,379,389,389,181,181,278,278,295,310,328,120,137,137,200,200,254,266,294,316,339,12,12,12],"floor_reached":51,"playtime":1201,"items_purged":[],"score":755,"play_id":"1bffcac7-288c-49d3-97b9-e7475be6f469","local_time":"20180728145337","is_ascension_mode":false,"campfire_choices":[{"data":"Inflame","floor":6.0,"key":"SMITH"},{"floor":12.0,"key":"REST"},{"floor":15.0,"key":"REST"},{"data":"Fire Breathing","floor":24,"key":"SMITH"},{"floor":32,"key":"REST"},{"floor":40,"key":"REST"},{"floor":44,"key":"REST"},{"floor":49,"key":"REST"}],"neow_cost":"NONE","seed_source_timestamp":152982639748574,"circlet_count":0,"master_deck":["Strike_R","Strike_R","Strike_R","Strike_R","Defend_R","Defend_R","Defend_R","Defend_R","Bash+1","Whirlwind","Inflame+1","Twin Strike","Reaper+1","Sword Boomerang+1","Fire Breathing+1","Limit Break+1","Thunderclap","Inflame+1","Armaments+1","Twin Strike","Panache","Inflame+1","Demon Form","Sword Boomerang","Impervious+1"],"special_seed":0,"relics":["Burning Blood","Art of War","Champion Belt","Bronze Scales","Toxic Egg 2","Bag of Preparation","Cursed Key","Omamori","Potion Belt","Ornamental Fan","Ginger","DollysMirror","Fusion Hammer","Tiny Chest","MawBank","Toy Ornithopter"],"potions_floor_usage":[16,16,25,29,50,50],"damage_taken":[{"damage":6.0,"enemies":"Cultist","floor":1.0,"turns":3.0},{"damage":6.0,"enemies":"2 Louse","floor":2.0,"turns":3.0},{"damage":12.0,"enemies":"Small Slimes","floor":3.0,"turns":3.0},{"damage":36.0,"enemies":"Lagavulin","floor":8.0,"turns":4.0},{"damage":18.0,"enemies":"Gremlin Nob","floor":11.0,"turns":4.0},{"damage":19.0,"enemies":"3 Sentries","floor":13.0,"turns":3.0},{"damage":11.0,"enemies":"Blue Slaver","floor":14.0,"turns":3.0},{"damage":37,"enemies":"The Guardian","floor":16,"turns":6},{"damage":25,"enemies":"2 Thieves","floor":18,"turns":3},{"damage":1,"enemies":"3 Byrds","floor":20,"turns":3},{"damage":25,"enemies":"Cultist and Chosen","floor":21,"turns":4},{"damage":31,"enemies":"Gremlin Leader","floor":23,"turns":7},{"damage":29,"enemies":"Slavers","floor":25,"turns":3},{"damage":15,"enemies":"Book of Stabbing","floor":27,"turns":3},{"damage":11,"enemies":"Snecko","floor":29,"turns":4},{"damage":38,"enemies":"Automaton","floor":33,"turns":5},{"damage":3,"enemies":"Orb Walker","floor":35,"turns":2},{"damage":15,"enemies":"3 Darklings","floor":36,"turns":3},{"damage":35,"enemies":"4 Shapes","floor":37,"turns":3},{"damage":15,"enemies":"Maw","floor":39,"turns":4},{"damage":42,"enemies":"2 Orb Walkers","floor":41,"turns":4},{"damage":18,"enemies":"Flame Bruiser 2 Orb","floor":45,"turns":4},{"damage":22,"enemies":"Transient","floor":46,"turns":5},{"damage":28,"enemies":"Maw","floor":47,"turns":5},{"damage":26,"enemies":"Time Eater","floor":50,"turns":5}],"seed_played":"6728406904230550148","potions_obtained":[{"floor":3.0,"key":"Poison Potion"},{"floor":11.0,"key":"Explosive Potion"},{"floor":13.0,"key":"Strength Potion"},{"floor":20,"key":"Swift Potion"},{"floor":25,"key":"Ancient Potion"},{"floor":28,"key":"SkillPotion"},{"floor":28,"key":"Fruit Juice"},{"floor":28,"key":"Block Potion"},{"floor":29,"key":"Block Potion"},{"floor":39,"key":"Explosive Potion"}],"is_trial":false,"path_per_floor":["M","M","M","?","$","R","?","E","T","$","E","R","E","M","R","B",null,"M","?","M","M","?","E","R","E","T","E","?","M","?","$","R","B",null,"M","M","M","$","M","R","E","?","T","R","M","M","M","$","R","B"],"character_chosen":"IRONCLAD","items_purchased":["Inflame","Twin Strike","DollysMirror","Panache","Toy Ornithopter","Impervious+1"],"campfire_rested":6,"item_purchase_floors":[5,5,31,38,48,48],"current_hp_per_floor":[80,80,74,74,74,74,56,26,26,26,14,38,25,20,44,13,80,61,61,66,57,57,44,44,36,36,27,27,31,31,31,56,24,85,85,80,56,56,72,85,49,49,49,74,73,78,63,63,85,68],"gold":12,"neow_bonus":"UPGRADE_CARD","is_prod":false,"is_daily":false,"chose_seed":false,"campfire_upgraded":2,"win_rate":0,"timestamp":1532778817,"path_taken":["M","?","M","?","$","R","?","E","T","$","E","R","E","M","R","BOSS","M","?","M","M","?","E","R","E","T","E","?","M","?","$","R","BOSS","M","M","M","$","M","R","E","?","T","R","M","M","M","$","R","BOSS"],"build_version":"2018-07-26","purchased_purges":0,"victory":true,"max_hp_per_floor":[80,80,80,80,80,80,80,80,80,80,80,80,80,80,80,80,80,80,80,80,80,80,80,80,80,80,80,80,85,85,85,85,85,85,85,85,85,85,85,85,85,85,85,85,85,85,85,85,85,85],"card_choices":[{"not_picked":["Shrug It Off","Disarm","Rampage"],"picked":"SKIP","floor":1.0},{"not_picked":["Flex","Reckless Charge"],"picked":"Whirlwind","floor":2.0},{"not_picked":["Heavy Blade","Rage","Corruption"],"picked":"SKIP","floor":3.0},{"not_picked":["Second Wind","Intimidate","Immolate"],"picked":"SKIP","floor":8.0},{"not_picked":["Metallicize","Iron Wave","Perfected Strike"],"picked":"SKIP","floor":11.0},{"not_picked":["Headbutt","Wild Strike","Iron Wave"],"picked":"SKIP","floor":13.0},{"not_picked":["Second Wind+1","Rampage","Reaper"],"picked":"SKIP","floor":14.0},{"not_picked":["Bludgeon","Barricade"],"picked":"Reaper","floor":16},{"not_picked":["Clothesline","Metallicize","Dual Wield+1"],"picked":"SKIP","floor":18},{"not_picked":["Second Wind+1","Disarm+1","Fire Breathing"],"picked":"SKIP","floor":20},{"not_picked":["Clothesline","Headbutt"],"picked":"Sword Boomerang+1","floor":21},{"not_picked":["Impervious+1","Iron Wave"],"picked":"Fire Breathing","floor":23},{"not_picked":["Intimidate+1","Sword Boomerang"],"picked":"Limit Break+1","floor":25},{"not_picked":["Body Slam","Sentinel+1","Infernal Blade+1"],"picked":"SKIP","floor":27},{"not_picked":["Flex+1","Pummel"],"picked":"Thunderclap","floor":29},{"not_picked":["Pommel Strike","Reckless Charge+1"],"picked":"Armaments+1","floor":35},{"not_picked":["Feel No Pain+1","Searing Blow+1","Power Through+1"],"picked":"SKIP","floor":36},{"not_picked":["Flex+1","Clash"],"picked":"Twin Strike","floor":37},{"not_picked":["Hemokinesis","Cleave+1"],"picked":"Inflame+1","floor":39},{"not_picked":["Heavy Blade","Reckless Charge"],"picked":"Demon Form","floor":41},{"not_picked":["Bloodletting+1","Havoc+1","Anger"],"picked":"SKIP","floor":45},{"not_picked":["Iron Wave","Wild Strike","Seeing Red+1"],"picked":"SKIP","floor":46},{"not_picked":["Evolve+1","Perfected Strike"],"picked":"Sword Boomerang","floor":47}],"player_experience":246918,"relics_obtained":[{"floor":8.0,"key":"Champion Belt"},{"floor":9.0,"key":"Bronze Scales"},{"floor":11.0,"key":"Toxic Egg 2"},{"floor":13.0,"key":"Bag of Preparation"},{"floor":23,"key":"Omamori"},{"floor":25,"key":"Potion Belt"},{"floor":26,"key":"Ornamental Fan"},{"floor":27,"key":"Ginger"},{"floor":41,"key":"Tiny Chest"},{"floor":43,"key":"MawBank"}],"event_choices":[{"event_name":"The Cleric","player_choice":"Leave","floor":4.0,"damage_taken":0.0},{"event_name":"Scrap Ooze","player_choice":"success","floor":7.0,"damage_taken":18.0},{"event_name":"Drug Dealer","player_choice":"Ignored","floor":19,"damage_taken":0},{"event_name":"Bonfire Elementals","player_choice":"BASIC","floor":22,"damage_taken":0},{"event_name":"The Lab","player_choice":"Got Potions","floor":28,"damage_taken":0},{"event_name":"Upgrade Shrine","player_choice":"Upgraded","floor":30,"damage_taken":0},{"event_name":"Tomb of Lord Red Mask","player_choice":"Ignored","floor":42,"damage_taken":0}],"is_beta":false,"boss_relics":[{"not_picked":["Eternal Feather","Empty Cage"],"picked":"Cursed Key"},{"not_picked":["Tiny House","White Beast Statue"],"picked":"Fusion Hammer"}],"items_purged_floors":[],"is_endless":false,"potions_floor_spawned":[3,11,13,20,25,29,33,36,37,39,41],"ascension_level":0}