{"gold_per_floor":[214,224,399,44,58,93,93,8,76,76,109,124,124,142,142,237,287,305,122,141,157,170,170,182,207,230,230,230,230,149,164,164,260,260,272,222,277,290,290,290,290,307,330,342,359,371,21,36,36,36],"floor_reached":51,"playtime":1901,"items_purged":["Doubt","Strike_B"],"score":806,"play_id":"c1392e3f-f74b-4b9d-9956-93e4e7b6cc8b","local_time":"20190523051658","is_ascension_mode":false,"campfire_choices":[{"data":"Genetic Algorithm","floor":7.0,"key":"SMITH"},{"data":"Echo Form","floor":13.0,"key":"SMITH"},{"data":"Go for the Eyes","floor":15.0,"key":"SMITH"},{"data":"Panache","floor":23.0,"key":"SMITH"},{"data":"Coolheaded","floor":27.0,"key":"SMITH"},{"data":"Coolheaded","floor":29.0,"key":"SMITH"},{"data":"Trip","floor":32.0,"key":"SMITH"},{"data":"Hologram","floor":40.0,"key":"SMITH"},{"data":"Skim","floor":49,"key":"SMITH"}],"neow_cost":"NONE","seed_source_timestamp":2515294569900,"circlet_count":0,"master_deck":["Strike_B","Strike_B","Strike_B","Defend_B","Defend_B+1","Defend_B","Defend_B","Zap","Dualcast","Gash+1","Go for the Eyes+1","Gash+1","Genetic Algorithm+1","Gash","Blind+1","Skim+1","Echo Form+1","Auto Shields","Core Surge","Coolheaded+1","Panache+1","Chill+1","Coolheaded+1","Conserve Battery","Gash","Trip+1","All For One","Hologram+1","Mind Blast+1","Gash"],"special_seed":0,"relics":["Cracked Core","Vajra","Pen Nib","Gremlin Horn","Whetstone","Tiny House","Incense Burner","Anchor","Busted Crown","StoneCalendar","Strawberry","Shuriken"],"potions_floor_usage":[50],"damage_taken":[{"damage":6.0,"enemies":"Jaw Worm","floor":1.0,"turns":3.0},{"damage":0.0,"enemies":"Cultist","floor":2.0,"turns":3.0},{"damage":10.0,"enemies":"Small Slimes","floor":5.0,"turns":2.0},{"damage":12.0,"enemies":"Lagavulin","floor":6.0,"turns":6.0},{"damage":18.0,"enemies":"3 Sentries","floor":11.0,"turns":7.0},{"damage":1.0,"enemies":"3 Louse","floor":12.0,"turns":3.0},{"damage":0.0,"enemies":"Gremlin Gang","floor":14.0,"turns":2.0},{"damage":0.0,"enemies":"Slime Boss","floor":16.0,"turns":5.0},{"damage":0.0,"enemies":"Chosen","floor":18.0,"turns":4.0},{"damage":1.0,"enemies":"Shell Parasite","floor":20.0,"turns":5.0},{"damage":5.0,"enemies":"Snake Plant","floor":21.0,"turns":5.0},{"damage":13.0,"enemies":"Snecko","floor":22.0,"turns":7.0},{"damage":0.0,"enemies":"Centurion and Healer","floor":24.0,"turns":7.0},{"damage":11.0,"enemies":"Book of Stabbing","floor":25.0,"turns":6.0},{"damage":0.0,"enemies":"3 Cultists","floor":31.0,"turns":4.0},{"damage":6.0,"enemies":"Champ","floor":33.0,"turns":8.0},{"damage":0.0,"enemies":"Orb Walker","floor":35.0,"turns":3.0},{"damage":3.0,"enemies":"2 Orb Walkers","floor":37.0,"turns":3.0},{"damage":0.0,"enemies":"3 Shapes","floor":38.0,"turns":5.0},{"damage":0.0,"enemies":"Maw","floor":42.0,"turns":5.0},{"damage":1.0,"enemies":"Writhing Mass","floor":44.0,"turns":3.0},{"damage":23,"enemies":"Spire Growth","floor":45,"turns":5},{"damage":5,"enemies":"Maw","floor":46,"turns":7},{"damage":5,"enemies":"3 Darklings","floor":48,"turns":3},{"damage":16,"enemies":"Time Eater","floor":50,"turns":7}],"seed_played":"1139617957020712008","potions_obtained":[{"floor":1.0,"key":"Explosive Potion"},{"floor":11.0,"key":"SteroidPotion"},{"floor":12.0,"key":"Strength Potion"},{"floor":16.0,"key":"Weak Potion"},{"floor":17.0,"key":"SmokeBomb"},{"floor":18.0,"key":"Block Potion"},{"floor":21.0,"key":"Fruit Juice"},{"floor":22.0,"key":"Energy Potion"},{"floor":38.0,"key":"Energy Potion"},{"floor":42.0,"key":"EssenceOfSteel"},{"floor":44.0,"key":"FairyPotion"}],"is_trial":false,"path_per_floor":["M","M","?","$","M","E","R","$","T","?","E","M","R","M","R","B",null,"M","$","M","M","M","R","M","E","T","R","?","R","$","M","R","B",null,"M","$","?","M","?","R","?","M","T","M","M","M","$","M","R","B",null],"character_chosen":"DEFECT","items_purchased":["Vajra","Gash","Genetic Algorithm","Blind","Panache","Trip","Hologram","Shuriken"],"campfire_rested":0,"item_purchase_floors":[4,4,4,8,19,30,36,47],"current_hp_per_floor":[69,69,69,69,59,47,47,47,47,47,29,28,28,28,28,28,80,80,80,79,79,66,66,66,55,55,55,55,55,55,55,55,49,85,85,85,82,82,82,82,82,82,89,88,65,60,60,55,55,39],"gold":36,"neow_bonus":"HUNDRED_GOLD","is_prod":false,"is_daily":false,"chose_seed":false,"campfire_upgraded":9,"win_rate":0,"timestamp":1558577818,"path_taken":["M","M","?","$","M","E","R","$","T","?","E","M","R","M","R","BOSS","M","$","M","M","M","R","M","E","T","R","?","R","$","M","R","BOSS","M","$","?","M","?","R","?","M","T","M","M","?","$","M","R","BOSS"],"build_version":"2019-01-23","purchased_purges":2,"victory":true,"max_hp_per_floor":[75,75,75,75,75,75,75,75,75,75,75,75,75,75,75,75,80,80,80,80,85,85,85,85,85,85,85,85,85,85,85,85,85,85,85,85,85,85,85,85,85,85,92,92,92,92,92,92,92,92],"card_choices":[{"not_picked":["Scrape","Streamline"],"picked":"Gash","floor":1.0},{"not_picked":["Tempest","Defragment"],"picked":"Go for the Eyes","floor":2.0},{"not_picked":["Stack","White Noise"],"picked":"Gash","floor":5.0},{"not_picked":["Undo","Darkness","Cold Snap"],"picked":"SKIP","floor":6.0},{"not_picked":["Stack","Rebound"],"picked":"Skim","floor":11.0},{"not_picked":["Aggregate","Self Repair"],"picked":"Echo Form","floor":12.0},{"not_picked":["Skim","Lockon"],"picked":"Auto Shields","floor":14.0},{"not_picked":["Multi-Cast","Biased Cognition"],"picked":"Core Surge","floor":16.0},{"not_picked":["Stack","Go for the Eyes"],"picked":"Coolheaded","floor":17.0},{"not_picked":["Fusion","Consume","Ball Lightning"],"picked":"SKIP","floor":18.0},{"not_picked":["Fusion","Consume","Ball Lightning"],"picked":"SKIP","floor":18.0},{"not_picked":["Coolheaded","Skim"],"picked":"Chill+1","floor":20.0},{"not_picked":["Darkness","Leap"],"picked":"Coolheaded","floor":21.0},{"not_picked":["Leap","Heatsinks+1"],"picked":"Conserve Battery","floor":22.0},{"not_picked":["Blizzard","Melter","Hello World+1"],"picked":"SKIP","floor":24.0},{"not_picked":["Static Discharge","Rebound"],"picked":"Gash","floor":25.0},{"not_picked":["Cold Snap","Tempest+1","Static Discharge"],"picked":"SKIP","floor":31.0},{"not_picked":["Amplify","Hyperbeam"],"picked":"All For One","floor":33.0},{"not_picked":["Stack+1"],"picked":"SKIP","floor":35.0},{"not_picked":["Ball Lightning"],"picked":"SKIP","floor":38.0},{"not_picked":[],"picked":"Mind Blast","floor":39.0},{"not_picked":["Cold Snap"],"picked":"SKIP","floor":42.0},{"not_picked":["Reprogram"],"picked":"SKIP","floor":44.0},{"not_picked":[],"picked":"Gash","floor":45},{"not_picked":["Chaos"],"picked":"SKIP","floor":46},{"not_picked":["Rebound+1"],"picked":"SKIP","floor":48}],"player_experience":604499,"relics_obtained":[{"floor":6.0,"key":"Pen Nib"},{"floor":9.0,"key":"Gremlin Horn"},{"floor":11.0,"key":"Whetstone"},{"floor":25.0,"key":"Incense Burner"},{"floor":26.0,"key":"Anchor"},{"floor":37.0,"key":"StoneCalendar"},{"floor":43.0,"key":"Strawberry"}],"event_choices":[{"damage_healed":0.0,"max_hp_gain":0.0,"max_hp_loss":0.0,"gold_gain":175.0,"event_name":"Liars Game","player_choice":"AGREE","floor":3.0,"gold_loss":0.0,"damage_taken":0.0,"cards_obtained":["Doubt"]},{"damage_healed":0.0,"max_hp_gain":0.0,"max_hp_loss":0.0,"gold_gain":0.0,"event_name":"Upgrade Shrine","player_choice":"Upgraded","floor":10.0,"gold_loss":0.0,"damage_taken":0.0,"cards_upgraded":["Blind"]},{"damage_healed":0.0,"max_hp_gain":0.0,"max_hp_loss":0.0,"gold_gain":0.0,"event_name":"Cursed Tome","player_choice":"Ignored","floor":28.0,"gold_loss":0.0,"damage_taken":0.0},{"damage_healed":0.0,"max_hp_gain":0.0,"max_hp_loss":0.0,"gold_gain":0.0,"event_name":"Mysterious Sphere","player_choice":"Fight","floor":37.0,"gold_loss":0.0,"damage_taken":0.0},{"damage_healed":0.0,"max_hp_gain":0.0,"max_hp_loss":0.0,"gold_gain":0.0,"event_name":"SensoryStone","player_choice":"Memory 1","floor":39.0,"gold_loss":0.0,"damage_taken":0.0},{"damage_healed":0.0,"max_hp_gain":0.0,"max_hp_loss":0.0,"gold_gain":0.0,"event_name":"Upgrade Shrine","player_choice":"Upgraded","floor":41.0,"gold_loss":0.0,"damage_taken":0.0,"cards_upgraded":["Mind Blast"]}],"is_beta":false,"boss_relics":[{"not_picked":["Runic Pyramid","Ectoplasm"],"picked":"Tiny House"},{"not_picked":["FrozenCore","Pandora\u0027s Box"],"picked":"Busted Crown"}],"items_purged_floors":[4,47],"is_endless":false,"potions_floor_spawned":[1,11,12,16,18,21,22,38,42,44,46],"ascension_level":0}