{"gold_per_floor":[119,37,57,57,82,94,132,144,156,185,210,222,234,262,274,390,402,432,461,487,499,436,436,471,471,471,37,51,51,51,68,68,171,171,187,202,219,235,251,286,286,286,311,329,204,257,28,46,46,46],"floor_reached":51,"playtime":1315,"items_purged":["Strike_R","Strike_R","Strike_R","Strike_R"],"score":751,"play_id":"a001a13d-0877-433f-8aa1-21aaa4ffb69b","local_time":"20190630134746","is_ascension_mode":false,"campfire_choices":[{"data":"Heavy Blade","floor":6.0,"key":"SMITH"},{"data":"Spot Weakness","floor":15.0,"key":"SMITH"},{"data":"Bash","floor":23.0,"key":"SMITH"},{"data":"Shrug It Off","floor":25.0,"key":"SMITH"},{"data":"Heavy Blade","floor":29.0,"key":"SMITH"},{"data":"Shrug It Off","floor":32.0,"key":"SMITH"},{"data":"Demon Form","floor":42,"key":"SMITH"},{"data":"Metallicize","floor":49,"key":"SMITH"}],"neow_cost":"NONE","seed_source_timestamp":53845818691500,"circlet_count":0,"master_deck":["Strike_R","Defend_R","Defend_R","Defend_R","Defend_R","Bash+1","Heavy Blade+1","Trip+1","Spot Weakness+1","Reaper","Shrug It Off+1","Shrug It Off+1","Reaper","Dropkick","Heavy Blade+1","Spot Weakness+1","Spot Weakness+1","Demon Form+1","Fire Breathing+1","Metallicize+1","Seeing Red+1"],"special_seed":0,"relics":["Burning Blood","MawBank","Bag of Preparation","Shuriken","Coffee Dripper","Toxic Egg 2","Matryoshka","Paper Frog","Runic Pyramid","Singing Bowl","Mummified Hand","Blood Vial","Bird Faced Urn"],"potions_floor_usage":[46,50,50,50],"damage_taken":[{"damage":3.0,"enemies":"2 Louse","floor":1.0,"turns":3.0},{"damage":5.0,"enemies":"Small Slimes","floor":3.0,"turns":4.0},{"damage":5.0,"enemies":"Jaw Worm","floor":5.0,"turns":4.0},{"damage":36.0,"enemies":"Lagavulin","floor":7.0,"turns":6.0},{"damage":1.0,"enemies":"2 Fungi Beasts","floor":10.0,"turns":3.0},{"damage":8.0,"enemies":"Lots of Slimes","floor":11.0,"turns":3.0},{"damage":14.0,"enemies":"Large Slime","floor":14.0,"turns":6.0},{"damage":33.0,"enemies":"The Guardian","floor":16.0,"turns":9.0},{"damage":6.0,"enemies":"Spheric Guardian","floor":18.0,"turns":5.0},{"damage":31.0,"enemies":"2 Thieves","floor":19.0,"turns":4.0},{"damage":8.0,"enemies":"Snecko","floor":20.0,"turns":4.0},{"damage":13.0,"enemies":"Book of Stabbing","floor":24.0,"turns":4.0},{"damage":0.0,"enemies":"Centurion and Healer","floor":28.0,"turns":3.0},{"damage":5.0,"enemies":"Sentry and Sphere","floor":31.0,"turns":3.0},{"damage":71.0,"enemies":"Champ","floor":33.0,"turns":7.0},{"damage":19,"enemies":"3 Shapes","floor":35,"turns":5},{"damage":19,"enemies":"3 Darklings","floor":36,"turns":4},{"damage":30,"enemies":"Transient","floor":37,"turns":5},{"damage":16,"enemies":"Spire Growth","floor":38,"turns":3},{"damage":18,"enemies":"Sphere and 2 Shapes","floor":39,"turns":5},{"damage":15,"enemies":"Nemesis","floor":40,"turns":3},{"damage":27,"enemies":"Maw","floor":44,"turns":4},{"damage":11,"enemies":"2 Orb Walkers","floor":46,"turns":3},{"damage":9,"enemies":"4 Shapes","floor":48,"turns":4},{"damage":69,"enemies":"Donu and Deca","floor":50,"turns":7}],"seed_played":"3203709423736186091","potions_obtained":[{"floor":5.0,"key":"SneckoOil"},{"floor":7.0,"key":"Block Potion"},{"floor":10.0,"key":"SteroidPotion"},{"floor":11.0,"key":"Energy Potion"},{"floor":16.0,"key":"Block Potion"},{"floor":18.0,"key":"EssenceOfSteel"},{"floor":28.0,"key":"Swift Potion"},{"floor":48,"key":"AttackPotion"}],"is_trial":false,"path_per_floor":["M","$","M","?","M","R","E","?","T","M","M","$","?","M","R","B",null,"M","M","M","?","$","R","E","R","T","$","M","R","?","M","R","B",null,"M","M","M","M","M","E","?","R","T","M","$","?","$","M","R","B",null],"character_chosen":"IRONCLAD","items_purchased":["Trip","Paper Frog","Dropkick","Heavy Blade","Seeing Red+1"],"campfire_rested":0,"item_purchase_floors":[2,27,27,27,47],"current_hp_per_floor":[88,88,88,81,82,82,52,52,52,57,55,55,55,47,47,20,88,88,75,73,73,73,73,66,66,66,66,72,72,72,87,87,40,88,82,88,88,88,88,81,83,83,83,94,94,92,92,96,96,96],"gold":46,"neow_bonus":"TEN_PERCENT_HP_BONUS","is_prod":false,"is_daily":false,"chose_seed":false,"campfire_upgraded":8,"win_rate":0,"timestamp":1561891666,"path_taken":["M","$","M","?","M","R","E","?","T","M","M","$","?","M","R","BOSS","M","M","M","?","$","R","E","R","T","$","M","R","?","?","R","BOSS","M","M","M","M","M","E","?","R","T","M","$","?","$","M","R","BOSS"],"build_version":"2019-01-23","purchased_purges":4,"victory":true,"max_hp_per_floor":[88,88,88,88,88,88,88,88,88,88,88,88,88,88,88,88,88,88,88,88,88,88,88,88,88,88,88,88,88,88,88,88,88,88,88,88,88,88,88,90,92,92,92,94,94,94,94,96,96,96],"card_choices":[{"not_picked":["True Grit","Heavy Blade","Perfected Strike"],"picked":"SKIP","floor":1.0},{"not_picked":["True Grit","Perfected Strike"],"picked":"Heavy Blade","floor":1.0},{"not_picked":["Warcry","Hemokinesis"],"picked":"Spot Weakness","floor":3.0},{"not_picked":["Wild Strike","Shockwave","Infernal Blade"],"picked":"SKIP","floor":5.0},{"not_picked":["Thunderclap","Dark Embrace","Flex"],"picked":"SKIP","floor":7.0},{"not_picked":["Havoc","Flame Barrier","Iron Wave"],"picked":"SKIP","floor":10.0},{"not_picked":["Anger","Twin Strike","Rage"],"picked":"SKIP","floor":11.0},{"not_picked":["Carnage","Sever Soul","Wild Strike"],"picked":"SKIP","floor":14.0},{"not_picked":["Exhume","Berserk"],"picked":"Reaper","floor":16.0},{"not_picked":["Iron Wave","True Grit","Havoc"],"picked":"SKIP","floor":18.0},{"not_picked":["Anger","Thunderclap"],"picked":"Shrug It Off","floor":19.0},{"not_picked":["Anger","Headbutt"],"picked":"Shrug It Off","floor":20.0},{"not_picked":["Clash","Body Slam"],"picked":"Reaper","floor":24.0},{"not_picked":["Thunderclap","Searing Blow","Warcry+1"],"picked":"SKIP","floor":28.0},{"not_picked":["Clothesline+1","Flex+1"],"picked":"Spot Weakness+1","floor":31.0},{"not_picked":["Berserk","Fiend Fire"],"picked":"Demon Form","floor":33.0},{"not_picked":["Burning Pact+1","Twin Strike+1","Iron Wave"],"picked":"SKIP","floor":35},{"not_picked":["Clothesline","Reckless Charge"],"picked":"Fire Breathing+1","floor":36},{"not_picked":["Warcry+1","Body Slam","Demon Form"],"picked":"SKIP","floor":37},{"not_picked":["Shrug It Off+1","Twin Strike+1","Iron Wave+1"],"picked":"SKIP","floor":38},{"not_picked":["Pummel","Clash+1","Infernal Blade+1"],"picked":"SKIP","floor":39},{"not_picked":["Searing Blow+1","Clash+1","Pommel Strike+1"],"picked":"Singing Bowl","floor":40},{"not_picked":["PanicButton+1","Transmutation+1","Bandage Up+1"],"picked":"Singing Bowl","floor":41},{"not_picked":["Havoc+1","Shrug It Off+1","Headbutt+1"],"picked":"Singing Bowl","floor":44},{"not_picked":["Perfected Strike","Warcry+1"],"picked":"Metallicize","floor":46},{"not_picked":["Pommel Strike","Iron Wave","Flex+1"],"picked":"Singing Bowl","floor":48}],"player_experience":658843,"relics_obtained":[{"floor":7.0,"key":"Bag of Preparation"},{"floor":9.0,"key":"Shuriken"},{"floor":24.0,"key":"Toxic Egg 2"},{"floor":26.0,"key":"Matryoshka"},{"floor":40,"key":"Singing Bowl"},{"floor":43,"key":"Mummified Hand"},{"floor":43,"key":"Blood Vial"},{"floor":46,"key":"Bird Faced Urn"}],"event_choices":[{"damage_healed":0.0,"max_hp_gain":0.0,"max_hp_loss":0.0,"gold_gain":0.0,"event_name":"Scrap Ooze","player_choice":"Success","floor":4.0,"gold_loss":0.0,"damage_taken":7.0,"relics_obtained":["MawBank"]},{"damage_healed":0.0,"max_hp_gain":0.0,"max_hp_loss":0.0,"gold_gain":0.0,"event_name":"Living Wall","player_choice":"Grow","floor":8.0,"gold_loss":0.0,"damage_taken":0.0,"cards_upgraded":["Trip"]},{"damage_healed":0.0,"max_hp_gain":0.0,"max_hp_loss":0.0,"gold_gain":0.0,"event_name":"The Cleric","player_choice":"Leave","floor":13.0,"gold_loss":0.0,"damage_taken":0.0},{"damage_healed":0.0,"max_hp_gain":0.0,"max_hp_loss":0.0,"gold_gain":0.0,"event_name":"Cursed Tome","player_choice":"Ignored","floor":21.0,"gold_loss":0.0,"damage_taken":0.0},{"damage_healed":0.0,"max_hp_gain":0.0,"max_hp_loss":0.0,"gold_gain":0.0,"event_name":"Duplicator","player_choice":"Copied","floor":30.0,"gold_loss":0.0,"damage_taken":0.0,"cards_obtained":["Spot Weakness"]},{"damage_healed":0,"gold_gain":0,"player_choice":"Memory 1","damage_taken":0,"max_hp_gain":0,"max_hp_loss":0,"event_name":"SensoryStone","floor":41,"gold_loss":0},{"damage_healed":0,"gold_gain":0,"player_choice":"Fight","damage_taken":0,"max_hp_gain":0,"max_hp_loss":0,"event_name":"Mysterious Sphere","floor":46,"gold_loss":0}],"is_beta":false,"boss_relics":[{"not_picked":["Calling Bell","Eternal Feather"],"picked":"Coffee Dripper"},{"not_picked":["Velvet Choker","Snecko Eye"],"picked":"Runic Pyramid"}],"items_purged_floors":[22,27,45,47],"is_endless":false,"potions_floor_spawned":[5,7,10,11,16,18,20,28,36,37,39,40,48],"ascension_level":0}