{"gold_per_floor":[111,31,50,66,79,79,0,0,0,17,351,94,94,104,104,209,209,223,223,234,247,176,211,231,231,231,231,231,247,247,41,41,137,137,149,159,3,18,18,18,0,0,0,10,20,20,20,20],"floor_reached":48,"playtime":1413,"items_purged":[],"score":627,"play_id":"999905a3-f01d-4e6f-b21a-79e88c594f5a","local_time":"20180715061234","is_ascension_mode":false,"campfire_choices":[{"data":"Body Slam","floor":6.0,"key":"SMITH"},{"data":"Armaments","floor":8.0,"key":"SMITH"},{"data":"Apotheosis","floor":15,"key":"SMITH"},{"data":"Barricade","floor":25,"key":"SMITH"},{"data":"Metallicize","floor":32,"key":"SMITH"},{"data":"Berserk","floor":42,"key":"SMITH"}],"neow_cost":"NONE","seed_source_timestamp":195967403745963,"circlet_count":0,"master_deck":["Strike_R","Strike_R","Strike_R","Strike_R","Defend_R","Defend_R","Defend_R","Defend_R","Bash","Armaments+1","Whirlwind","Shrug It Off","Body Slam+1","Metallicize+1","Impervious","Body Slam","Apotheosis+1","Feed","Body Slam+1","Entrench","Entrench","Barricade+1","Body Slam","Berserk+1","Metallicize+1","Blind"],"special_seed":0,"relics":["Coffee Dripper","Thread and Needle","Old Coin","Eternal Feather","Pantograph","Mercury Hourglass","Bronze Scales","Mark of Pain","Anchor","Red Mask","Question Card"],"potions_floor_usage":[11,23,48],"damage_taken":[{"damage":0.0,"enemies":"Cultist","floor":1.0,"turns":3.0},{"damage":0.0,"enemies":"Small Slimes","floor":3.0,"turns":3.0},{"damage":0.0,"enemies":"Jaw Worm","floor":4.0,"turns":3.0},{"damage":16.0,"enemies":"Exordium Thugs","floor":5.0,"turns":7.0},{"damage":0.0,"enemies":"Red Slaver","floor":10.0,"turns":2.0},{"damage":0,"enemies":"Gremlin Nob","floor":11,"turns":3},{"damage":0,"enemies":"Blue Slaver","floor":14,"turns":1},{"damage":0,"enemies":"Hexaghost","floor":16,"turns":7},{"damage":0,"enemies":"Shell Parasite","floor":18,"turns":5},{"damage":0,"enemies":"Chosen","floor":20,"turns":5},{"damage":16,"enemies":"3 Cultists","floor":21,"turns":6},{"damage":28,"enemies":"Gremlin Leader","floor":23,"turns":10},{"damage":15,"enemies":"Centurion and Healer","floor":24,"turns":9},{"damage":16,"enemies":"Snake Plant","floor":29,"turns":4},{"damage":0,"enemies":"Automaton","floor":33,"turns":7},{"damage":28,"enemies":"Flame Bruiser 1 Orb","floor":35,"turns":6},{"damage":0,"enemies":"3 Darklings","floor":36,"turns":6},{"damage":2,"enemies":"Sphere and 2 Shapes","floor":38,"turns":3},{"damage":0,"enemies":"4 Shapes","floor":44,"turns":4},{"damage":17,"enemies":"Flame Bruiser 2 Orb","floor":45,"turns":4},{"damage":56,"enemies":"Transient","floor":48,"turns":4}],"seed_played":"-894966862739223801","potions_obtained":[{"floor":3.0,"key":"PowerPotion"},{"floor":4.0,"key":"Strength Potion"},{"floor":10.0,"key":"SpeedPotion"},{"floor":16,"key":"SpeedPotion"},{"floor":20,"key":"Energy Potion"},{"floor":29,"key":"Dexterity Potion"},{"floor":33,"key":"Block Potion"}],"is_trial":false,"path_per_floor":["M","$","M","M","M","R","$","R","T","M","E","$","?","M","R","B",null,"M","$","M","M","$","E","M","R","T","?","?","M","?","$","R","B",null,"M","M","$","M","$","?","?","R","T","M","M","?","$"],"character_chosen":"IRONCLAD","items_purchased":["Whirlwind","Metallicize","Body Slam","Apotheosis","Entrench","Bronze Scales","Body Slam","Anchor"],"campfire_rested":0,"item_purchase_floors":[2,7,12,12,22,31,31,37],"current_hp_per_floor":[80,80,80,80,64,64,64,64,64,64,64,64,64,64,64,64,80,80,80,80,68,68,40,25,33,33,33,33,17,17,17,25,50,84,56,56,56,58,58,58,58,68,68,68,51,51,51,0],"gold":20,"neow_bonus":"BOSS_RELIC","is_prod":false,"is_daily":false,"chose_seed":false,"campfire_upgraded":6,"win_rate":0,"timestamp":1531624354,"path_taken":["M","?","M","M","M","R","$","R","T","M","E","$","?","M","R","BOSS","M","$","M","M","$","E","M","R","T","?","?","M","?","?","R","BOSS","M","M","$","M","$","?","?","R","T","M","M","?","$","M"],"build_version":"2018-07-12","purchased_purges":0,"victory":false,"max_hp_per_floor":[80,80,80,80,80,80,80,80,80,80,80,80,80,80,80,80,80,80,80,80,84,84,84,84,84,84,84,84,84,84,84,84,84,84,84,84,84,88,88,88,88,88,88,88,88,88,88,88],"card_choices":[{"not_picked":["Clash","Clothesline"],"picked":"Armaments","floor":1.0},{"not_picked":["Feel No Pain","Sword Boomerang"],"picked":"Shrug It Off","floor":3.0},{"not_picked":["Thunderclap","Sword Boomerang","Pommel Strike"],"picked":"SKIP","floor":4.0},{"not_picked":["Spot Weakness","Flame Barrier"],"picked":"Body Slam","floor":5.0},{"not_picked":["Cleave","Flex","Sword Boomerang"],"picked":"SKIP","floor":10.0},{"not_picked":["Disarm","Flex"],"picked":"Impervious","floor":11},{"not_picked":["Armaments","Searing Blow","Thunderclap"],"picked":"SKIP","floor":14},{"not_picked":["Fiend Fire","Dark Embrace"],"picked":"Feed","floor":16},{"not_picked":["Pommel Strike","Sever Soul"],"picked":"Body Slam+1","floor":18},{"not_picked":["Blood for Blood","Searing Blow"],"picked":"Entrench","floor":20},{"not_picked":["Armaments+1","Perfected Strike","Intimidate"],"picked":"SKIP","floor":21},{"not_picked":["Fire Breathing","Rampage"],"picked":"Barricade","floor":23},{"not_picked":["Havoc","Cleave+1","Spot Weakness"],"picked":"SKIP","floor":24},{"not_picked":["True Grit","Burning Pact","Sever Soul"],"picked":"SKIP","floor":29},{"not_picked":["Barricade","Exhume"],"picked":"Berserk","floor":33},{"not_picked":["Clothesline","Clash+1","Bloodletting"],"picked":"SKIP","floor":35},{"not_picked":["True Grit","Clothesline+1","Bloodletting"],"picked":"SKIP","floor":36},{"not_picked":["Thunderclap+1","Second Wind","Wild Strike"],"picked":"SKIP","floor":38},{"not_picked":["Iron Wave+1","Power Through","Sword Boomerang+1","Havoc+1"],"picked":"SKIP","floor":44},{"not_picked":["Body Slam","Shockwave","Sword Boomerang+1","Combust"],"picked":"SKIP","floor":45}],"player_experience":202390,"relics_obtained":[{"floor":9.0,"key":"Thread and Needle"},{"floor":11,"key":"Old Coin"},{"floor":23,"key":"Pantograph"},{"floor":26,"key":"Mercury Hourglass"},{"floor":43,"key":"Question Card"}],"event_choices":[{"event_name":"Purifier","player_choice":"One Purge","floor":13,"damage_taken":0},{"event_name":"The Woman in Blue","player_choice":"Bought 0 Potions","floor":27,"damage_taken":0},{"event_name":"Cursed Tome","player_choice":"Ignored","floor":28,"damage_taken":0},{"event_name":"Vampires","player_choice":"Ignored","floor":30,"damage_taken":0},{"event_name":"Duplicator","player_choice":"One dupe","floor":40,"damage_taken":0},{"event_name":"Tomb of Lord Red Mask","player_choice":"Paid","floor":41,"damage_taken":0},{"event_name":"Match and Keep!","player_choice":"1 cards matched","floor":46,"damage_taken":0}],"boss_relics":[{"not_picked":["Velvet Choker","Sozu"],"picked":"Eternal Feather"},{"not_picked":["Empty Cage","Philosopher\u0027s Stone"],"picked":"Mark of Pain"}],"items_purged_floors":[],"is_endless":false,"potions_floor_spawned":[3,4,10,16,20,29,33,45],"killed_by":"Transient","ascension_level":0}