{"gold_per_floor":[110,8,8,27,27,27,50,50,50,71,23,53,76,100,100,220,220,234,234,250,271,4,4,48,48,130,130,155,155,155,34,34,159,222,242,242,258,283,91,91,124,124,124,145,71,71,85,59,59,59],"floor_reached":51,"playtime":1641,"items_purged":["Regret"],"score":712,"play_id":"1ab6c12d-cf8b-422d-a722-d72a7761db52","local_time":"20181117141509","is_ascension_mode":false,"campfire_choices":[{"data":"Hologram","floor":6.0,"key":"SMITH"},{"data":"Zap","floor":8.0,"key":"SMITH"},{"data":"Genetic Algorithm","floor":15.0,"key":"SMITH"},{"data":"Coolheaded","floor":23.0,"key":"SMITH"},{"floor":29.0,"key":"REST"},{"floor":32.0,"key":"REST"},{"data":"Seek","floor":40.0,"key":"SMITH"},{"floor":46,"key":"REST"},{"data":"Coolheaded","floor":49,"key":"SMITH"}],"neow_cost":"NONE","seed_source_timestamp":147992496593070,"circlet_count":0,"master_deck":["Strike_B","Strike_B","Strike_B","Defend_B","Defend_B","Defend_B","Defend_B","Zap+1","Dualcast","Gash","Hologram+1","Gash","Steam","Coolheaded+1","Conserve Battery","All For One","Genetic Algorithm+1","Cold Snap+1","Coolheaded+1","Gash","Auto Shields","Seek+1","Gash","Gash+1","Conserve Battery","Stack","Scrape","Go for the Eyes"],"special_seed":0,"relics":["Cracked Core","Centennial Puzzle","Golden Idol","Shuriken","Cursed Key","DataDisk","Ancient Tea Set","Kunai","Tiny House","Pen Nib","ClockworkSouvenir","Lantern"],"potions_floor_usage":[50,50,50],"damage_taken":[{"damage":2.0,"enemies":"2 Louse","floor":1.0,"turns":2.0},{"damage":2.0,"enemies":"Small Slimes","floor":4.0,"turns":3.0},{"damage":0.0,"enemies":"Jaw Worm","floor":7.0,"turns":2.0},{"damage":3.0,"enemies":"Red Slaver","floor":10.0,"turns":2.0},{"damage":3.0,"enemies":"Exordium Thugs","floor":13.0,"turns":3.0},{"damage":0.0,"enemies":"Lots of Slimes","floor":14.0,"turns":1.0},{"damage":19.0,"enemies":"The Guardian","floor":16.0,"turns":8.0},{"damage":20.0,"enemies":"2 Thieves","floor":18.0,"turns":4.0},{"damage":3.0,"enemies":"3 Byrds","floor":20.0,"turns":5.0},{"damage":13.0,"enemies":"Centurion and Healer","floor":21.0,"turns":4.0},{"damage":20.0,"enemies":"Slavers","floor":24.0,"turns":3.0},{"damage":0.0,"enemies":"Colosseum Slavers","floor":25.0,"turns":4.0},{"damage":0.0,"enemies":"Snake Plant","floor":27.0,"turns":1.0},{"damage":21.0,"enemies":"Snecko","floor":28.0,"turns":5.0},{"damage":21.0,"enemies":"Collector","floor":33.0,"turns":8.0},{"damage":6.0,"enemies":"3 Darklings","floor":35.0,"turns":7.0},{"damage":0.0,"enemies":"Orb Walker","floor":37.0,"turns":3.0},{"damage":5.0,"enemies":"4 Shapes","floor":38.0,"turns":5.0},{"damage":16.0,"enemies":"Nemesis","floor":41.0,"turns":9.0},{"damage":6,"enemies":"Spire Growth","floor":44,"turns":2},{"damage":0,"enemies":"Maw","floor":47,"turns":4},{"damage":9,"enemies":"Donu and Deca","floor":50,"turns":6}],"seed_played":"7637031466780659430","potions_obtained":[{"floor":1.0,"key":"Strength Potion"},{"floor":7.0,"key":"SmokeBomb"},{"floor":10.0,"key":"Explosive Potion"},{"floor":20.0,"key":"Explosive Potion"},{"floor":33.0,"key":"EssenceOfSteel"},{"floor":34.0,"key":"Swift Potion"},{"floor":38.0,"key":"Block Potion"},{"floor":41.0,"key":"Block Potion"},{"floor":44,"key":"Ancient Potion"}],"is_trial":false,"path_per_floor":["M","$","?","M","?","R","M","R","T","M","$","?","M","M","R","B",null,"M","?","M","M","$","R","E","?","T","M","M","R","?","$","R","B",null,"M","M","?","M","M","$","R","E","T","T","M","$","R","M","$","R","B",null],"character_chosen":"DEFECT","items_purchased":["Hologram","Gash","Conserve Battery","DataDisk","Gash","Auto Shields","Gash","ClockworkSouvenir","Scrape","Go for the Eyes"],"campfire_rested":3,"item_purchase_floors":[2,2,11,22,22,22,31,39,45,48],"current_hp_per_floor":[73,73,66,64,64,64,64,64,64,61,61,61,58,58,58,39,69,49,69,66,53,53,53,33,33,33,33,12,32,32,32,52,31,74,68,68,68,63,63,63,47,47,47,41,41,63,63,63,63,54],"gold":59,"neow_bonus":"RANDOM_COMMON_RELIC","is_prod":false,"is_daily":false,"chose_seed":false,"campfire_upgraded":6,"win_rate":0,"timestamp":1542456909,"path_taken":["M","$","?","M","?","R","M","R","T","M","$","?","M","M","R","BOSS","M","?","M","M","$","R","E","?","T","M","M","R","?","$","R","BOSS","M","?","M","?","$","R","E","?","T","M","$","R","?","?","R","BOSS"],"build_version":"2018-11-15","purchased_purges":1,"victory":true,"max_hp_per_floor":[75,75,75,75,69,69,69,69,69,69,69,69,69,69,69,69,69,69,69,69,69,69,69,69,69,69,69,69,69,69,69,69,69,74,74,74,74,74,74,74,74,74,74,74,74,74,74,74,74,74],"card_choices":[{"not_picked":["Rip and Tear","Ball Lightning"],"picked":"Gash","floor":1.0},{"not_picked":["Ball Lightning","Streamline","Darkness"],"picked":"SKIP","floor":4.0},{"not_picked":["Beam Cell","Redo"],"picked":"Steam","floor":7.0},{"not_picked":["Turbo","Beam Cell"],"picked":"Coolheaded","floor":10.0},{"not_picked":["Turbo","Steam Power"],"picked":"All For One","floor":13.0},{"not_picked":["Stack","Coolheaded"],"picked":"Genetic Algorithm","floor":14.0},{"not_picked":["Barrage","Static Discharge"],"picked":"Cold Snap+1","floor":18.0},{"not_picked":["Steam","Static Discharge"],"picked":"Coolheaded","floor":20.0},{"not_picked":["Stack","Barrage","White Noise"],"picked":"SKIP","floor":21.0},{"not_picked":["Reprogram","Force Field+1"],"picked":"Seek","floor":24.0},{"not_picked":["Glacier+1","Leap"],"picked":"Gash","floor":28.0},{"not_picked":["Barrage","Genetic Algorithm"],"picked":"Conserve Battery","floor":34.0},{"not_picked":["Loop","Barrage","Sweeping Beam"],"picked":"SKIP","floor":35.0},{"not_picked":["Barrage","Double Energy+1","Conserve Battery"],"picked":"SKIP","floor":37.0},{"not_picked":["Turbo+1","Streamline+1"],"picked":"Stack","floor":38.0},{"not_picked":["Glacier+1","Fusion","Amplify"],"picked":"SKIP","floor":41.0},{"not_picked":["Rip and Tear+1","Steam Power","Redo"],"picked":"SKIP","floor":44},{"not_picked":["Conserve Battery+1","Undo","Recycle+1"],"picked":"SKIP","floor":47}],"player_experience":471512,"relics_obtained":[{"floor":9.0,"key":"Shuriken"},{"floor":24.0,"key":"Ancient Tea Set"},{"floor":26.0,"key":"Kunai"},{"floor":41.0,"key":"Lantern"}],"event_choices":[{"cards_removed":["Strike_B"],"damage_healed":0.0,"max_hp_gain":0.0,"max_hp_loss":0.0,"gold_gain":0.0,"event_name":"Golden Wing","player_choice":"Card Removal","floor":3.0,"gold_loss":0.0,"damage_taken":7.0},{"damage_healed":0.0,"max_hp_gain":0.0,"max_hp_loss":6.0,"gold_gain":0.0,"event_name":"Golden Idol","player_choice":"Lose Max HP","floor":5.0,"gold_loss":0.0,"damage_taken":0.0,"relics_obtained":["Golden Idol"]},{"damage_healed":0.0,"max_hp_gain":0.0,"max_hp_loss":0.0,"gold_gain":30.0,"event_name":"Dead Adventurer","player_choice":"Searched \u00272\u0027 times","floor":12.0,"gold_loss":0.0,"damage_taken":0.0},{"damage_healed":23.0,"max_hp_gain":0.0,"max_hp_loss":0.0,"gold_gain":0.0,"event_name":"The Library","player_choice":"Heal","floor":19.0,"gold_loss":0.0,"damage_taken":0.0},{"damage_healed":0.0,"max_hp_gain":0.0,"max_hp_loss":0.0,"gold_gain":0.0,"event_name":"Colosseum","player_choice":"Fight","floor":25.0,"gold_loss":0.0,"damage_taken":0.0},{"damage_healed":0.0,"max_hp_gain":0.0,"max_hp_loss":0.0,"gold_gain":0.0,"event_name":"Colosseum","player_choice":"Fled From Nobs","floor":25.0,"gold_loss":0.0,"damage_taken":0.0},{"damage_healed":0.0,"max_hp_gain":0.0,"max_hp_loss":0.0,"gold_gain":0.0,"event_name":"The Mausoleum","player_choice":"Ignored","floor":30.0,"gold_loss":0.0,"damage_taken":0.0},{"damage_healed":0.0,"max_hp_gain":0.0,"max_hp_loss":0.0,"gold_gain":0.0,"event_name":"WeMeetAgain","player_choice":"Gave Potion","floor":36.0,"gold_loss":0.0,"damage_taken":0.0,"relics_obtained":["Pen Nib"]}],"is_beta":false,"boss_relics":[{"not_picked":["Eternal Feather","Sozu"],"picked":"Cursed Key"},{"not_picked":["Coffee Dripper","Philosopher\u0027s Stone"],"picked":"Tiny House"}],"items_purged_floors":[31],"is_endless":false,"potions_floor_spawned":[1,7,10,20,21,33,38,41,44,47],"ascension_level":0}