{"gold_per_floor":[114,129,139,152,163,193,207,62,62,62,78,94,129,129,129,233,233,246,259,275,86,104,129,129,129,152,180,180,180,194,228,228,326,326,346,362,382,392,1,36,36,48,48,75,75,100,125,159,159,159,159,159,38,63,63],"floor_reached":55,"playtime":17789,"items_purged":["Strike_B"],"score":866,"play_id":"6e2da4a2-f663-417d-99ed-c0074c32c85b","local_time":"20190701191219","is_ascension_mode":false,"campfire_choices":[{"floor":15.0,"key":"REST"},{"floor":28.0,"key":"REST"},{"data":"Self Repair","floor":32.0,"key":"SMITH"},{"floor":41.0,"key":"RECALL"},{"data":"Electrodynamics","floor":45.0,"key":"SMITH"},{"data":"Static Discharge","floor":49,"key":"SMITH"},{"data":"Melter","floor":52,"key":"SMITH"}],"neow_cost":"NONE","seed_source_timestamp":0,"circlet_count":0,"master_deck":["Strike_B","Strike_B+1","Strike_B+1","Defend_B","Defend_B","Defend_B","Defend_B","Zap","Dualcast","Cold Snap","Conserve Battery","Self Repair","White Noise","Steam","BootSequence","Coolheaded","Melter+1","Heatsinks","Electrodynamics+1","Seek","Gash+1","Beam Cell+1","Sweeping Beam","Gash","Self Repair+1","Compile Driver","Conserve Battery","Glacier","Reboot","Leap","Hologram+1","Sweeping Beam+1","Static Discharge+1","White Noise","Stack+1","Redo+1","BootSequence+1","Ball Lightning"],"special_seed":0,"relics":["Cracked Core","Shuriken","Omamori","Pantograph","Matryoshka","Meat on the Bone","Busted Crown","Blood Vial","Boot","Anchor","Happy Flower","WingedGreaves","Kunai","Cursed Key","Potion Belt","Pen Nib","Unceasing Top","Smiling Mask","Letter Opener","StoneCalendar","Dream Catcher","Centennial Puzzle","Whetstone","Oddly Smooth Stone"],"potions_floor_usage":[55,55,55,55,55],"damage_taken":[{"damage":0.0,"enemies":"2 Louse","floor":1.0,"turns":2.0},{"damage":9.0,"enemies":"Jaw Worm","floor":2.0,"turns":3.0},{"damage":3.0,"enemies":"Small Slimes","floor":3.0,"turns":4.0},{"damage":3.0,"enemies":"Gremlin Gang","floor":4.0,"turns":5.0},{"damage":2.0,"enemies":"Blue Slaver","floor":5.0,"turns":4.0},{"damage":25.0,"enemies":"Lagavulin","floor":6.0,"turns":6.0},{"damage":3.0,"enemies":"Looter","floor":7.0,"turns":3.0},{"damage":24.0,"enemies":"Gremlin Gang","floor":11.0,"turns":7.0},{"damage":1.0,"enemies":"Red Slaver","floor":12.0,"turns":4.0},{"damage":26.0,"enemies":"Gremlin Nob","floor":13.0,"turns":5.0},{"damage":25.0,"enemies":"Hexaghost","floor":16.0,"turns":11.0},{"damage":2.0,"enemies":"Chosen","floor":18.0,"turns":5.0},{"damage":3.0,"enemies":"Spheric Guardian","floor":19.0,"turns":3.0},{"damage":3.0,"enemies":"3 Cultists","floor":20.0,"turns":4.0},{"damage":0.0,"enemies":"Sentry and Sphere","floor":22.0,"turns":3.0},{"damage":49.0,"enemies":"Slavers","floor":23.0,"turns":5.0},{"damage":35.0,"enemies":"Book of Stabbing","floor":27.0,"turns":7.0},{"damage":1.0,"enemies":"Cultist and Chosen","floor":30.0,"turns":4.0},{"damage":39.0,"enemies":"Gremlin Leader","floor":31.0,"turns":6.0},{"damage":55.0,"enemies":"Automaton","floor":33.0,"turns":13.0},{"damage":0.0,"enemies":"3 Shapes","floor":35.0,"turns":4.0},{"damage":14.0,"enemies":"3 Darklings","floor":36.0,"turns":3.0},{"damage":18.0,"enemies":"Jaw Worm Horde","floor":37.0,"turns":5.0},{"damage":5.0,"enemies":"4 Shapes","floor":38.0,"turns":3.0},{"damage":73.0,"enemies":"Nemesis","floor":40.0,"turns":9.0},{"damage":14.0,"enemies":"Spire Growth","floor":42.0,"turns":6.0},{"damage":20.0,"enemies":"Giant Head","floor":44.0,"turns":8.0},{"damage":22.0,"enemies":"Reptomancer","floor":46.0,"turns":6.0},{"damage":15,"enemies":"Nemesis","floor":47,"turns":7},{"damage":31,"enemies":"Reptomancer","floor":48,"turns":5},{"damage":35,"enemies":"Donu and Deca","floor":50,"turns":7},{"damage":58,"enemies":"Shield and Spear","floor":54,"turns":5},{"damage":97,"enemies":"The Heart","floor":55,"turns":5}],"seed_played":"-4641032652482498742","potions_obtained":[{"floor":2.0,"key":"GamblersBrew"},{"floor":7.0,"key":"Poison Potion"},{"floor":11.0,"key":"SpeedPotion"},{"floor":12.0,"key":"EntropicBrew"},{"floor":16.0,"key":"LiquidBronze"},{"floor":18.0,"key":"Energy Potion"},{"floor":22.0,"key":"GamblersBrew"},{"floor":23.0,"key":"Explosive Potion"},{"floor":30.0,"key":"SteroidPotion"},{"floor":35.0,"key":"Energy Potion"},{"floor":38.0,"key":"GamblersBrew"},{"floor":46.0,"key":"SneckoOil"},{"floor":47,"key":"AttackPotion"},{"floor":54,"key":"Weak Potion"}],"is_trial":false,"path_per_floor":["M","M","M","M","M","E","M","$","T","?","M","M","E","?","R","B",null,"M","M","M","$","M","E","?","?","T","E","R","?","M","E","R","B",null,"M","M","M","M","$","E","R","M","T","E","R","E","E","E","R","B",null,"R","$","E","B"],"character_chosen":"DEFECT","items_purchased":["Omamori","Gash","Self Repair","Static Discharge","White Noise","Potion Belt","Pen Nib","LiquidBronze","PowerPotion"],"campfire_rested":2,"item_purchase_floors":[8,21,21,39,39,39,39,53,53],"current_hp_per_floor":[82,73,70,74,82,64,61,61,61,61,44,50,31,6,30,52,82,82,82,79,79,82,52,36,65,65,58,84,84,87,69,69,61,87,87,87,86,87,87,43,43,60,60,81,81,78,82,63,63,52,87,87,87,58,0],"gold":63,"neow_bonus":"TEN_PERCENT_HP_BONUS","is_prod":false,"is_daily":false,"chose_seed":false,"campfire_upgraded":4,"win_rate":0,"timestamp":1562026339,"path_taken":["M","M","M","M","M","E","M","$","T","?","M","M","E","?","R","BOSS","M","M","M","$","M","E","?","?","T","E","R","?","M","E","R","BOSS","M","M","M","?","$","E","R","M","T","E","R","E","E","E","R","BOSS","R","$","E","BOSS"],"build_version":"2019-07-01","purchased_purges":1,"victory":false,"max_hp_per_floor":[82,82,82,82,82,82,82,82,82,82,82,82,82,82,82,82,82,82,82,82,82,82,82,87,87,87,87,87,87,87,87,87,87,87,87,87,87,87,87,87,87,87,87,87,87,87,87,87,87,87,87,87,87,87,87],"card_choices":[{"not_picked":["Coolheaded","Redo"],"picked":"Cold Snap","floor":1.0},{"not_picked":["Double Energy","Consume"],"picked":"Conserve Battery","floor":2.0},{"not_picked":["Steam","Beam Cell"],"picked":"Self Repair","floor":3.0},{"not_picked":["Cold Snap","Consume"],"picked":"White Noise","floor":4.0},{"not_picked":["Compile Driver","Undo"],"picked":"Steam","floor":5.0},{"not_picked":["Buffer","Hologram"],"picked":"BootSequence","floor":6.0},{"not_picked":["Go for the Eyes","Turbo"],"picked":"Coolheaded","floor":7.0},{"not_picked":["Hologram","Double Energy"],"picked":"Melter","floor":11.0},{"not_picked":["Hologram","Coolheaded"],"picked":"Heatsinks","floor":12.0},{"not_picked":["Force Field","Doom and Gloom"],"picked":"Electrodynamics","floor":13.0},{"not_picked":["Amplify","Thunder Strike"],"picked":"Seek","floor":16.0},{"not_picked":[],"picked":"Gash+1","floor":18.0},{"not_picked":[],"picked":"Beam Cell+1","floor":19.0},{"not_picked":[],"picked":"Sweeping Beam","floor":20.0},{"not_picked":[],"picked":"Compile Driver","floor":22.0},{"not_picked":["Consume"],"picked":"SKIP","floor":23.0},{"not_picked":[],"picked":"Conserve Battery","floor":27.0},{"not_picked":["Compile Driver"],"picked":"SKIP","floor":30.0},{"not_picked":[],"picked":"Glacier","floor":31.0},{"not_picked":[],"picked":"Reboot","floor":33.0},{"not_picked":[],"picked":"Leap","floor":35.0},{"not_picked":[],"picked":"Hologram+1","floor":36.0},{"not_picked":["Turbo+1"],"picked":"SKIP","floor":37.0},{"not_picked":[],"picked":"Sweeping Beam+1","floor":38.0},{"not_picked":["Compile Driver"],"picked":"SKIP","floor":40.0},{"not_picked":[],"picked":"Stack+1","floor":42.0},{"not_picked":[],"picked":"Redo+1","floor":44.0},{"not_picked":["Coolheaded"],"picked":"SKIP","floor":46.0},{"not_picked":[],"picked":"BootSequence+1","floor":47},{"not_picked":["Coolheaded+1"],"picked":"SKIP","floor":48},{"not_picked":[],"picked":"Ball Lightning","floor":54}],"player_experience":128453,"relics_obtained":[{"floor":6.0,"key":"Shuriken"},{"floor":13.0,"key":"Matryoshka"},{"floor":23.0,"key":"Blood Vial"},{"floor":26.0,"key":"Boot"},{"floor":26.0,"key":"Anchor"},{"floor":27.0,"key":"Happy Flower"},{"floor":31.0,"key":"Kunai"},{"floor":40.0,"key":"Unceasing Top"},{"floor":43.0,"key":"Smiling Mask"},{"floor":43.0,"key":"Letter Opener"},{"floor":44.0,"key":"StoneCalendar"},{"floor":46.0,"key":"Dream Catcher"},{"floor":47,"key":"Centennial Puzzle"},{"floor":48,"key":"Whetstone"},{"floor":54,"key":"Oddly Smooth Stone"}],"event_choices":[{"damage_healed":0.0,"max_hp_gain":0.0,"max_hp_loss":0.0,"gold_gain":0.0,"event_name":"Big Fish","player_choice":"Box","floor":10.0,"gold_loss":0.0,"damage_taken":0.0,"relics_obtained":["Pantograph"],"cards_obtained":["Regret"]},{"damage_healed":0.0,"max_hp_gain":0.0,"max_hp_loss":0.0,"gold_gain":0.0,"event_name":"Scrap Ooze","player_choice":"Success","floor":14.0,"gold_loss":0.0,"damage_taken":25.0,"relics_obtained":["Meat on the Bone"]},{"damage_healed":0.0,"max_hp_gain":5.0,"max_hp_loss":0.0,"gold_gain":0.0,"event_name":"Forgotten Altar","player_choice":"Shed Blood","floor":24.0,"gold_loss":0.0,"damage_taken":21.0},{"damage_healed":29.0,"max_hp_gain":0.0,"max_hp_loss":0.0,"gold_gain":0.0,"event_name":"The Library","player_choice":"Heal","floor":25.0,"gold_loss":0.0,"damage_taken":0.0},{"damage_healed":0.0,"max_hp_gain":0.0,"max_hp_loss":0.0,"gold_gain":0.0,"event_name":"WeMeetAgain","player_choice":"Gave Potion","floor":29.0,"gold_loss":0.0,"damage_taken":0.0,"relics_obtained":["WingedGreaves"]}],"is_beta":false,"boss_relics":[{"not_picked":["Lizard Tail","Ectoplasm"],"picked":"Busted Crown"},{"not_picked":["Calling Bell","Sozu"],"picked":"Cursed Key"}],"items_purged_floors":[21],"is_endless":false,"potions_floor_spawned":[2,7,11,12,16,18,22,23,30,35,38,46,47,54],"killed_by":"The Heart","ascension_level":0}