{"path_per_floor":["M","M","$","?","$","M","E","R","T","E","R","M","M","M","R","B",null,"M","$","?","?","$","R","E","M","T","R","M","M","M"],"character_chosen":"THE_SILENT","items_purchased":["Blur","Finesse"],"gold_per_floor":[116,133,58,58,58,78,105,105,105,139,139,155,167,187,187,284,284,298,20,20,20,20,20,53,37,63,63,79,91,110],"floor_reached":31,"campfire_rested":2,"playtime":3822,"current_hp_per_floor":[69,69,69,69,69,66,69,69,69,51,51,42,44,44,44,26,70,50,50,34,25,25,47,33,18,18,42,36,35,27],"items_purged":["Strike_G","Defend_G"],"gold":110,"play_id":"48108d72-33de-4e84-adaf-a67b644b9102","is_prod":false,"is_daily":false,"is_ascension_mode":true,"campfire_upgraded":3,"path_taken":["M","M","$","?","?","M","E","R","T","E","R","M","M","M","R","BOSS","M","$","?","?","?","R","E","M","T","R","?","M","M","M"],"build_version":"2018-01-26-BETA1","purchased_purges":2,"victory":false,"master_deck":["Defend_G+1","Defend_G","Defend_G","Defend_G","Strike_G","Strike_G","Strike_G","Survivor","Neutralize+1","Skewer","Dagger Spray+1","Dash","Backflip+1","Tools of the Trade","Prepared+1","Acrobatics","Wraith Form","Blur","Finesse","Necronomicurse","Deflect","Deflect"],"max_hp_per_floor":[70,70,70,70,70,70,70,70,70,70,70,70,70,70,70,70,70,70,70,70,75,75,75,82,82,82,82,82,82,82],"relics":["Ring of the Snake","Blood Vial","Gambling Chip","War Paint","Question Card","Necronomicon","Strawberry","Bag of Marbles"],"card_choices":[{"not_picked":["Finisher","Poisoned Stab"],"picked":"Dagger Spray"},{"not_picked":["Expertise","Riddle With Holes"],"picked":"Dash"},{"not_picked":["Prepared","Envenom"],"picked":"Backflip"},{"not_picked":["Flechettes","Flying Knee"],"picked":"Tools of the Trade"},{"not_picked":["Poisoned Stab","Dagger Throw"],"picked":"Prepared"},{"not_picked":["Endless Agony","Deadly Poison"],"picked":"Acrobatics"},{"not_picked":["Bullet Time","Corpse Explosion"],"picked":"Wraith Form"},{"not_picked":["Heel Hook","All Out Attack","Dodge and Roll"],"picked":"Deflect"},{"not_picked":["Blade Dance","Backflip","PiercingWail"],"picked":"Deflect"}],"player_experience":25264,"potions_floor_usage":[7,7,16,24,24,28,29],"damage_taken":[{"damage":1,"enemies":"Cultist","floor":1,"turns":4},{"damage":0,"enemies":"Small Slimes","floor":2,"turns":3},{"damage":3,"enemies":"Blue Slaver","floor":6,"turns":6},{"damage":12,"enemies":"3 Sentries","floor":7,"turns":7},{"damage":19,"enemies":"Gremlin Nob","floor":10,"turns":5},{"damage":11,"enemies":"Large Slime","floor":12,"turns":6},{"damage":0,"enemies":"2 Fungi Beasts","floor":13,"turns":3},{"damage":2,"enemies":"Exordium Wildlife","floor":14,"turns":3},{"damage":20,"enemies":"Slime Boss","floor":16,"turns":12},{"damage":20,"enemies":"3 Byrds","floor":18,"turns":6},{"damage":23,"enemies":"Slavers","floor":24,"turns":8},{"damage":17,"enemies":"2 Thieves","floor":25,"turns":4},{"damage":8,"enemies":"Centurion and Healer","floor":28,"turns":5},{"damage":3,"enemies":"3 Cultists","floor":29,"turns":5},{"damage":10,"enemies":"Snake Plant","floor":30,"turns":4},{"damage":30,"enemies":"Sentry and Sphere","floor":31,"turns":5}],"event_choices":[{"event_name":"Liars Game","player_choice":"disagreed","floor":4,"damage_taken":0},{"event_name":"Cursed Tome","player_choice":"Obtained Book","floor":20,"damage_taken":0},{"event_name":"Forgotten Altar","player_choice":"Shed Blood","floor":21,"damage_taken":0}],"boss_relics":[{"not_picked":["Runic Dome","Lizard Tail"],"picked":"Question Card"}],"potions_floor_spawned":[1,6,12,14,18,25,28],"seed_played":"-3973856737862967497","killed_by":"Sentry and Sphere","ascension_level":2,"is_trial":false}