{"gold_per_floor":[115,115,135,148,23,58,75,75,124,135,20,20,40,40,40,143,143,155,175,185,185,185,5,24,24,24,24,24,49,62,79,79,178,178,189,206,19,19,31,31,0,0,0,10,110,135,146,194,194,194],"floor_reached":51,"playtime":3933,"items_purged":["PanicButton"],"score":776,"play_id":"766922c2-313b-4fac-baa6-4ad0f27578ef","local_time":"20181117204432","daily_mods":["Vintage","Allstar","Uncertain Future"],"is_ascension_mode":false,"campfire_choices":[{"floor":8.0,"key":"REST"},{"data":"Sucker Punch","floor":12.0,"key":"SMITH"},{"data":"Deep Breath","floor":15.0,"key":"SMITH"},{"floor":25.0,"key":"REST"},{"data":"A Thousand Cuts","floor":27.0,"key":"SMITH"},{"data":"Swift Strike","floor":32.0,"key":"SMITH"},{"data":"Defend_G+1","floor":40.0,"key":"PURGE"},{"data":"Strike_G+1","floor":42.0,"key":"PURGE"},{"data":"Strike_G+1","floor":49,"key":"PURGE"}],"neow_cost":"","seed_source_timestamp":0,"circlet_count":0,"master_deck":["Defend_G+1","Defend_G+1","Defend_G+1","Strike_G+1","Survivor","Neutralize+1","Swift Strike+1","Secret Technique+1","Deep Breath+1","Enlightenment","Backflip+1","Crippling Poison+1","Discovery+1","Sucker Punch+1","A Thousand Cuts+1","Accuracy+1","Blade Dance+1","Footwork+1","Accuracy+1","Bandage Up+1","Blur+1","Backflip+1","Tools of the Trade+1","Noxious Fumes+1","Underhanded Strike+1","Choke+1"],"special_seed":0,"relics":["Ring of the Snake","Toxic Egg 2","Anchor","Letter Opener","Happy Flower","Boot","Strawberry","Dream Catcher","The Courier","Black Star","Frozen Egg 2","Vajra","Bag of Preparation","Turnip","Bottled Lightning","Enchiridion","Peace Pipe","Calipers","Ice Cream","Pocketwatch","Fusion Hammer","Potion Belt","Bird Faced Urn","Bronze Scales","Bottled Tornado","Red Mask","Shuriken","Bottled Flame","Girya","Oddly Smooth Stone","Whetstone","Ancient Tea Set","Tiny Chest"],"potions_floor_usage":[48,50,50],"damage_taken":[{"damage":0.0,"enemies":"2 Louse","floor":1.0,"turns":3.0},{"damage":0.0,"enemies":"Cultist","floor":3.0,"turns":4.0},{"damage":0.0,"enemies":"Small Slimes","floor":4.0,"turns":5.0},{"damage":33.0,"enemies":"Lagavulin","floor":6.0,"turns":8.0},{"damage":0.0,"enemies":"Looter","floor":7.0,"turns":2.0},{"damage":0.0,"enemies":"Large Slime","floor":10.0,"turns":3.0},{"damage":0.0,"enemies":"2 Fungi Beasts","floor":13.0,"turns":2.0},{"damage":0.0,"enemies":"Slime Boss","floor":16.0,"turns":7.0},{"damage":18.0,"enemies":"Spheric Guardian","floor":18.0,"turns":4.0},{"damage":1.0,"enemies":"Shell Parasite","floor":19.0,"turns":4.0},{"damage":16.0,"enemies":"Cultist and Chosen","floor":20.0,"turns":6.0},{"damage":6.0,"enemies":"Snecko","floor":24.0,"turns":5.0},{"damage":1.0,"enemies":"Book of Stabbing","floor":29.0,"turns":4.0},{"damage":0.0,"enemies":"Chosen and Byrds","floor":30.0,"turns":3.0},{"damage":0.0,"enemies":"Centurion and Healer","floor":31.0,"turns":5.0},{"damage":7.0,"enemies":"Champ","floor":33.0,"turns":9.0},{"damage":0.0,"enemies":"3 Darklings","floor":35.0,"turns":3.0},{"damage":0.0,"enemies":"Orb Walker","floor":36.0,"turns":3.0},{"damage":0.0,"enemies":"4 Shapes","floor":39.0,"turns":4.0},{"damage":0.0,"enemies":"3 Darklings","floor":44.0,"turns":2.0},{"damage":0.0,"enemies":"Mind Bloom Boss Battle","floor":45.0,"turns":4.0},{"damage":0.0,"enemies":"Reptomancer","floor":46.0,"turns":4.0},{"damage":0,"enemies":"Jaw Worm Horde","floor":47,"turns":3},{"damage":0,"enemies":"Transient","floor":48,"turns":5},{"damage":13,"enemies":"Donu and Deca","floor":50,"turns":6}],"seed_played":"3983035007179801138","potions_obtained":[{"floor":6.0,"key":"Fire Potion"},{"floor":10.0,"key":"AttackPotion"},{"floor":13.0,"key":"SteroidPotion"},{"floor":16.0,"key":"LiquidBronze"},{"floor":20.0,"key":"LiquidBronze"},{"floor":24.0,"key":"SkillPotion"},{"floor":29.0,"key":"Poison Potion"},{"floor":35.0,"key":"PowerPotion"},{"floor":36.0,"key":"Explosive Potion"},{"floor":39.0,"key":"Fire Potion"},{"floor":48,"key":"AttackPotion"}],"is_trial":true,"path_per_floor":["M","?","M","M","$","E","M","R","T","M","$","R","M","?","R","B",null,"M","M","M","?","?","$","M","R","T","R","?","E","M","M","R","B",null,"M","M","$","?","M","R","?","R","T","M","?","E","M","M","R","B",null],"character_chosen":"THE_SILENT","items_purchased":["Backflip+1","Discovery+1","Sucker Punch","Footwork+1","Accuracy+1","Bandage Up+1","Noxious Fumes+1","Bronze Scales"],"campfire_rested":2,"item_purchase_floors":[5,11,11,23,23,23,37,37],"current_hp_per_floor":[70,70,70,70,70,37,37,58,65,65,65,65,65,65,65,65,77,59,58,42,42,42,42,36,59,59,59,43,48,54,60,60,59,77,77,77,77,77,77,77,77,77,77,77,77,77,77,77,77,70],"gold":194,"neow_bonus":"","is_prod":false,"is_daily":false,"chose_seed":false,"campfire_upgraded":4,"win_rate":0,"timestamp":1542483872,"path_taken":["M","?","M","M","?","E","M","R","T","M","$","R","M","?","R","BOSS","M","M","M","?","?","$","M","R","T","R","?","E","M","M","R","BOSS","M","M","$","?","M","R","?","R","T","M","?","E","M","M","R","BOSS"],"build_version":"2018-11-15","purchased_purges":1,"victory":true,"max_hp_per_floor":[70,70,70,70,70,70,70,70,77,77,77,77,77,77,77,77,77,77,77,77,77,77,77,77,77,77,77,77,77,77,77,77,77,77,77,77,77,77,77,77,77,77,77,77,77,77,77,77,77,77],"card_choices":[{"not_picked":["Bane","PiercingWail+1"],"picked":"Crippling Poison+1","floor":6.0},{"not_picked":["Night Terror+1","After Image"],"picked":"A Thousand Cuts","floor":16.0},{"not_picked":["Catalyst+1","Quick Slash"],"picked":"Blur+1","floor":25.0},{"not_picked":["Dodge and Roll+1","Catalyst+1"],"picked":"Backflip+1","floor":29.0},{"not_picked":["Grand Finale","Glass Knife"],"picked":"Tools of the Trade+1","floor":33.0},{"not_picked":["Bane","Dodge and Roll+1"],"picked":"Underhanded Strike+1","floor":45.0},{"not_picked":["Malaise+1","Sucker Punch+1"],"picked":"Choke","floor":46.0}],"player_experience":650454,"relics_obtained":[{"floor":1.0,"key":"Toxic Egg 2"},{"floor":3.0,"key":"Anchor"},{"floor":4.0,"key":"Letter Opener"},{"floor":6.0,"key":"Happy Flower"},{"floor":7.0,"key":"Boot"},{"floor":9.0,"key":"Strawberry"},{"floor":10.0,"key":"Dream Catcher"},{"floor":13.0,"key":"The Courier"},{"floor":18.0,"key":"Frozen Egg 2"},{"floor":19.0,"key":"Vajra"},{"floor":20.0,"key":"Bag of Preparation"},{"floor":24.0,"key":"Turnip"},{"floor":26.0,"key":"Bottled Lightning"},{"floor":28.0,"key":"Enchiridion"},{"floor":29.0,"key":"Peace Pipe"},{"floor":29.0,"key":"Calipers"},{"floor":30.0,"key":"Ice Cream"},{"floor":31.0,"key":"Pocketwatch"},{"floor":35.0,"key":"Potion Belt"},{"floor":36.0,"key":"Bird Faced Urn"},{"floor":39.0,"key":"Bottled Tornado"},{"floor":43.0,"key":"Shuriken"},{"floor":44.0,"key":"Bottled Flame"},{"floor":45.0,"key":"Girya"},{"floor":46.0,"key":"Oddly Smooth Stone"},{"floor":46.0,"key":"Whetstone"},{"floor":47,"key":"Ancient Tea Set"},{"floor":48,"key":"Tiny Chest"}],"event_choices":[{"damage_healed":0.0,"max_hp_gain":0.0,"max_hp_loss":0.0,"gold_gain":0.0,"event_name":"Upgrade Shrine","player_choice":"Upgraded","floor":2.0,"gold_loss":0.0,"damage_taken":0.0,"cards_upgraded":["Secret Technique"]},{"damage_healed":0.0,"max_hp_gain":0.0,"max_hp_loss":0.0,"gold_gain":0.0,"event_name":"Living Wall","player_choice":"Grow","floor":14.0,"gold_loss":0.0,"damage_taken":0.0,"cards_upgraded":["Neutralize"]},{"damage_healed":0.0,"max_hp_gain":0.0,"max_hp_loss":0.0,"gold_gain":0.0,"cards_transformed":["Strike_G","Defend_G"],"event_name":"Drug Dealer","player_choice":"Became Test Subject","floor":21.0,"gold_loss":0.0,"damage_taken":0.0,"cards_obtained":["Accuracy","Blade Dance"]},{"damage_healed":0.0,"max_hp_gain":0.0,"max_hp_loss":0.0,"gold_gain":0.0,"event_name":"Back to Basics","player_choice":"Simplicity","floor":22.0,"gold_loss":0.0,"damage_taken":0.0,"cards_upgraded":["Defend_G","Defend_G","Defend_G","Defend_G","Strike_G","Strike_G","Strike_G","Strike_G"]},{"damage_healed":0.0,"max_hp_gain":0.0,"max_hp_loss":0.0,"gold_gain":0.0,"event_name":"Cursed Tome","player_choice":"Obtained Book","floor":28.0,"gold_loss":0.0,"damage_taken":16.0},{"cards_removed":["Strike_G"],"damage_healed":0.0,"max_hp_gain":0.0,"max_hp_loss":0.0,"gold_gain":0.0,"event_name":"Falling","player_choice":"Removed Attack","floor":38.0,"gold_loss":0.0,"damage_taken":0.0},{"damage_healed":0.0,"max_hp_gain":0.0,"max_hp_loss":0.0,"gold_gain":0.0,"event_name":"Tomb of Lord Red Mask","player_choice":"Paid","floor":41.0,"gold_loss":31.0,"damage_taken":0.0,"relics_obtained":["Red Mask"]},{"damage_healed":0.0,"max_hp_gain":0.0,"max_hp_loss":0.0,"gold_gain":0.0,"event_name":"MindBloom","player_choice":"Fight","floor":45.0,"gold_loss":0.0,"damage_taken":0.0}],"is_beta":true,"boss_relics":[{"not_picked":["Velvet Choker","HoveringKite"],"picked":"Black Star"},{"not_picked":["Empty Cage","Lizard Tail"],"picked":"Fusion Hammer"}],"items_purged_floors":[5],"is_endless":false,"potions_floor_spawned":[6,10,13,16,20,24,29,35,36,39,48],"ascension_level":0}