{"gold_per_floor":[117,128,37,37,37,37,54,79,125,125,160,179,70,86,86,187,187],"floor_reached":17,"playtime":355,"items_purged":["Strike_R"],"score":190,"play_id":"b84e41f1-5b0a-447e-b86b-266af5d77a23","local_time":"20190724192613","is_ascension_mode":false,"campfire_choices":[{"data":"Blind","floor":6,"key":"SMITH"},{"data":"Inflame","floor":15,"key":"SMITH"}],"neow_cost":"NONE","seed_source_timestamp":93498995113100,"circlet_count":0,"master_deck":["Strike_R","Strike_R","Strike_R","Defend_R","Defend_R","Defend_R","Defend_R","Bash+1","Sword Boomerang","Pummel","Blind+1","Inflame+1","Inflame+1","Battle Trance","Reaper","Pain","Clumsy","Normality"],"relics":["Burning Blood","Art of War","PreservedInsect","Matryoshka","Calling Bell","Blood Vial","Mercury Hourglass","StoneCalendar"],"potions_floor_usage":[8,11,16],"damage_taken":[{"damage":2,"enemies":"2 Louse","floor":1,"turns":3},{"damage":9,"enemies":"Small Slimes","floor":2,"turns":3},{"damage":6,"enemies":"Jaw Worm","floor":7,"turns":3},{"damage":32,"enemies":"3 Sentries","floor":8,"turns":8},{"damage":0,"enemies":"Lagavulin","floor":11,"turns":3},{"damage":12,"enemies":"Gremlin Gang","floor":12,"turns":4},{"damage":7,"enemies":"Looter","floor":14,"turns":3},{"damage":9,"enemies":"Slime Boss","floor":16,"turns":8}],"seed_played":"2534868400302953237","potions_obtained":[{"floor":1,"key":"AttackPotion"},{"floor":8,"key":"Fire Potion"},{"floor":12,"key":"EssenceOfSteel"},{"floor":14,"key":"Energy Potion"}],"is_trial":false,"path_per_floor":["M","M","$","?","$","R","M","E","T","?","E","M","$","M","R","B",null],"character_chosen":"IRONCLAD","items_purchased":["Blind","Battle Trance"],"campfire_rested":0,"item_purchase_floors":[3,13],"current_hp_per_floor":[88,85,85,78,78,78,78,52,52,34,40,34,34,33,33,30,88],"gold":187,"neow_bonus":"TEN_PERCENT_HP_BONUS","is_prod":false,"is_daily":false,"chose_seed":false,"campfire_upgraded":2,"win_rate":0,"timestamp":1563985573,"path_taken":["M","M","$","?","$","R","M","E","T","?","E","M","$","M","R","BOSS"],"build_version":"2019-07-17","purchased_purges":1,"victory":false,"max_hp_per_floor":[88,88,88,88,88,88,88,88,88,88,88,88,88,88,88,88,88],"card_choices":[{"not_picked":["Fire Breathing","Clash"],"picked":"Sword Boomerang","floor":1},{"not_picked":["Clash","Blood for Blood"],"picked":"Pummel","floor":2},{"not_picked":["Heavy Blade","Twin Strike"],"picked":"Inflame","floor":7},{"not_picked":["Sentinel","Dark Embrace","Headbutt"],"picked":"SKIP","floor":8},{"not_picked":["Rage","Dropkick"],"picked":"Inflame","floor":11},{"not_picked":["Body Slam","True Grit","Cleave"],"picked":"SKIP","floor":12},{"not_picked":["Perfected Strike","Dual Wield","Armaments"],"picked":"SKIP","floor":14},{"not_picked":["Offering","Immolate"],"picked":"Reaper","floor":16}],"player_experience":762198,"relics_obtained":[{"floor":8,"key":"Art of War"},{"floor":9,"key":"PreservedInsect"},{"floor":11,"key":"Matryoshka"},{"floor":17,"key":"Blood Vial"},{"floor":17,"key":"Mercury Hourglass"},{"floor":17,"key":"StoneCalendar"}],"event_choices":[{"cards_removed":["Strike_R"],"damage_healed":0,"gold_gain":0,"player_choice":"Card Removal","damage_taken":7,"max_hp_gain":0,"max_hp_loss":0,"event_name":"Golden Wing","floor":4,"gold_loss":0},{"damage_healed":0,"gold_gain":0,"player_choice":"Entered Light","damage_taken":18,"max_hp_gain":0,"max_hp_loss":0,"event_name":"Shining Light","floor":10,"gold_loss":0,"cards_upgraded":["Inflame","Bash"]}],"is_beta":false,"boss_relics":[{"not_picked":["White Beast Statue","Runic Dome"],"picked":"Calling Bell"}],"items_purged_floors":[13],"is_endless":false,"potions_floor_spawned":[1,8,12,14],"ascension_level":0}