{"gold_per_floor":[109,129,147,162,162,162,196,196,196,212,212,212,281,305,305,435,435,453,477,477],"floor_reached":20,"playtime":1119,"items_purged":[],"score":211,"play_id":"f723755f-50ce-49a6-a416-d267e6840df1","local_time":"20181108153352","is_ascension_mode":true,"campfire_choices":[{"data":"True Grit","floor":6,"key":"SMITH"},{"floor":8,"key":"REST"},{"floor":11,"key":"REST"},{"floor":15,"key":"REST"}],"neow_cost":"NONE","seed_source_timestamp":16920872693987,"circlet_count":0,"master_deck":["Strike_R","Strike_R+1","Strike_R","Strike_R","Strike_R","Defend_R","Defend_R","Defend_R","Defend_R","Bash","Sword Boomerang","Thunderclap","Cleave+1","True Grit+1","Disarm","Bludgeon","Shrug It Off","Brutality","Headbutt","Armaments"],"relics":["Black Blood","Golden Idol","Paper Frog","Letter Opener","Ornamental Fan"],"potions_floor_usage":[4],"damage_taken":[{"damage":2,"enemies":"Small Slimes","floor":1,"turns":4},{"damage":10,"enemies":"2 Louse","floor":2,"turns":2},{"damage":8,"enemies":"Jaw Worm","floor":3,"turns":4},{"damage":9,"enemies":"Blue Slaver","floor":4,"turns":6},{"damage":50,"enemies":"Lagavulin","floor":7,"turns":6},{"damage":0,"enemies":"Large Slime","floor":10,"turns":7},{"damage":35,"enemies":"3 Sentries","floor":13,"turns":6},{"damage":2,"enemies":"Looter","floor":14,"turns":3},{"damage":37,"enemies":"Slime Boss","floor":16,"turns":11},{"damage":20,"enemies":"3 Byrds","floor":18,"turns":6},{"damage":67,"enemies":"Spheric Guardian","floor":19,"turns":11},{"damage":14,"enemies":"Snecko","floor":20,"turns":2}],"seed_played":"954936193640924271","potions_obtained":[{"floor":3,"key":"Energy Potion"},{"floor":14,"key":"Dexterity Potion"},{"floor":16,"key":"Strength Potion"}],"is_trial":false,"path_per_floor":["M","M","M","M","?","R","E","R","T","M","R","?","?","M","R","B",null,"M","M","M"],"character_chosen":"IRONCLAD","items_purchased":[],"campfire_rested":3,"item_purchase_floors":[],"current_hp_per_floor":[80,76,74,71,51,51,7,31,31,37,61,45,16,20,44,13,80,70,13,0],"gold":477,"neow_bonus":"THREE_CARDS","is_prod":false,"is_daily":false,"chose_seed":false,"campfire_upgraded":1,"win_rate":0,"timestamp":1541687632,"path_taken":["M","M","M","M","?","R","E","R","T","M","R","?","?","M","R","BOSS","M","M","M"],"build_version":"2018-11-07","purchased_purges":0,"victory":false,"max_hp_per_floor":[80,80,80,80,80,80,80,80,80,80,80,80,80,80,80,80,80,80,80,80],"card_choices":[{"not_picked":["Hemokinesis","Clash"],"picked":"Sword Boomerang","floor":0},{"not_picked":["Anger","Flame Barrier"],"picked":"Thunderclap","floor":1},{"not_picked":["Clash","Perfected Strike"],"picked":"Cleave","floor":2},{"not_picked":["Perfected Strike","Second Wind","Sword Boomerang"],"picked":"SKIP","floor":3},{"not_picked":["Second Wind","Anger"],"picked":"True Grit","floor":4},{"not_picked":["Anger","Ghostly Armor"],"picked":"Disarm","floor":7},{"not_picked":["True Grit","Heavy Blade"],"picked":"Bludgeon","floor":10},{"not_picked":["Rupture","Impervious"],"picked":"Shrug It Off","floor":14},{"not_picked":["Berserk","Bludgeon"],"picked":"Brutality","floor":16},{"not_picked":["Perfected Strike","Wild Strike"],"picked":"Headbutt","floor":18},{"not_picked":["Twin Strike","Body Slam"],"picked":"Armaments","floor":19}],"player_experience":620271,"relics_obtained":[{"floor":7,"key":"Paper Frog"},{"floor":9,"key":"Letter Opener"},{"floor":13,"key":"Ornamental Fan"}],"event_choices":[{"damage_healed":0,"gold_gain":0,"player_choice":"Take Damage","damage_taken":20,"relics_obtained":["Golden Idol"],"max_hp_gain":0,"max_hp_loss":0,"event_name":"Golden Idol","floor":5,"gold_loss":0},{"damage_healed":0,"gold_gain":0,"player_choice":"Entered Light","damage_taken":16,"max_hp_gain":0,"max_hp_loss":0,"event_name":"Shining Light","floor":12,"gold_loss":0,"cards_upgraded":["Strike_R","Cleave"]},{"damage_healed":0,"gold_gain":0,"player_choice":"Searched \u00271\u0027 times","damage_taken":0,"max_hp_gain":0,"max_hp_loss":0,"event_name":"Dead Adventurer","floor":13,"gold_loss":0}],"is_beta":true,"boss_relics":[{"not_picked":["Ectoplasm","White Beast Statue"],"picked":"Black Blood"}],"items_purged_floors":[],"is_endless":false,"potions_floor_spawned":[3,14,16],"killed_by":"Snecko","ascension_level":4}