{"gold_per_floor":[117,133,9,84,33,68,87,87,87,14,29,29,39,53,53,53],"floor_reached":16,"playtime":354,"items_purged":["Strike_B"],"score":127,"play_id":"fcfc37dc-67c0-4712-bb39-e39dd29ef8e2","local_time":"20190218202003","is_ascension_mode":false,"campfire_choices":[{"data":"Zap","floor":8,"key":"SMITH"},{"data":"Go for the Eyes","floor":12,"key":"SMITH"},{"data":"Genetic Algorithm","floor":15,"key":"SMITH"}],"neow_cost":"TEN_PERCENT_HP_LOSS","seed_source_timestamp":246288847162880,"circlet_count":0,"master_deck":["Strike_B","Strike_B","Strike_B","Defend_B","Defend_B","Defend_B","Defend_B","Zap+1","Dualcast","Ball Lightning","Gash","Beam Cell","Go for the Eyes+1","Gash","Conserve Battery","Genetic Algorithm+1","Auto Shields"],"special_seed":0,"relics":["Cracked Core","Unceasing Top","Gremlin Horn","Darkstone Periapt"],"potions_floor_usage":[6],"damage_taken":[{"damage":3.0,"enemies":"Jaw Worm","floor":1.0,"turns":4.0},{"damage":0.0,"enemies":"Cultist","floor":2.0,"turns":3.0},{"damage":0,"enemies":"Lagavulin","floor":6,"turns":2},{"damage":2,"enemies":"2 Louse","floor":7,"turns":2},{"damage":3,"enemies":"Red Slaver","floor":11,"turns":3},{"damage":1,"enemies":"2 Fungi Beasts","floor":13,"turns":3},{"damage":5,"enemies":"Looter","floor":14,"turns":3},{"damage":0,"enemies":"Hexaghost","floor":16,"turns":1}],"seed_played":"-607128569416499549","potions_obtained":[{"floor":1.0,"key":"FearPotion"},{"floor":2.0,"key":"AttackPotion"},{"floor":14,"key":"Block Potion"}],"is_trial":false,"path_per_floor":["M","M","$","?","$","E","M","R","T","$","M","R","M","M","R","B"],"character_chosen":"DEFECT","items_purchased":["Beam Cell","Go for the Eyes","Genetic Algorithm"],"campfire_rested":0,"item_purchase_floors":[3,5,10],"current_hp_per_floor":[65,65,65,59,59,59,57,57,57,57,54,54,53,48,48,48],"gold":53,"neow_bonus":"ONE_RARE_RELIC","is_prod":false,"is_daily":false,"chose_seed":false,"campfire_upgraded":3,"win_rate":0,"timestamp":1550514003,"path_taken":["M","M","$","?","$","E","M","R","T","?","M","R","M","M","R","BOSS"],"build_version":"2019-01-23","purchased_purges":1,"victory":false,"max_hp_per_floor":[68,68,68,68,68,68,68,68,68,68,68,68,68,68,68,68],"card_choices":[{"not_picked":["Double Energy","Coolheaded"],"picked":"Ball Lightning","floor":1.0},{"not_picked":["Leap","Coolheaded"],"picked":"Gash","floor":2.0},{"not_picked":["Fusion","Chaos"],"picked":"Gash","floor":6},{"not_picked":["Capacitor","Reinforced Body"],"picked":"Conserve Battery","floor":7},{"not_picked":["Rip and Tear","Cold Snap","Ball Lightning"],"picked":"SKIP","floor":11},{"not_picked":["Defragment","Ball Lightning"],"picked":"Auto Shields","floor":13},{"not_picked":["BootSequence","Ball Lightning","Hologram"],"picked":"SKIP","floor":14}],"player_experience":586160,"relics_obtained":[{"floor":6,"key":"Gremlin Horn"},{"floor":9,"key":"Darkstone Periapt"}],"event_choices":[{"damage_healed":0.0,"max_hp_gain":0.0,"max_hp_loss":0.0,"gold_gain":75.0,"event_name":"FaceTrader","player_choice":"Touch","floor":4.0,"gold_loss":0.0,"damage_taken":6.0}],"is_beta":false,"boss_relics":[],"items_purged_floors":[3],"is_endless":false,"potions_floor_spawned":[1,2,14],"killed_by":"Hexaghost","ascension_level":0}