{"gold_per_floor":[367,442,442,459,138,172,172,188,188,188,66,241,166,185,185,285,285,285],"floor_reached":18,"playtime":418,"items_purged":["Doubt"],"score":158,"play_id":"f137e9bd-8696-458d-8587-44d4a6e354f9","local_time":"20190106210820","is_ascension_mode":false,"campfire_choices":[{"data":"Metallicize","floor":10,"key":"SMITH"},{"data":"Armaments","floor":15,"key":"SMITH"}],"neow_cost":"CURSE","seed_source_timestamp":227985070219866,"circlet_count":0,"master_deck":["Strike_R","Strike_R","Strike_R","Strike_R","Strike_R","Defend_R","Defend_R","Defend_R","Defend_R","Bash","Spot Weakness","Metallicize+1","Metallicize","Shrug It Off","Armaments+1","Juggernaut"],"relics":["Burning Blood","Pantograph","Paper Frog","Regal Pillow","Kunai","Mark of Pain"],"potions_floor_usage":[6,14],"damage_taken":[{"damage":0,"enemies":"Small Slimes","floor":1,"turns":3},{"damage":6,"enemies":"Jaw Worm","floor":4,"turns":3},{"damage":20,"enemies":"Lagavulin","floor":6,"turns":6},{"damage":0,"enemies":"Cultist","floor":8,"turns":4},{"damage":13,"enemies":"Exordium Wildlife","floor":14,"turns":5},{"damage":62,"enemies":"Hexaghost","floor":16,"turns":11},{"damage":0,"enemies":"3 Byrds","floor":18,"turns":2}],"seed_played":"2292946958487623778","potions_obtained":[{"floor":1,"key":"Poison Potion"},{"floor":6,"key":"FearPotion"},{"floor":16,"key":"SpeedPotion"}],"is_trial":false,"path_per_floor":["M","?","?","M","$","E","?","M","T","R","$","?","$","M","R","B",null,"M"],"character_chosen":"IRONCLAD","items_purchased":["Pantograph","Metallicize","Metallicize","Shrug It Off"],"campfire_rested":0,"item_purchase_floors":[5,5,11,11],"current_hp_per_floor":[80,69,69,69,69,55,48,54,54,54,54,54,54,47,47,16,80,80],"gold":285,"neow_bonus":"TWO_FIFTY_GOLD","is_prod":false,"is_daily":false,"chose_seed":false,"campfire_upgraded":2,"win_rate":0,"timestamp":1546801700,"path_taken":["M","?","?","M","$","E","?","M","T","R","$","?","$","M","R","BOSS","M"],"build_version":"2019-01-03v4","purchased_purges":1,"victory":false,"max_hp_per_floor":[80,80,80,80,80,80,80,80,80,80,80,80,80,80,80,80,80,80],"card_choices":[{"not_picked":["True Grit","Cleave","Wild Strike"],"picked":"SKIP","floor":1},{"not_picked":["Rupture","Sentinel"],"picked":"Spot Weakness","floor":4},{"not_picked":["Wild Strike","Shockwave","Headbutt"],"picked":"SKIP","floor":6},{"not_picked":["Inflame","Flame Barrier","Perfected Strike"],"picked":"SKIP","floor":8},{"not_picked":["Thunderclap","Sword Boomerang"],"picked":"Armaments","floor":14},{"not_picked":["Fiend Fire","Bludgeon"],"picked":"Juggernaut","floor":16}],"player_experience":542917,"relics_obtained":[{"floor":6,"key":"Paper Frog"},{"floor":9,"key":"Kunai"}],"event_choices":[{"damage_healed":0,"gold_gain":75,"player_choice":"Gather Gold","damage_taken":11,"max_hp_gain":0,"max_hp_loss":0,"event_name":"World of Goop","floor":2,"gold_loss":0},{"cards_removed":["Shame"],"damage_healed":0,"gold_gain":0,"player_choice":"Forget","damage_taken":0,"max_hp_gain":0,"max_hp_loss":0,"event_name":"Living Wall","floor":3,"gold_loss":0},{"damage_healed":0,"gold_gain":0,"player_choice":"Success","damage_taken":7,"relics_obtained":["Regal Pillow"],"max_hp_gain":0,"max_hp_loss":0,"event_name":"Scrap Ooze","floor":7,"gold_loss":0},{"damage_healed":0,"gold_gain":175,"player_choice":"AGREE","damage_taken":0,"max_hp_gain":0,"max_hp_loss":0,"event_name":"Liars Game","floor":12,"gold_loss":0,"cards_obtained":["Doubt"]}],"is_beta":false,"boss_relics":[{"not_picked":["Philosopher\u0027s Stone","Runic Cube"],"picked":"Mark of Pain"}],"items_purged_floors":[13],"is_endless":false,"potions_floor_spawned":[1,6,16],"killed_by":"3 Byrds","ascension_level":0}