{"gold_per_floor":[109,64,75,94,94,94,108,137,137,149,172,184,174,190,190,294,294,307,63,80,80,97,97,111,36,108,119,119,119,19,35,35,137,137,147,163,75,92,102,113,113,131,131,146,164,15,15,15,15,15],"floor_reached":50,"playtime":1638,"items_purged":["Strike_R","Strike_R"],"score":475,"play_id":"7a8dcbfe-8ea9-49e3-a250-44accdb376b2","local_time":"20190126041832","is_ascension_mode":false,"campfire_choices":[{"data":"Armaments","floor":6.0,"key":"SMITH"},{"data":"Body Slam","floor":10.0,"key":"SMITH"},{"data":"Metallicize","floor":12.0,"key":"SMITH"},{"data":"Shrug It Off","floor":15.0,"key":"SMITH"},{"data":"Demon Form","floor":23.0,"key":"SMITH"},{"data":"Limit Break","floor":32.0,"key":"SMITH"},{"data":"Barricade","floor":41.0,"key":"SMITH"},{"data":"Body Slam","floor":49.0,"key":"SMITH"}],"neow_cost":"NONE","seed_source_timestamp":541909502773475,"circlet_count":0,"master_deck":["Strike_R","Strike_R+1","Strike_R+1","Defend_R","Defend_R","Defend_R","Defend_R","Bash+1","Shrug It Off+1","Armaments+1","Metallicize+1","Body Slam+1","Shrug It Off","Demon Form+1","Sword Boomerang+1","Sword Boomerang","Body Slam+1","Limit Break+1","Barricade+1","Battle Trance+1","Blind","Metallicize"],"special_seed":0,"relics":["Burning Blood","Lantern","MawBank","Coffee Dripper","Letter Opener","Mummified Hand","Orrery","Pear","Whetstone"],"potions_floor_usage":[50,50,50],"damage_taken":[{"damage":6.0,"enemies":"Cultist","floor":1.0,"turns":3.0},{"damage":7.0,"enemies":"Jaw Worm","floor":3.0,"turns":4.0},{"damage":4.0,"enemies":"2 Louse","floor":4.0,"turns":3.0},{"damage":3.0,"enemies":"2 Fungi Beasts","floor":7.0,"turns":4.0},{"damage":48.0,"enemies":"Gremlin Nob","floor":8.0,"turns":6.0},{"damage":1.0,"enemies":"Exordium Wildlife","floor":11.0,"turns":5.0},{"damage":8.0,"enemies":"Gremlin Gang","floor":14.0,"turns":7.0},{"damage":44.0,"enemies":"Slime Boss","floor":16.0,"turns":16.0},{"damage":17.0,"enemies":"2 Thieves","floor":18.0,"turns":5.0},{"damage":16.0,"enemies":"Spheric Guardian","floor":20.0,"turns":4.0},{"damage":10.0,"enemies":"Shelled Parasite and Fungi","floor":22.0,"turns":6.0},{"damage":11.0,"enemies":"Centurion and Healer","floor":24.0,"turns":6.0},{"damage":0.0,"enemies":"Cultist and Chosen","floor":27.0,"turns":6.0},{"damage":12.0,"enemies":"Snake Plant","floor":31.0,"turns":3.0},{"damage":18.0,"enemies":"Automaton","floor":33.0,"turns":6.0},{"damage":21.0,"enemies":"Orb Walker","floor":35.0,"turns":4.0},{"damage":20.0,"enemies":"3 Shapes","floor":36.0,"turns":4.0},{"damage":0.0,"enemies":"Transient","floor":38.0,"turns":5.0},{"damage":28.0,"enemies":"4 Shapes","floor":39.0,"turns":9.0},{"damage":22.0,"enemies":"Jaw Worm Horde","floor":40.0,"turns":6.0},{"damage":0.0,"enemies":"Maw","floor":42.0,"turns":7.0},{"damage":34.0,"enemies":"3 Darklings","floor":44.0,"turns":7.0},{"damage":13.0,"enemies":"Spire Growth","floor":45.0,"turns":5.0},{"damage":21,"enemies":"Donu and Deca","floor":50,"turns":3}],"seed_played":"-2597480653990080307","potions_obtained":[{"floor":8.0,"key":"FairyPotion"},{"floor":11.0,"key":"SteroidPotion"},{"floor":18.0,"key":"SkillPotion"},{"floor":24.0,"key":"BloodPotion"},{"floor":38.0,"key":"Block Potion"},{"floor":40.0,"key":"Dexterity Potion"},{"floor":44.0,"key":"Explosive Potion"},{"floor":45.0,"key":"Ancient Potion"}],"is_trial":false,"path_per_floor":["M","$","M","M","?","R","M","E","T","R","M","R","$","M","R","B",null,"M","$","M","?","M","R","M","$","T","M","?","?","$","M","R","B",null,"M","M","$","M","M","M","R","M","T","M","M","$","?","$","R","B"],"character_chosen":"IRONCLAD","items_purchased":["Shrug It Off","Shrug It Off","Letter Opener","Blind","Whetstone"],"campfire_rested":0,"item_purchase_floors":[2,13,19,37,46],"current_hp_per_floor":[88,88,87,88,70,70,73,31,31,31,36,36,36,34,34,13,88,77,77,67,67,63,63,58,58,58,64,64,64,64,58,58,46,88,73,59,59,65,43,35,35,41,51,23,16,16,16,16,16,0],"gold":15,"neow_bonus":"TEN_PERCENT_HP_BONUS","is_prod":false,"is_daily":false,"chose_seed":false,"campfire_upgraded":8,"win_rate":0,"timestamp":1548469112,"path_taken":["M","$","M","M","?","R","M","E","T","R","M","R","$","M","R","BOSS","M","$","M","?","M","R","?","$","T","M","?","?","?","M","R","BOSS","M","M","$","M","?","M","R","M","T","M","M","$","?","?","R","BOSS"],"build_version":"2019-01-23","purchased_purges":2,"victory":false,"max_hp_per_floor":[88,88,88,88,88,88,88,88,88,88,88,88,88,88,88,88,88,88,88,88,88,88,88,88,88,88,88,88,88,88,88,88,88,88,88,88,88,88,88,88,88,88,98,98,98,98,98,98,98,98],"card_choices":[{"not_picked":["Pommel Strike","Dual Wield","Rampage"],"picked":"SKIP","floor":1.0},{"not_picked":["Ghostly Armor","Intimidate"],"picked":"Armaments","floor":3.0},{"not_picked":["Flex","Ghostly Armor","Dual Wield"],"picked":"SKIP","floor":4.0},{"not_picked":["Twin Strike","Dropkick"],"picked":"Metallicize","floor":7.0},{"not_picked":["Hemokinesis","Shrug It Off"],"picked":"Body Slam","floor":8.0},{"not_picked":["Sever Soul","Spot Weakness","Pommel Strike"],"picked":"SKIP","floor":11.0},{"not_picked":["Blood for Blood","Wild Strike","Burning Pact"],"picked":"SKIP","floor":14.0},{"not_picked":["Immolate","Fiend Fire"],"picked":"Demon Form","floor":16.0},{"not_picked":["Clothesline","Pummel","Sever Soul"],"picked":"SKIP","floor":18.0},{"not_picked":["Uppercut+1","Seeing Red","Flame Barrier"],"picked":"SKIP","floor":20.0},{"not_picked":["Cleave","Armaments+1"],"picked":"Sword Boomerang","floor":22.0},{"not_picked":["Twin Strike+1","Rupture+1"],"picked":"Sword Boomerang","floor":24.0},{"not_picked":["Twin Strike","Perfected Strike","Rage"],"picked":"SKIP","floor":27.0},{"not_picked":["Sword Boomerang+1","Combust"],"picked":"Limit Break","floor":31.0},{"not_picked":["Berserk","Fiend Fire"],"picked":"Barricade","floor":33.0},{"not_picked":["Warcry","Second Wind"],"picked":"Battle Trance+1","floor":34.0},{"not_picked":["Rage+1","Corruption","Cleave+1"],"picked":"SKIP","floor":35.0},{"not_picked":["Clothesline+1","Headbutt+1","Battle Trance"],"picked":"SKIP","floor":36.0},{"not_picked":["Clash+1","Feel No Pain+1","Shockwave"],"picked":"SKIP","floor":38.0},{"not_picked":["Havoc+1","Impervious","Warcry+1"],"picked":"SKIP","floor":39.0},{"not_picked":["Clash","Havoc"],"picked":"Metallicize","floor":40.0},{"not_picked":["Shockwave+1","Wild Strike","Reckless Charge"],"picked":"SKIP","floor":42.0},{"not_picked":["Shockwave","True Grit","Wild Strike+1"],"picked":"SKIP","floor":44.0},{"not_picked":["Carnage+1","Second Wind+1","Anger"],"picked":"SKIP","floor":45.0}],"player_experience":573409,"relics_obtained":[{"floor":8.0,"key":"Lantern"},{"floor":9.0,"key":"MawBank"},{"floor":26.0,"key":"Mummified Hand"},{"floor":43.0,"key":"Pear"}],"event_choices":[{"damage_healed":0.0,"max_hp_gain":0.0,"max_hp_loss":0.0,"gold_gain":0.0,"event_name":"Shining Light","player_choice":"Entered Light","floor":5.0,"gold_loss":0.0,"damage_taken":18.0,"cards_upgraded":["Strike_R","Strike_R"]},{"damage_healed":0.0,"max_hp_gain":0.0,"max_hp_loss":0.0,"gold_gain":0.0,"event_name":"Transmorgrifier","player_choice":"Ignored","floor":21.0,"gold_loss":0.0,"damage_taken":0.0},{"damage_healed":0.0,"max_hp_gain":0.0,"max_hp_loss":0.0,"gold_gain":0.0,"event_name":"The Library","player_choice":"Read","floor":29.0,"gold_loss":0.0,"damage_taken":0.0,"cards_obtained":["Body Slam"]},{"damage_healed":0.0,"max_hp_gain":0.0,"max_hp_loss":0.0,"gold_gain":0.0,"event_name":"NoteForYourself","player_choice":"Ignored","floor":47.0,"gold_loss":0.0,"damage_taken":0.0}],"is_beta":false,"boss_relics":[{"not_picked":["Philosopher\u0027s Stone","Empty Cage"],"picked":"Coffee Dripper"},{"not_picked":["Snecko Eye","Pandora\u0027s Box"],"picked":"Orrery"}],"items_purged_floors":[25,30],"is_endless":false,"potions_floor_spawned":[8,11,18,24,27,38,40,44,45],"killed_by":"Donu and Deca","ascension_level":0}