{"gold_per_floor":[119,137,155,8,27,56,22,56,56,68,97,97,97,128,128,231,231,245,259,273,273,273,301,319,319,344,355,65,65,92,92,92,197,197,210,230,149,161,180,140,140,158,158,174,174,189,202,202,202,202],"floor_reached":51,"playtime":1265,"items_purged":[],"score":736,"play_id":"f22f8a99-3899-476c-b9ae-7ddac42dc018","local_time":"20180801034619","is_ascension_mode":false,"campfire_choices":[{"data":"Double Tap","floor":12.0,"key":"SMITH"},{"floor":15.0,"key":"REST"},{"data":"Sword Boomerang","floor":32,"key":"SMITH"},{"data":"Inflame","floor":41,"key":"SMITH"},{"data":"Inflame","floor":45,"key":"SMITH"},{"data":"Rage","floor":49,"key":"SMITH"}],"neow_cost":"NONE","seed_source_timestamp":25115544482986,"circlet_count":0,"master_deck":["Strike_R","Strike_R","Strike_R","Strike_R","Strike_R+1","Defend_R","Defend_R","Defend_R","Defend_R","Bash+1","Twin Strike","Rage+1","Double Tap+1","Sword Boomerang+1","Limit Break+1","Sword Boomerang+1","Armaments+1","Twin Strike+1","Limit Break+1","Battle Trance+1","Reaper","Rage+1","Feed","Inflame+1","Battle Trance+1","Inflame+1"],"special_seed":0,"relics":["Burning Blood","Whetstone","Vajra","Pantograph","Bag of Preparation","Toxic Egg 2","Odd Mushroom","Calipers","Dream Catcher","Sozu","Ornamental Fan","Lantern","Pen Nib","Paper Frog","Busted Crown","Letter Opener"],"potions_floor_usage":[50,50],"damage_taken":[{"damage":6.0,"enemies":"Cultist","floor":1.0,"turns":3.0},{"damage":6.0,"enemies":"Jaw Worm","floor":2.0,"turns":2.0},{"damage":3.0,"enemies":"Small Slimes","floor":3.0,"turns":3.0},{"damage":13.0,"enemies":"Exordium Thugs","floor":5.0,"turns":3.0},{"damage":36.0,"enemies":"Lagavulin","floor":6.0,"turns":5.0},{"damage":13.0,"enemies":"3 Sentries","floor":8.0,"turns":6.0},{"damage":14.0,"enemies":"Blue Slaver","floor":10.0,"turns":3.0},{"damage":12.0,"floor":11.0,"turns":3.0},{"damage":31.0,"enemies":"Lagavulin","floor":14.0,"turns":4.0},{"damage":48.0,"enemies":"The Guardian","floor":16.0,"turns":11.0},{"damage":1.0,"enemies":"Chosen","floor":18.0,"turns":3.0},{"damage":13.0,"enemies":"2 Thieves","floor":19.0,"turns":3.0},{"damage":7.0,"enemies":"Centurion and Healer","floor":20.0,"turns":3.0},{"damage":6.0,"enemies":"Slavers","floor":23.0,"turns":4.0},{"damage":20.0,"enemies":"3 Cultists","floor":24.0,"turns":5.0},{"damage":15,"enemies":"Slaver and Parasite","floor":27,"turns":4},{"damage":21,"enemies":"Book of Stabbing","floor":30,"turns":4},{"damage":22,"enemies":"Collector","floor":33,"turns":6},{"damage":0,"enemies":"3 Darklings","floor":35,"turns":1},{"damage":0,"enemies":"Flame Bruiser 1 Orb","floor":36,"turns":4},{"damage":20,"enemies":"3 Darklings","floor":38,"turns":3},{"damage":0,"enemies":"Spire Growth","floor":39,"turns":2},{"damage":22,"enemies":"Flame Bruiser 2 Orb","floor":42,"turns":3},{"damage":0,"enemies":"Transient","floor":44,"turns":5},{"damage":0,"enemies":"3 Darklings","floor":46,"turns":2},{"damage":7,"enemies":"4 Shapes","floor":47,"turns":1},{"damage":39,"enemies":"Donu and Deca","floor":50,"turns":4}],"seed_played":"-3868571190056063282","potions_obtained":[{"floor":3.0,"key":"Dexterity Potion"},{"floor":5.0,"key":"Regen Potion"},{"floor":8.0,"key":"PowerPotion"},{"floor":14.0,"key":"FearPotion"},{"floor":16.0,"key":"EntropicBrew"}],"is_trial":false,"path_per_floor":["M","M","M","$","M","E","$","E","T","M","?","R","?","E","R","B",null,"M","M","M","?","$","E","M","$","T","M","$","?","E","?","R","B",null,"M","M","$","M","M","$","R","M","T","M","R","M","M","?","R","B"],"character_chosen":"IRONCLAD","items_purchased":["Vajra","Whirlwind","Pen Nib","Reaper","Inflame","Inflame"],"campfire_rested":1,"item_purchase_floors":[4,7,28,28,37,40],"current_hp_per_floor":[80,80,80,80,73,55,55,48,48,40,34,34,34,9,33,16,80,80,73,72,72,72,72,58,58,58,49,49,49,34,34,34,66,80,80,80,80,66,80,80,80,64,64,80,80,80,79,79,79,50],"gold":202,"neow_bonus":"RANDOM_COMMON_RELIC","is_prod":false,"is_daily":false,"chose_seed":false,"campfire_upgraded":5,"win_rate":0,"timestamp":1533084379,"path_taken":["M","M","M","$","M","E","$","E","T","M","?","R","?","E","R","BOSS","M","M","M","?","$","E","M","$","T","?","$","?","E","?","R","BOSS","M","M","$","M","M","$","R","M","T","M","R","M","M","?","R","BOSS"],"build_version":"2018-07-26","purchased_purges":0,"victory":true,"max_hp_per_floor":[80,80,80,80,80,80,80,80,80,80,80,80,80,80,80,80,80,80,80,80,80,80,80,80,80,80,80,80,80,80,80,80,80,80,80,80,80,80,80,80,80,80,80,80,80,80,80,80,80,83],"card_choices":[{"not_picked":["True Grit","Heavy Blade"],"picked":"Twin Strike","floor":1.0},{"not_picked":["Thunderclap","Armaments","Havoc"],"picked":"SKIP","floor":2.0},{"not_picked":["Pommel Strike","Dropkick","Second Wind"],"picked":"SKIP","floor":3.0},{"not_picked":["Iron Wave","Clothesline","Infernal Blade"],"picked":"SKIP","floor":5.0},{"not_picked":["Disarm","Wild Strike"],"picked":"Rage","floor":6.0},{"not_picked":["Hemokinesis","Anger"],"picked":"Double Tap","floor":8.0},{"not_picked":["Heavy Blade","Dual Wield+1","Sentinel+1"],"picked":"SKIP","floor":10.0},{"not_picked":["Juggernaut","Armaments+1"],"picked":"Sword Boomerang","floor":11.0},{"not_picked":["Corruption","Rampage","Blood for Blood"],"picked":"SKIP","floor":14.0},{"not_picked":["Barricade","Berserk"],"picked":"Limit Break+1","floor":16.0},{"not_picked":["Anger+1","Rampage"],"picked":"Sword Boomerang+1","floor":18.0},{"not_picked":["Reckless Charge+1","Havoc+1"],"picked":"Armaments+1","floor":19.0},{"not_picked":["True Grit+1","Sentinel+1"],"picked":"Twin Strike+1","floor":20.0},{"not_picked":["Metallicize","Armaments+1"],"picked":"Limit Break+1","floor":23.0},{"not_picked":["Seeing Red+1","Infernal Blade+1"],"picked":"Battle Trance+1","floor":24.0},{"not_picked":["Feel No Pain","Spot Weakness+1","Headbutt"],"picked":"SKIP","floor":27},{"not_picked":["Corruption","Body Slam","Impervious+1"],"picked":"SKIP","floor":30},{"not_picked":["Berserk","Juggernaut"],"picked":"Feed","floor":33},{"not_picked":["Heavy Blade+1"],"picked":"SKIP","floor":35},{"not_picked":["Anger"],"picked":"SKIP","floor":36},{"not_picked":[],"picked":"Battle Trance+1","floor":38},{"not_picked":["Entrench+1"],"picked":"SKIP","floor":39},{"not_picked":["Cleave"],"picked":"SKIP","floor":42},{"not_picked":["Perfected Strike"],"picked":"SKIP","floor":44},{"not_picked":["Combust"],"picked":"SKIP","floor":46},{"not_picked":["Metallicize"],"picked":"SKIP","floor":47}],"player_experience":285345,"relics_obtained":[{"floor":6.0,"key":"Pantograph"},{"floor":8.0,"key":"Bag of Preparation"},{"floor":9.0,"key":"Toxic Egg 2"},{"floor":11.0,"key":"Odd Mushroom"},{"floor":14.0,"key":"Dream Catcher"},{"floor":23.0,"key":"Ornamental Fan"},{"floor":26.0,"key":"Lantern"},{"floor":30,"key":"Paper Frog"},{"floor":43,"key":"Letter Opener"}],"event_choices":[{"event_name":"Mushrooms","player_choice":"Fought Mushrooms","floor":11.0,"damage_taken":0.0},{"event_name":"WeMeetAgain","player_choice":"Potion","floor":13.0,"damage_taken":0.0},{"event_name":"Match and Keep!","player_choice":"0 cards matched","floor":21.0,"damage_taken":0.0},{"event_name":"The Library","player_choice":"Read","floor":29,"damage_taken":0},{"event_name":"Drug Dealer","player_choice":"Ignored","floor":31,"damage_taken":0},{"event_name":"Falling","player_choice":"Removed Attack","floor":48,"damage_taken":0}],"is_beta":false,"boss_relics":[{"not_picked":["Runic Dome","Runic Pyramid"],"picked":"Sozu"},{"not_picked":["Philosopher\u0027s Stone","Calling Bell"],"picked":"Busted Crown"}],"items_purged_floors":[],"is_endless":false,"potions_floor_spawned":[3,5,8,14,16,19,23,24,27,30,35,38,44,46],"ascension_level":0}