{"gold_per_floor":[111,121,132,20,33,33,61,61,137,87,116,116,116,131,131,131],"floor_reached":16,"playtime":1109,"items_purged":["Strike_B"],"score":110,"play_id":"68949d47-c613-4b7e-b440-101e65c1cd19","local_time":"20181103000931","is_ascension_mode":false,"campfire_choices":[{"data":"Leap","floor":6,"key":"SMITH"},{"data":"Fission","floor":8,"key":"SMITH"},{"data":"Go for the Eyes","floor":13,"key":"SMITH"},{"floor":15,"key":"REST"}],"neow_cost":"NONE","seed_source_timestamp":53913779090053,"circlet_count":0,"master_deck":["Strike_B","Strike_B","Strike_B","Defend_B","Defend_B","Zap+1","Dualcast","Loop","Capacitor","FTL","Leap+1","Fission+1","Go for the Eyes+1","Beam Cell"],"relics":["Cracked Core","Girya","Toxic Egg 2","Lantern"],"potions_floor_usage":[7,11],"damage_taken":[{"damage":0,"enemies":"2 Louse","floor":1,"turns":3},{"damage":0,"enemies":"Jaw Worm","floor":2,"turns":4},{"damage":0,"enemies":"Cultist","floor":3,"turns":3},{"damage":10,"enemies":"Looter","floor":5,"turns":2},{"damage":18,"enemies":"3 Sentries","floor":7,"turns":8},{"damage":1,"enemies":"Lagavulin","floor":11,"turns":6},{"damage":0,"enemies":"Blue Slaver","floor":14,"turns":2},{"damage":63,"enemies":"Slime Boss","floor":16,"turns":10}],"seed_played":"-1351228719196834403","potions_obtained":[{"floor":1,"key":"PowerPotion"},{"floor":2,"key":"Ancient Potion"},{"floor":7,"key":"Strength Potion"}],"is_trial":false,"path_per_floor":["M","M","M","$","M","R","E","R","T","?","E","?","R","M","R","B"],"character_chosen":"DEFECT","items_purchased":["FTL"],"campfire_rested":1,"item_purchase_floors":[4],"current_hp_per_floor":[75,75,75,75,65,65,47,47,47,47,46,39,39,39,61,0],"gold":131,"neow_bonus":"UPGRADE_CARD","is_prod":false,"is_daily":false,"chose_seed":false,"campfire_upgraded":3,"win_rate":0,"timestamp":1541200171,"path_taken":["M","M","M","$","M","R","E","R","T","?","E","?","R","M","R","BOSS"],"build_version":"2018-11-01v2","purchased_purges":1,"victory":false,"max_hp_per_floor":[75,75,75,75,75,75,75,75,75,75,75,75,75,75,75,75],"card_choices":[{"not_picked":["Doom and Gloom","Barrage"],"picked":"Loop","floor":1},{"not_picked":["Consume","Hologram","Steam"],"picked":"SKIP","floor":2},{"not_picked":["Cold Snap","Hologram"],"picked":"Capacitor","floor":3},{"not_picked":["Rebound","Cold Snap"],"picked":"Leap","floor":5},{"not_picked":["Stack","Steam"],"picked":"Fission","floor":7},{"not_picked":["Blizzard","Rip and Tear"],"picked":"Go for the Eyes","floor":11},{"not_picked":["Steam Power+1","Recycle+1"],"picked":"Beam Cell","floor":14}],"player_experience":602222,"relics_obtained":[{"floor":7,"key":"Girya"},{"floor":9,"key":"Toxic Egg 2"},{"floor":11,"key":"Lantern"}],"event_choices":[{"cards_removed":["Defend_B"],"damage_healed":0,"gold_gain":0,"player_choice":"Card Removal","damage_taken":0,"max_hp_gain":0,"max_hp_loss":0,"event_name":"The Cleric","floor":10,"gold_loss":50},{"cards_removed":["Defend_B"],"damage_healed":0,"gold_gain":0,"player_choice":"Card Removal","damage_taken":7,"max_hp_gain":0,"max_hp_loss":0,"event_name":"Golden Wing","floor":12,"gold_loss":0}],"is_beta":true,"boss_relics":[],"items_purged_floors":[4],"is_endless":false,"potions_floor_spawned":[1,2,7],"killed_by":"Slime Boss","ascension_level":0}