{"path_per_floor":["M","M","$","?","M","R","M","E","T","?","$","M","E","M","R","B",null,"M","M","M","$","?","E","M","R","T","M","?","$","M","M","R","B",null,"M","$","M","M","M","R","M","M","T","M","M","E","$","?","R","B"],"character_chosen":"DEFECT","items_purchased":["Hologram","Apotheosis+1","Defragment","Mummified Hand","Self Repair","Fusion+1"],"gold_per_floor":[111,125,125,125,137,137,152,181,181,181,128,141,166,182,182,284,284,304,315,329,329,329,361,372,372,372,392,392,117,127,142,142,240,240,257,9,26,43,60,60,78,98,98,118,137,164,15,15,15,15],"floor_reached":51,"campfire_rested":0,"playtime":2668,"item_purchase_floors":[11,29,29,36,47,47],"current_hp_per_floor":[74,71,71,71,70,70,59,38,38,38,38,45,53,54,54,29,85,85,85,81,81,81,40,44,44,44,44,50,50,53,42,42,21,109,105,105,105,85,93,107,97,94,94,101,106,86,86,104,104,64],"items_purged":[],"gold":15,"score":791,"play_id":"c0d53437-37a5-40d7-bea7-286b92949372","local_time":"20180611060046","is_prod":false,"is_daily":false,"chose_seed":false,"is_ascension_mode":false,"campfire_upgraded":1,"win_rate":0,"timestamp":1528686046,"campfire_choices":[{"data":"Zap","floor":6,"key":"SMITH"},{"floor":15,"key":"DIG"},{"floor":25,"key":"DIG"},{"floor":32,"key":"DIG"},{"floor":40,"key":"DIG"},{"floor":49,"key":"DIG"}],"path_taken":["M","M","$","?","M","R","M","E","T","?","$","M","E","M","R","BOSS","M","M","?","$","?","E","M","R","T","M","?","$","M","M","R","BOSS","M","$","M","M","M","R","M","M","T","M","M","E","$","?","R","BOSS"],"build_version":"2018-06-07v3","seed_source_timestamp":791327239177374,"purchased_purges":0,"victory":true,"master_deck":["Strike_B","Strike_B","Strike_B","Strike_B","Defend_B","Defend_B","Defend_B","Defend_B","Zap+1","Dualcast","Seek+1","Sunder","Leap","Self Repair","Steam","Hologram","Static Discharge","Ball Lightning","Machine Learning","Reboot","Static Discharge","Steam","Storm+1","Decay","Apotheosis+1","Defragment","Sweeping Beam","Hologram+1","Seek+1","Decay","Regret","Decay","Conserve Battery+1","Lockon+1","White Noise+1","Conserve Battery+1","Self Repair","Fusion+1"],"max_hp_per_floor":[75,75,75,75,75,75,75,75,75,75,75,75,85,85,85,85,85,85,85,85,85,85,85,85,85,85,85,91,91,91,91,91,91,109,109,109,109,109,109,123,123,123,123,125,127,129,129,131,131,131],"relics":["Cracked Core","Thread and Needle","Shovel","Spirit Poop","Pear","Ice Cream","White Beast Statue","Blood Vial","Toxic Egg 2","Darkstone Periapt","Peace Pipe","Calling Bell","Pen Nib","Gremlin Horn","Torii","Mummified Hand","Mango","Singing Bowl","Blue Candle","Dream Catcher"],"card_choices":[{"not_picked":["Amplify","Creative AI"],"picked":"Seek","floor":0},{"not_picked":["Compile Driver","Coolheaded"],"picked":"Sunder","floor":1},{"not_picked":["Go for the Eyes","Scrape","Aggregate"],"picked":"SKIP","floor":2},{"not_picked":["Blizzard","Stack"],"picked":"Leap","floor":5},{"not_picked":["Coolheaded","Tempest"],"picked":"Self Repair","floor":7},{"not_picked":["Streamline","FTL"],"picked":"Steam","floor":8},{"not_picked":["Go for the Eyes","Darkness"],"picked":"Static Discharge","floor":12},{"not_picked":["Barrage","Stack"],"picked":"Ball Lightning","floor":13},{"not_picked":["Aggregate","Storm"],"picked":"Machine Learning","floor":14},{"not_picked":["Rainbow","Core Surge"],"picked":"Reboot","floor":16},{"not_picked":["BootSequence","Stack","Capacitor"],"picked":"SKIP","floor":18},{"not_picked":["Stack","Redo","Compile Driver"],"picked":"SKIP","floor":19},{"not_picked":["Turbo","Streamline"],"picked":"Static Discharge","floor":20},{"not_picked":["Barrage","Go for the Eyes"],"picked":"Steam","floor":23},{"not_picked":["Beam Cell","Chill","Heatsinks"],"picked":"SKIP","floor":24},{"not_picked":["Go for the Eyes","Buffer"],"picked":"Storm+1","floor":27},{"not_picked":["Melter","Go for the Eyes"],"picked":"Sweeping Beam","floor":30},{"not_picked":["Chaos+1","Gash"],"picked":"Hologram+1","floor":31},{"not_picked":["Rainbow+1","Hyperbeam"],"picked":"Seek+1","floor":33},{"not_picked":["Compile Driver+1","Steam Power+1","Gash+1"],"picked":"SKIP","floor":35},{"not_picked":["Streamline+1","Steam+1"],"picked":"Conserve Battery+1","floor":37},{"not_picked":["Turbo+1","Storm"],"picked":"Lockon+1","floor":38},{"not_picked":["Go for the Eyes","Hologram+1","Steam+1"],"picked":"SKIP","floor":39},{"not_picked":["Genetic Algorithm+1","Darkness+1"],"picked":"White Noise+1","floor":41},{"not_picked":["Beam Cell+1","Hologram+1"],"picked":"Conserve Battery+1","floor":42},{"not_picked":["Compile Driver","Sweeping Beam","Turbo+1"],"picked":"Singing Bowl","floor":44},{"not_picked":["Undo+1","Core Surge","Hologram+1"],"picked":"Singing Bowl","floor":45},{"not_picked":["Chill+1","Blizzard+1","Meteor Strike"],"picked":"Singing Bowl","floor":46},{"not_picked":["Rebound","Lockon","Beam Cell+1"],"picked":"Singing Bowl","floor":48}],"player_experience":118033,"potions_floor_usage":[14,23,24,27,33,44,46,50],"damage_taken":[{"damage":1,"enemies":"Cultist","floor":1,"turns":3},{"damage":3,"enemies":"Small Slimes","floor":2,"turns":2},{"damage":1,"enemies":"Jaw Worm","floor":5,"turns":4},{"damage":11,"enemies":"Exordium Thugs","floor":7,"turns":3},{"damage":28,"enemies":"Lagavulin","floor":8,"turns":8},{"damage":0,"enemies":"Red Slaver","floor":12,"turns":4},{"damage":9,"enemies":"Gremlin Nob","floor":13,"turns":4},{"damage":6,"enemies":"Lots of Slimes","floor":14,"turns":3},{"damage":25,"enemies":"Slime Boss","floor":16,"turns":11},{"damage":5,"enemies":"Chosen","floor":18,"turns":5},{"damage":0,"enemies":"Shell Parasite","floor":19,"turns":7},{"damage":11,"enemies":"Centurion and Healer","floor":20,"turns":10},{"damage":55,"enemies":"Slavers","floor":23,"turns":4},{"damage":5,"enemies":"3 Cultists","floor":24,"turns":5},{"damage":9,"enemies":"Snecko","floor":27,"turns":4},{"damage":9,"enemies":"Sentry and Sphere","floor":30,"turns":3},{"damage":23,"enemies":"Centurion and Healer","floor":31,"turns":5},{"damage":33,"enemies":"Automaton","floor":33,"turns":9},{"damage":11,"enemies":"3 Shapes","floor":35,"turns":4},{"damage":2,"enemies":"Orb Walker","floor":37,"turns":2},{"damage":22,"enemies":"4 Shapes","floor":38,"turns":4},{"damage":1,"enemies":"3 Darklings","floor":39,"turns":6},{"damage":12,"enemies":"Sphere and 2 Shapes","floor":41,"turns":3},{"damage":15,"enemies":"4 Shapes","floor":42,"turns":5},{"damage":22,"enemies":"Maw","floor":44,"turns":8},{"damage":9,"enemies":"Sphere and 2 Shapes","floor":45,"turns":4},{"damage":34,"enemies":"Giant Head","floor":46,"turns":8},{"damage":0,"floor":48,"turns":5},{"damage":62,"enemies":"Time Eater","floor":50,"turns":8}],"relics_obtained":[{"floor":8,"key":"Thread and Needle"},{"floor":9,"key":"Shovel"},{"floor":13,"key":"Pear"},{"floor":15,"key":"Ice Cream"},{"floor":23,"key":"Blood Vial"},{"floor":25,"key":"Toxic Egg 2"},{"floor":26,"key":"Darkstone Periapt"},{"floor":32,"key":"Peace Pipe"},{"floor":34,"key":"Pen Nib"},{"floor":34,"key":"Gremlin Horn"},{"floor":34,"key":"Torii"},{"floor":40,"key":"Mango"},{"floor":43,"key":"Singing Bowl"},{"floor":46,"key":"Blue Candle"},{"floor":49,"key":"Dream Catcher"}],"event_choices":[{"event_name":"Living Wall","player_choice":"Grow","floor":4,"damage_taken":0},{"event_name":"Bonfire Elementals","player_choice":"CURSE","floor":10,"damage_taken":0},{"event_name":"Beggar","player_choice":"Ignored","floor":22,"damage_taken":0},{"event_name":"Forgotten Altar","player_choice":"Smashed Altar","floor":28,"damage_taken":0},{"event_name":"MindBloom","player_choice":"Fight","floor":48,"damage_taken":0}],"boss_relics":[{"not_picked":["Orrery","Eternal Feather"],"picked":"White Beast Statue"},{"not_picked":["Tiny House","Snecko Eye"],"picked":"Calling Bell"}],"items_purged_floors":[],"potions_floor_spawned":[7,8,12,13,16,18,19,20,23,24,27,30,31,33,35,37,38,39,41,42,44,45,46,48],"seed_played":"7796018974524625898","ascension_level":0,"potions_obtained":[{"floor":7,"key":"Energy Potion"},{"floor":8,"key":"AttackPotion"},{"floor":12,"key":"SkillPotion"},{"floor":13,"key":"PowerPotion"},{"floor":16,"key":"Energy Potion"},{"floor":23,"key":"Explosive Potion"},{"floor":24,"key":"GamblersBrew"},{"floor":27,"key":"Ancient Potion"},{"floor":30,"key":"SmokeBomb"},{"floor":33,"key":"Strength Potion"},{"floor":35,"key":"Regen Potion"},{"floor":44,"key":"Ancient Potion"},{"floor":45,"key":"Block Potion"},{"floor":48,"key":"Weak Potion"}],"is_trial":false}