{"path_per_floor":["M","?","$","M","M","R","E","?","T","T","R","M","R","M","R","B",null,"M","?","$","?","$","R","M","M","T","$","R","?","T","M","R","B",null,"M","M","M","M","$","R","?","M","T","R","M","?","M","?","R","B"],"character_chosen":"THE_SILENT","items_purchased":["Flying Knee","Backflip","Shovel","Dramatic Entrance"],"gold_per_floor":[119,69,23,37,49,49,82,82,105,129,129,146,146,163,163,267,267,279,279,154,154,54,54,71,83,83,83,83,83,383,399,399,501,501,519,536,551,566,38,38,38,51,106,106,120,220,237,237,237,237],"floor_reached":51,"campfire_rested":1,"playtime":7326,"current_hp_per_floor":[63,63,63,63,61,61,46,61,61,61,61,60,60,60,60,23,63,62,62,60,60,60,60,40,28,28,28,46,46,46,45,45,33,60,60,60,57,57,57,57,57,57,57,57,57,57,62,62,62,10],"items_purged":["Parasite","Dagger Spray","Dagger Spray"],"gold":237,"score":447,"play_id":"794069b7-c972-4589-8da7-850ac2b776a1","is_prod":false,"is_daily":false,"is_ascension_mode":false,"campfire_upgraded":6,"path_taken":["M","?","$","M","M","R","E","?","T","?","R","M","R","M","R","BOSS","M","?","$","?","$","R","M","M","T","$","R","?","?","M","R","BOSS","M","M","M","M","$","R","?","M","T","R","M","?","M","?","R","BOSS"],"build_version":"2018-02-05-BETA1","purchased_purges":3,"victory":true,"master_deck":["Survivor","Neutralize","After Image+1","Tactician+1","Flying Knee+1","Dagger Spray","Acrobatics+1","Predator","A Thousand Cuts","Terror","Endless Agony","Cloak And Dagger","Dagger Throw","Sucker Punch","Deflect","Night Terror+1","Backflip","Blur+1","Blur","Bouncing Flask+1","Prepared+1","Dramatic Entrance","Noxious Fumes+1"],"max_hp_per_floor":[63,63,63,63,63,63,63,63,63,63,63,63,63,63,63,63,63,63,63,60,60,60,60,60,60,60,60,60,60,60,60,60,60,60,60,60,60,60,60,60,60,60,60,60,60,60,62,62,62,62],"relics":["Ring of the Snake","Sundial","Snake Skull","Omamori","Pandora\u0027s Box","Thread and Needle","Old Coin","White Beast Statue","Shovel","Ninja Scroll","Singing Bowl","Du-Vu Doll","The Courier"],"card_choices":[{"not_picked":["Tactician","Phantasmal Killer"],"picked":"After Image"},{"not_picked":["Caltrops","Prepared"],"picked":"Tactician"},{"not_picked":["Cloak And Dagger","Flying Knee"],"picked":"Dagger Spray"},{"not_picked":["Dodge and Roll","Doppelganger"],"picked":"Acrobatics"},{"not_picked":["Sucker Punch","Quick Slash"],"picked":"Predator"},{"not_picked":["Wraith Form","Grand Finale"],"picked":"A Thousand Cuts"},{"not_picked":["Poisoned Stab","Acrobatics"],"picked":"Deflect"},{"not_picked":["Dodge and Roll","Sucker Punch"],"picked":"Blur"},{"not_picked":["Bane","Flechettes"],"picked":"Bouncing Flask"},{"not_picked":["Deflect","Tactician"],"picked":"Prepared"},{"not_picked":["Concentrate","Poisoned Stab"],"picked":"Noxious Fumes"}],"player_experience":258241,"potions_floor_usage":[7,16,16,24,33,37,38,42,45,47,50,50,50],"damage_taken":[{"damage":0,"enemies":"Blue Slaver","floor":1,"turns":5},{"damage":0,"enemies":"Small Slimes","floor":4,"turns":4},{"damage":2,"enemies":"Cultist","floor":5,"turns":5},{"damage":15,"enemies":"Lagavulin","floor":7,"turns":7},{"damage":1,"enemies":"3 Louse","floor":12,"turns":4},{"damage":0,"enemies":"2 Fungi Beasts","floor":14,"turns":5},{"damage":37,"enemies":"Slime Boss","floor":16,"turns":14},{"damage":1,"enemies":"3 Byrds","floor":18,"turns":4},{"damage":20,"enemies":"Chosen","floor":24,"turns":5},{"damage":12,"enemies":"Snake Plant","floor":25,"turns":5},{"damage":1,"enemies":"Centurion and Healer","floor":31,"turns":5},{"damage":12,"enemies":"Automaton","floor":33,"turns":11},{"damage":0,"enemies":"3 Shapes","floor":35,"turns":7},{"damage":0,"enemies":"Orb Walker","floor":36,"turns":5},{"damage":3,"enemies":"4 Shapes","floor":37,"turns":10},{"damage":0,"enemies":"3 Darklings","floor":38,"turns":7},{"damage":0,"enemies":"Maw","floor":42,"turns":7},{"damage":0,"enemies":"Flame Bruiser 2 Orb","floor":45,"turns":8},{"damage":1,"enemies":"Sphere and 2 Shapes","floor":47,"turns":6},{"damage":52,"enemies":"Awakened One","floor":50,"turns":18}],"event_choices":[{"event_name":"The Cleric","player_choice":"Card Removal","floor":2,"damage_taken":0},{"event_name":"Mushrooms","player_choice":"Healed and dodged fight","floor":8,"damage_taken":0},{"event_name":"Match and Keep!","player_choice":"1 cards matched","floor":19,"damage_taken":0},{"event_name":"The Library","player_choice":"Read","floor":21,"damage_taken":0},{"event_name":"Purifier","player_choice":"One Purge","floor":29,"damage_taken":0},{"event_name":"Golden Shrine","player_choice":"Pray","floor":46,"damage_taken":0},{"event_name":"Mysterious Sphere","player_choice":"Ignore","floor":48,"damage_taken":0}],"boss_relics":[{"not_picked":["Runic Dome","Ectoplasm"],"picked":"Pandora\u0027s Box"},{"not_picked":["Lizard Tail","Astrolabe"],"picked":"White Beast Statue"}],"potions_floor_spawned":[1,12,14,18,24,31,35,36,37,38,42,45,47],"seed_played":"1846098114846907355","ascension_level":0,"is_trial":false}