{"gold_per_floor":[118,118,118,12,27,27,47,47,47,77,95,95,130,150,150,250,250,266,27,27,47,66,98,118,0,23,42,42,75,75,90,90,90],"floor_reached":33,"playtime":942,"items_purged":[],"score":347,"play_id":"5458f0be-0263-4a1e-bfdf-61d9737ca7a0","local_time":"20190106201702","is_ascension_mode":false,"campfire_choices":[{"data":"Spot Weakness","floor":6,"key":"SMITH"},{"data":"Armaments","floor":8,"key":"SMITH"},{"data":"Battle Trance","floor":12,"key":"SMITH"},{"data":"Whirlwind","floor":15,"key":"SMITH"},{"floor":30,"key":"REST"},{"floor":32,"key":"REST"}],"neow_cost":"NONE","seed_source_timestamp":224379244600895,"circlet_count":0,"master_deck":["Strike_R","Strike_R","Strike_R","Strike_R+1","Strike_R+1","Defend_R","Defend_R","Defend_R","Defend_R","Bash+1","Spot Weakness+1","Battle Trance+1","Armaments+1","Cleave","Shrug It Off","Whirlwind+1","hubris:CleavingFinish","Sword Boomerang+1"],"relics":["Burning Blood","Whetstone","Singing Bowl","Vajra","Anchor","Philosopher\u0027s Stone","conspire:BottledYoYo","hubris:CrystalStatue","Lantern","Boot"],"potions_floor_usage":[11,13,13,23,23,23],"damage_taken":[{"damage":7,"enemies":"2 Louse","floor":1,"turns":3},{"damage":2,"enemies":"Small Slimes","floor":5,"turns":3},{"damage":6,"enemies":"Cultist","floor":7,"turns":3},{"damage":19,"enemies":"3 Sentries","floor":10,"turns":8},{"damage":3,"enemies":"conspire:2 RoseBushes","floor":11,"turns":4},{"damage":13,"enemies":"Lagavulin","floor":13,"turns":5},{"damage":2,"enemies":"Blue Slaver","floor":14,"turns":3},{"damage":43,"enemies":"Hexaghost","floor":16,"turns":9},{"damage":13,"enemies":"Spheric Guardian","floor":18,"turns":5},{"damage":24,"enemies":"3 Byrds","floor":21,"turns":3},{"damage":17,"enemies":"Snake Plant","floor":22,"turns":3},{"damage":35,"enemies":"conspire:SneckoGhost","floor":23,"turns":7},{"damage":2,"enemies":"Chosen and Byrds","floor":24,"turns":2},{"damage":0,"enemies":"3 Cultists","floor":27,"turns":1},{"damage":0,"enemies":"conspire:Head Lice","floor":29,"turns":5},{"damage":13,"enemies":"conspire:HollyBat","floor":31,"turns":6},{"damage":5,"enemies":"hubris:MusketHawk","floor":33,"turns":2}],"seed_played":"6477197896994398091","potions_obtained":[{"floor":10,"key":"SteroidPotion"},{"floor":11,"key":"Weak Potion"},{"floor":13,"key":"Fruit Juice"},{"floor":14,"key":"SneckoOil"},{"floor":16,"key":"Regen Potion"},{"floor":22,"key":"Block Potion"},{"floor":27,"key":"FearPotion"},{"floor":31,"key":"Strength Potion"}],"is_trial":false,"path_per_floor":["M","?","?","$","M","R","M","R","T","E","M","R","E","M","R","B",null,"M","$","?","M","M","E","M","?","T","M","$","E","R","M","R","B"],"character_chosen":"IRONCLAD","items_purchased":["Spot Weakness","Battle Trance","conspire:BottledYoYo"],"campfire_rested":2,"item_purchase_floors":[4,4,19],"current_hp_per_floor":[79,79,79,79,80,80,80,80,80,67,70,70,70,74,74,39,89,84,84,84,66,55,40,46,46,46,54,54,62,91,86,101,96],"gold":90,"neow_bonus":"RANDOM_COMMON_RELIC","is_prod":false,"is_daily":false,"chose_seed":false,"campfire_upgraded":4,"win_rate":0,"timestamp":1546798622,"path_taken":["M","?","?","$","?","R","M","R","T","E","M","R","E","M","R","BOSS","M","$","?","M","M","E","M","?","T","M","$","E","R","M","R","BOSS"],"build_version":"2019-01-03v4","purchased_purges":0,"victory":false,"max_hp_per_floor":[80,80,80,80,80,80,80,80,80,80,80,80,87,87,87,89,89,91,91,91,91,91,93,95,95,95,97,97,99,99,101,101,101],"card_choices":[{"not_picked":["Heavy Blade","Burning Pact","Perfected Strike"],"picked":"SKIP","floor":1},{"not_picked":["Flex","Headbutt","Cleave"],"picked":"SKIP","floor":5},{"not_picked":["Battle Trance","Evolve"],"picked":"Armaments","floor":7},{"not_picked":["Flex","Body Slam"],"picked":"Cleave","floor":10},{"not_picked":["Pommel Strike","Hemokinesis"],"picked":"Shrug It Off","floor":11},{"not_picked":["Hemokinesis","Headbutt","Fire Breathing"],"picked":"Singing Bowl","floor":13},{"not_picked":["Armaments","True Grit"],"picked":"Whirlwind","floor":14},{"not_picked":["Bludgeon","Brutality","Impervious"],"picked":"Singing Bowl","floor":16},{"not_picked":["Fire Breathing","Clash","Pommel Strike"],"picked":"Singing Bowl","floor":18},{"not_picked":["Headbutt","Heavy Blade"],"picked":"hubris:CleavingFinish","floor":21},{"not_picked":["Pommel Strike","Headbutt"],"picked":"Sword Boomerang+1","floor":22},{"not_picked":["Hemokinesis","Cleave","Wild Strike+1"],"picked":"Singing Bowl","floor":23},{"not_picked":["Sentinel","Thunderclap+1","Iron Wave"],"picked":"Singing Bowl","floor":24},{"not_picked":["Iron Wave","Rage","Thunderclap"],"picked":"Singing Bowl","floor":27},{"not_picked":["Burning Pact","conspire:HitWhereItHurts","Disarm"],"picked":"Singing Bowl","floor":29},{"not_picked":["Armaments","Spot Weakness","Thunderclap+1"],"picked":"Singing Bowl","floor":31}],"player_experience":565776,"relics_obtained":[{"floor":9,"key":"Singing Bowl"},{"floor":10,"key":"Vajra"},{"floor":13,"key":"Anchor"},{"floor":23,"key":"hubris:CrystalStatue"},{"floor":26,"key":"Lantern"},{"floor":29,"key":"Boot"}],"event_choices":[{"damage_healed":0,"gold_gain":0,"player_choice":"Disagree","damage_taken":0,"max_hp_gain":0,"max_hp_loss":0,"event_name":"conspire:LoneGhost","floor":2,"gold_loss":0},{"damage_healed":0,"gold_gain":0,"player_choice":"Forge","damage_taken":0,"max_hp_gain":0,"max_hp_loss":0,"event_name":"Accursed Blacksmith","floor":3,"gold_loss":0,"cards_upgraded":["Bash"]},{"damage_healed":0,"gold_gain":0,"player_choice":"Ignored","damage_taken":0,"max_hp_gain":0,"max_hp_loss":0,"event_name":"Cursed Tome","floor":20,"gold_loss":0},{"damage_healed":0,"gold_gain":0,"player_choice":"Paid Fearfully","damage_taken":0,"max_hp_gain":0,"max_hp_loss":0,"event_name":"Masked Bandits","floor":25,"gold_loss":118}],"is_beta":false,"boss_relics":[{"not_picked":["conspire:RoyalGoblet","Snecko Eye"],"picked":"Philosopher\u0027s Stone"}],"items_purged_floors":[],"is_endless":false,"potions_floor_spawned":[10,11,13,14,16,22,27,31],"killed_by":"hubris:MusketHawk","ascension_level":0}