{"gold_per_floor":[114,114,65,75,85,111,111,111,185,199,47,74,74,92,92,197,197,211,224,238,12,87,87,87,116,116,116,135,146,166,180,180,277,277,292,307,324,373,387,405,405,421,447,447,457,106,106,119,119,119],"floor_reached":51,"playtime":1648,"items_purged":["Strike_R","Defend_R"],"score":785,"play_id":"d323605a-1d63-4ed8-bf80-dffb6e3e6ce7","local_time":"20181012031020","is_ascension_mode":false,"campfire_choices":[{"data":"Armaments","floor":8,"key":"SMITH"},{"data":"Spot Weakness","floor":13,"key":"SMITH"},{"data":"Whirlwind","floor":15,"key":"SMITH"},{"floor":23,"key":"REST"},{"floor":27,"key":"REST"},{"floor":32,"key":"REST"},{"floor":44,"key":"REST"},{"floor":47,"key":"REST"},{"floor":49,"key":"REST"}],"neow_cost":"TEN_PERCENT_HP_LOSS","seed_source_timestamp":139650024950883,"circlet_count":0,"master_deck":["Defend_R","Defend_R","Defend_R","Bash","Shrug It Off","Armaments+1","Spot Weakness+1","Whirlwind+1","Heavy Blade","Offering","Shrug It Off+1","Shrug It Off","Bite","Bite","Bite","Bite","Bite","Double Tap","Battle Trance"],"special_seed":0,"relics":["Burning Blood","Pocketwatch","Bag of Preparation","Mercury Hourglass","Strawberry","Fusion Hammer","Anchor","Potion Belt","Bronze Scales","Runic Cube","Thread and Needle","Red Skull","Toxic Egg 2"],"potions_floor_usage":[16,50,50,50,50],"damage_taken":[{"damage":11.0,"enemies":"Jaw Worm","floor":1.0,"turns":2.0},{"damage":0.0,"enemies":"Small Slimes","floor":4.0,"turns":3.0},{"damage":0.0,"enemies":"Cultist","floor":5.0,"turns":3.0},{"damage":19.0,"enemies":"3 Sentries","floor":6.0,"turns":7.0},{"damage":14,"enemies":"Blue Slaver","floor":10,"turns":3},{"damage":7,"enemies":"Lagavulin","floor":12,"turns":7},{"damage":0,"enemies":"Red Slaver","floor":14,"turns":3},{"damage":0,"enemies":"Slime Boss","floor":16,"turns":5},{"damage":0,"enemies":"Shell Parasite","floor":18,"turns":4},{"damage":8,"enemies":"2 Thieves","floor":19,"turns":3},{"damage":8,"enemies":"Snecko","floor":20,"turns":3},{"damage":6,"enemies":"Slavers","floor":25,"turns":2},{"damage":16,"enemies":"Cultist and Chosen","floor":28,"turns":4},{"damage":22,"enemies":"Snake Plant","floor":29,"turns":4},{"damage":10,"enemies":"Centurion and Healer","floor":30,"turns":3},{"damage":0,"enemies":"Chosen and Byrds","floor":31,"turns":3},{"damage":51,"enemies":"Champ","floor":33,"turns":11},{"damage":4,"enemies":"3 Darklings","floor":35,"turns":2},{"damage":2,"enemies":"Orb Walker","floor":36,"turns":4},{"damage":34,"enemies":"Spire Growth","floor":37,"turns":5},{"damage":29,"enemies":"Mysterious Sphere","floor":38,"turns":4},{"damage":26,"enemies":"3 Darklings","floor":39,"turns":3},{"damage":6,"enemies":"Sphere and 2 Shapes","floor":40,"turns":4},{"damage":47,"enemies":"Spire Growth","floor":42,"turns":5},{"damage":12,"enemies":"4 Shapes","floor":45,"turns":1},{"damage":28,"enemies":"Reptomancer","floor":48,"turns":6},{"damage":132,"enemies":"Awakened One","floor":50,"turns":12}],"seed_played":"-4730030553024898553","potions_obtained":[{"floor":1.0,"key":"LiquidBronze"},{"floor":6.0,"key":"Dexterity Potion"},{"floor":12,"key":"Fire Potion"},{"floor":18,"key":"Ancient Potion"},{"floor":19,"key":"Energy Potion"},{"floor":25,"key":"Block Potion"},{"floor":33,"key":"SmokeBomb"},{"floor":37,"key":"Regen Potion"},{"floor":42,"key":"Strength Potion"}],"is_trial":false,"path_per_floor":["M","?","$","M","M","E","$","R","T","M","$","E","R","M","R","B",null,"M","M","M","$","?","R","?","E","T","R","M","M","M","M","R","B",null,"M","M","M","?","M","M","?","M","T","R","M","$","R","M","R","B"],"character_chosen":"IRONCLAD","items_purchased":["Armaments","Blood Vial","Anchor","Toxic Egg 2"],"campfire_rested":6,"item_purchase_floors":[3,11,21,46],"current_hp_per_floor":[67,72,72,77,77,64,64,64,64,56,56,64,64,72,72,80,84,84,82,82,82,74,84,84,84,84,84,76,76,78,84,84,50,84,84,84,66,50,39,48,48,25,25,50,44,44,69,74,84,11],"gold":119,"neow_bonus":"ONE_RARE_RELIC","is_prod":false,"is_daily":false,"chose_seed":false,"campfire_upgraded":3,"win_rate":0,"timestamp":1539303020,"path_taken":["M","?","$","M","M","E","$","R","T","M","$","E","R","M","R","BOSS","M","M","M","$","?","R","?","E","T","R","?","M","M","M","R","BOSS","M","M","M","?","M","M","?","M","T","R","M","$","R","M","R","BOSS"],"build_version":"2018-10-04v2","purchased_purges":2,"victory":true,"max_hp_per_floor":[72,77,77,77,77,77,77,77,77,77,77,84,84,84,84,84,84,84,84,84,84,84,84,84,84,84,84,84,84,84,84,84,84,84,84,84,84,84,84,84,84,84,84,84,84,84,84,84,84,84],"card_choices":[{"not_picked":["Shockwave","Wild Strike"],"picked":"Shrug It Off","floor":1.0},{"not_picked":["True Grit","Pummel"],"picked":"Spot Weakness","floor":4.0},{"not_picked":["Thunderclap","Reckless Charge","Seeing Red"],"picked":"SKIP","floor":5.0},{"not_picked":["Power Through","Evolve","Intimidate"],"picked":"SKIP","floor":6.0},{"not_picked":["Flex","Wild Strike"],"picked":"Whirlwind","floor":10},{"not_picked":["Uppercut","Thunderclap","Carnage"],"picked":"SKIP","floor":12},{"not_picked":["Anger","Wild Strike"],"picked":"Heavy Blade","floor":14},{"not_picked":["Fiend Fire","Barricade"],"picked":"Offering","floor":16},{"not_picked":["Wild Strike+1","Searing Blow"],"picked":"Shrug It Off+1","floor":18},{"not_picked":["Pommel Strike","Corruption","Clothesline"],"picked":"SKIP","floor":19},{"not_picked":["Clothesline+1","Clash"],"picked":"Shrug It Off","floor":20},{"not_picked":["Combust","Sever Soul","Disarm"],"picked":"SKIP","floor":25},{"not_picked":["Sever Soul+1","Clothesline","Rupture"],"picked":"SKIP","floor":28},{"not_picked":["Disarm","Second Wind","Warcry"],"picked":"SKIP","floor":29},{"not_picked":["Pommel Strike","Anger","Iron Wave"],"picked":"SKIP","floor":30},{"not_picked":["Havoc","Thunderclap+1","Clash"],"picked":"SKIP","floor":31},{"not_picked":["Exhume","Berserk"],"picked":"Double Tap","floor":33},{"not_picked":["Thunderclap","Uppercut+1","Fire Breathing"],"picked":"SKIP","floor":35},{"not_picked":["Cleave","Sentinel"],"picked":"Battle Trance","floor":36},{"not_picked":["Blood for Blood","Second Wind+1","Intimidate"],"picked":"SKIP","floor":37},{"not_picked":["Iron Wave","Wild Strike+1","Sword Boomerang+1"],"picked":"SKIP","floor":39},{"not_picked":["Twin Strike","Dark Embrace","True Grit+1"],"picked":"SKIP","floor":40},{"not_picked":["Shockwave+1","Disarm+1","Anger"],"picked":"SKIP","floor":42},{"not_picked":["Headbutt","Ghostly Armor","Anger"],"picked":"SKIP","floor":45},{"not_picked":["Rampage+1","Body Slam","True Grit+1"],"picked":"SKIP","floor":48}],"player_experience":397509,"relics_obtained":[{"floor":6.0,"key":"Bag of Preparation"},{"floor":9,"key":"Mercury Hourglass"},{"floor":12,"key":"Strawberry"},{"floor":25,"key":"Potion Belt"},{"floor":26,"key":"Bronze Scales"},{"floor":38,"key":"Thread and Needle"},{"floor":43,"key":"Red Skull"}],"event_choices":[{"event_name":"Big Fish","player_choice":"Donut","floor":2.0,"damage_taken":0.0},{"event_name":"FaceTrader","player_choice":"Touch","floor":22,"damage_taken":0},{"event_name":"Vampires","player_choice":"Became a vampire (Vial)","floor":24,"damage_taken":0},{"event_name":"Mysterious Sphere","player_choice":"Fight","floor":38,"damage_taken":0},{"event_name":"SecretPortal","player_choice":"Rejected Portal.","floor":41,"damage_taken":0}],"is_beta":false,"boss_relics":[{"not_picked":["Astrolabe","Tiny House"],"picked":"Fusion Hammer"},{"not_picked":["Snecko Eye","Black Blood"],"picked":"Runic Cube"}],"items_purged_floors":[21,46],"is_endless":false,"potions_floor_spawned":[1,6,12,18,19,25,33,36,37,38,42,48],"ascension_level":0}