{"gold_per_floor":[114,132,143,143,154,154,154,154,154,86,97,114,99,130,130,235,265,280,299,349,366,381,381],"floor_reached":23,"playtime":1579,"items_purged":[],"score":227,"play_id":"14e23d06-7bab-4705-a361-3654d3cd1314","local_time":"20190728182742","is_ascension_mode":true,"campfire_choices":[{"floor":6,"key":"RECALL"},{"data":"Chill","floor":8,"key":"SMITH"},{"data":"Loop","floor":15,"key":"SMITH"}],"neow_cost":"NONE","seed_source_timestamp":1309781755386785,"circlet_count":0,"master_deck":["Strike_B","Strike_B","Strike_B","Strike_B","Defend_B","Defend_B","Defend_B","Defend_B","Zap","Dualcast","Go for the Eyes","Turbo","Chill+1","Ball Lightning+1","Madness","Streamline+1","Self Repair","FTL+1","Loop+1","Ball Lightning+1","Streamline+1","Biased Cognition","Doubt","Go for the Eyes+1","Gash+1","Chill","Conserve Battery"],"relics":["Cracked Core","NeowsBlessing","Molten Egg 2","Omamori","Calling Bell","Tiny Chest","Letter Opener","Nunchaku"],"potions_floor_usage":[16,16,23,23],"damage_taken":[{"damage":0,"enemies":"2 Louse","floor":1,"turns":1},{"damage":0,"enemies":"Cultist","floor":2,"turns":1},{"damage":0,"enemies":"Small Slimes","floor":3,"turns":1},{"damage":6,"enemies":"Looter","floor":5,"turns":4},{"damage":0,"enemies":"2 Fungi Beasts","floor":11,"turns":2},{"damage":12,"enemies":"Red Slaver","floor":12,"turns":3},{"damage":1,"enemies":"Exordium Thugs","floor":13,"turns":4},{"damage":23,"enemies":"Lagavulin","floor":14,"turns":5},{"damage":21,"enemies":"Hexaghost","floor":16,"turns":7},{"damage":10,"enemies":"2 Thieves","floor":18,"turns":4},{"damage":10,"enemies":"Chosen","floor":19,"turns":3},{"damage":26,"enemies":"Snake Plant","floor":21,"turns":5},{"damage":8,"enemies":"Shelled Parasite and Fungi","floor":22,"turns":6},{"damage":52,"enemies":"Book of Stabbing","floor":23,"turns":4}],"seed_played":"2683364353046481716","potions_obtained":[{"floor":2,"key":"Explosive Potion"},{"floor":12,"key":"Weak Potion"},{"floor":13,"key":"SteroidPotion"},{"floor":14,"key":"FearPotion"},{"floor":16,"key":"Fire Potion"},{"floor":19,"key":"GamblersBrew"}],"is_trial":false,"path_per_floor":["M","M","M","?","M","R","?","R","T","$","M","M","M","E","R","B",null,"M","M","?","M","M","E"],"character_chosen":"DEFECT","items_purchased":["Self Repair"],"campfire_rested":0,"item_purchase_floors":[10],"current_hp_per_floor":[75,75,75,72,66,66,66,66,66,66,66,61,67,51,51,37,75,72,69,69,50,49,0],"gold":381,"neow_bonus":"THREE_ENEMY_KILL","is_prod":false,"is_daily":false,"chose_seed":false,"campfire_upgraded":2,"win_rate":0,"timestamp":1564356462,"path_taken":["M","M","M","?","M","R","?","R","T","$","M","M","?","E","R","BOSS","M","M","?","?","M","E"],"build_version":"2019-07-17","purchased_purges":0,"victory":false,"max_hp_per_floor":[75,75,75,75,75,75,75,75,75,75,75,75,75,75,75,75,75,75,75,75,75,75,75],"card_choices":[{"not_picked":["Sweeping Beam","Leap"],"picked":"Go for the Eyes","floor":1},{"not_picked":["Streamline","Static Discharge"],"picked":"Turbo","floor":2},{"not_picked":["Gash","Genetic Algorithm"],"picked":"Chill","floor":3},{"not_picked":["Conserve Battery","Turbo"],"picked":"Ball Lightning+1","floor":5},{"not_picked":["Meteor Strike+1","Compile Driver+1"],"picked":"FTL+1","floor":11},{"not_picked":["Turbo","Consume"],"picked":"Loop","floor":12},{"not_picked":["Hologram","Skim"],"picked":"Ball Lightning+1","floor":13},{"not_picked":["Redo","Steam"],"picked":"Streamline+1","floor":14},{"not_picked":["Core Surge+1","Thunder Strike+1"],"picked":"Biased Cognition","floor":16},{"not_picked":["BootSequence","Doom and Gloom+1"],"picked":"Go for the Eyes+1","floor":18},{"not_picked":["Leap+1","Steam Power"],"picked":"Gash+1","floor":19},{"not_picked":["Redo","Steam"],"picked":"Chill","floor":21},{"not_picked":["Streamline+1","Beam Cell+1"],"picked":"Conserve Battery","floor":22}],"player_experience":97396,"relics_obtained":[{"floor":14,"key":"Omamori"},{"floor":17,"key":"Tiny Chest"},{"floor":17,"key":"Letter Opener"},{"floor":17,"key":"Nunchaku"}],"event_choices":[{"damage_healed":0,"gold_gain":0,"player_choice":"Success","damage_taken":3,"relics_obtained":["Molten Egg 2"],"max_hp_gain":0,"max_hp_loss":0,"event_name":"Scrap Ooze","floor":4,"gold_loss":0},{"damage_healed":0,"gold_gain":0,"player_choice":"2 cards matched","damage_taken":0,"max_hp_gain":0,"max_hp_loss":0,"event_name":"Match and Keep!","floor":7,"gold_loss":0,"cards_obtained":["Madness","Streamline"]},{"damage_healed":0,"gold_gain":100,"player_choice":"Bet on Murderer","damage_taken":0,"max_hp_gain":0,"max_hp_loss":0,"event_name":"The Joust","floor":20,"gold_loss":50}],"is_beta":false,"boss_relics":[{"not_picked":["Eternal Feather","Velvet Choker"],"picked":"Calling Bell"}],"items_purged_floors":[],"is_endless":false,"potions_floor_spawned":[2,12,13,14,16,19],"killed_by":"Book of Stabbing","ascension_level":3}