{"gold_per_floor":[111,111,129,81,100,100,113,113,113,113,128,160,160,170,170,271,271,288,213,227,227,237,237,256,256,309,408,45,55,55,55,55,157,157,172,172,187,201,212,212,230,330,354,354,372,57,75,94,94,94],"floor_reached":51,"playtime":1409,"items_purged":["Strike_R"],"score":703,"play_id":"254abf32-6ff1-4e08-b273-8c14480d2ee9","local_time":"20190615165250","is_ascension_mode":false,"campfire_choices":[{"data":"Armaments","floor":6,"key":"SMITH"},{"data":"Spot Weakness","floor":8,"key":"SMITH"},{"data":"Sword Boomerang","floor":13,"key":"SMITH"},{"data":"Sword Boomerang","floor":15,"key":"SMITH"},{"data":"Bash","floor":23,"key":"SMITH"},{"data":"Shrug It Off","floor":25,"key":"SMITH"},{"data":"Reaper","floor":32,"key":"SMITH"},{"data":"Limit Break","floor":40,"key":"SMITH"},{"floor":49,"key":"DIG"}],"neow_cost":"NONE","seed_source_timestamp":150170814654000,"circlet_count":0,"master_deck":["Strike_R","Strike_R","Defend_R","Defend_R","Defend_R","Defend_R","Bash+1","Armaments+1","Spot Weakness+1","Sword Boomerang+1","Sword Boomerang+1","Shrug It Off+1","Reaper+1","Shrug It Off+1","Heavy Blade+1","Spot Weakness+1","Limit Break+1","Inflame+1","Twin Strike","Sword Boomerang"],"relics":["Burning Blood","Darkstone Periapt","Bird Faced Urn","Velvet Choker","Art of War","Red Skull","DollysMirror","Sozu","Shovel","PreservedInsect","Bottled Lightning","Strawberry"],"potions_floor_usage":[7,29,33,35,45],"damage_taken":[{"damage":11,"enemies":"Jaw Worm","floor":1,"turns":5},{"damage":1,"enemies":"Cultist","floor":3,"turns":3},{"damage":1,"enemies":"2 Louse","floor":5,"turns":2},{"damage":16,"enemies":"Blue Slaver","floor":7,"turns":4},{"damage":20,"enemies":"Exordium Thugs","floor":11,"turns":3},{"damage":23,"enemies":"Lagavulin","floor":12,"turns":5},{"damage":5,"enemies":"Looter","floor":14,"turns":2},{"damage":19,"enemies":"Hexaghost","floor":16,"turns":8},{"damage":20,"enemies":"3 Byrds","floor":18,"turns":5},{"damage":0,"enemies":"Shell Parasite","floor":20,"turns":5},{"damage":13,"enemies":"Centurion and Healer","floor":22,"turns":3},{"damage":5,"enemies":"Cultist and Chosen","floor":24,"turns":4},{"damage":12,"enemies":"3 Cultists","floor":29,"turns":4},{"damage":64,"enemies":"Collector","floor":33,"turns":8},{"damage":24,"enemies":"3 Darklings","floor":35,"turns":5},{"damage":15,"enemies":"Orb Walker","floor":37,"turns":2},{"damage":37,"enemies":"Writhing Mass","floor":38,"turns":3},{"damage":7,"enemies":"Maw","floor":39,"turns":5},{"damage":25,"enemies":"4 Shapes","floor":41,"turns":4},{"damage":28,"enemies":"Mind Bloom Boss Battle","floor":42,"turns":7},{"damage":31,"enemies":"Spire Growth","floor":45,"turns":4},{"damage":16,"enemies":"Maw","floor":47,"turns":4},{"damage":0,"enemies":"Transient","floor":48,"turns":5},{"damage":78,"enemies":"Awakened One","floor":50,"turns":7}],"seed_played":"-1653170552222405320","potions_obtained":[{"floor":5,"key":"SneckoOil"},{"floor":12,"key":"Fire Potion"},{"floor":14,"key":"BloodPotion"},{"floor":21,"key":"Energy Potion"},{"floor":21,"key":"Swift Potion"},{"floor":29,"key":"Swift Potion"},{"floor":33,"key":"Explosive Potion"}],"is_trial":false,"path_per_floor":["M","$","M","$","M","R","M","R","T","?","M","E","R","M","R","B",null,"M","?","M","?","M","R","M","R","T","?","$","M","$","?","R","B",null,"M","$","M","M","M","R","M","?","T","$","M","$","M","M","R","B",null],"character_chosen":"IRONCLAD","items_purchased":["Sword Boomerang","Red Skull","DollysMirror","Bottled Lightning"],"campfire_rested":0,"item_purchase_floors":[4,28,28,46],"current_hp_per_floor":[83,83,88,88,88,88,78,78,78,78,64,47,47,48,48,35,88,79,79,85,85,88,88,88,88,88,88,88,82,82,82,82,24,88,70,70,70,41,70,70,80,68,68,68,43,43,51,75,82,53],"gold":94,"neow_bonus":"TEN_PERCENT_HP_BONUS","is_prod":false,"is_daily":false,"chose_seed":false,"campfire_upgraded":8,"win_rate":0,"timestamp":1560606770,"path_taken":["M","$","M","$","M","R","M","R","T","?","?","E","R","M","R","BOSS","M","?","M","?","M","R","?","R","T","?","$","M","$","?","R","BOSS","M","$","?","M","M","R","M","?","T","$","M","$","M","M","R","BOSS"],"build_version":"2019-01-23","purchased_purges":1,"victory":true,"max_hp_per_floor":[88,88,88,88,88,88,88,88,88,88,88,88,88,88,88,88,88,88,88,88,88,88,88,88,88,88,88,88,88,88,88,88,88,88,88,88,88,88,88,88,88,88,88,88,88,88,88,88,95,95],"card_choices":[{"not_picked":["Disarm","Flex"],"picked":"Armaments","floor":1},{"not_picked":["Heavy Blade","Body Slam"],"picked":"Spot Weakness","floor":3},{"not_picked":["Thunderclap","Bloodletting","Armaments"],"picked":"SKIP","floor":5},{"not_picked":["Pommel Strike","Warcry"],"picked":"Sword Boomerang","floor":7},{"not_picked":["Thunderclap","Rampage","Reckless Charge"],"picked":"SKIP","floor":11},{"not_picked":["Exhume","Warcry"],"picked":"Shrug It Off","floor":12},{"not_picked":["Burning Pact","Cleave","Thunderclap"],"picked":"SKIP","floor":14},{"not_picked":["Offering","Dark Embrace"],"picked":"Reaper","floor":16},{"not_picked":["Metallicize","Power Through+1"],"picked":"Shrug It Off","floor":18},{"not_picked":["Iron Wave","Pommel Strike"],"picked":"Heavy Blade+1","floor":20},{"not_picked":["Flex","True Grit+1","Clash+1"],"picked":"SKIP","floor":22},{"not_picked":["Power Through","Clothesline","Headbutt"],"picked":"SKIP","floor":24},{"not_picked":["Cleave","Flex","Sever Soul+1"],"picked":"SKIP","floor":29},{"not_picked":["Immolate","Exhume"],"picked":"Limit Break","floor":33},{"not_picked":["Carnage","Heavy Blade"],"picked":"Inflame+1","floor":35},{"not_picked":["Iron Wave+1","Uppercut"],"picked":"Twin Strike","floor":37},{"not_picked":["Bloodletting+1","Searing Blow+1","Thunderclap+1"],"picked":"SKIP","floor":38},{"not_picked":["Dual Wield+1","Pommel Strike+1","Flame Barrier"],"picked":"SKIP","floor":39},{"not_picked":["Heavy Blade+1","True Grit+1","Pommel Strike+1"],"picked":"SKIP","floor":41},{"not_picked":["Clothesline","Armaments"],"picked":"Sword Boomerang","floor":42},{"not_picked":["Clothesline+1","Shockwave","Bludgeon"],"picked":"SKIP","floor":45},{"not_picked":["Reckless Charge+1","Twin Strike","Cleave"],"picked":"SKIP","floor":47},{"not_picked":["Shrug It Off","Clash+1","Shockwave"],"picked":"SKIP","floor":48}],"player_experience":609288,"relics_obtained":[{"floor":9,"key":"Darkstone Periapt"},{"floor":12,"key":"Bird Faced Urn"},{"floor":26,"key":"Art of War"},{"floor":42,"key":"Shovel"},{"floor":43,"key":"PreservedInsect"},{"floor":49,"key":"Strawberry"}],"event_choices":[{"cards_removed":["Strike_R"],"damage_healed":0,"gold_gain":0,"player_choice":"Offered Basic","damage_taken":0,"max_hp_gain":0,"max_hp_loss":0,"event_name":"Bonfire Elementals","floor":10,"gold_loss":0},{"cards_removed":["Strike_R"],"damage_healed":0,"gold_gain":0,"player_choice":"Gave Gold","damage_taken":0,"max_hp_gain":0,"max_hp_loss":0,"event_name":"Beggar","floor":19,"gold_loss":75},{"damage_healed":0,"gold_gain":0,"player_choice":"Got Potions","damage_taken":0,"max_hp_gain":0,"max_hp_loss":0,"event_name":"Lab","floor":21,"gold_loss":0},{"damage_healed":0,"gold_gain":99,"player_choice":"Stole From Cult","damage_taken":0,"max_hp_gain":0,"max_hp_loss":0,"event_name":"Nest","floor":27,"gold_loss":0},{"damage_healed":0,"gold_gain":0,"player_choice":"Upgraded","damage_taken":0,"max_hp_gain":0,"max_hp_loss":0,"event_name":"Upgrade Shrine","floor":31,"gold_loss":0,"cards_upgraded":["Shrug It Off"]},{"damage_healed":0,"gold_gain":0,"player_choice":"Fight","damage_taken":0,"max_hp_gain":0,"max_hp_loss":0,"event_name":"MindBloom","floor":42,"gold_loss":0}],"is_beta":false,"boss_relics":[{"not_picked":["Astrolabe","Philosopher\u0027s Stone"],"picked":"Velvet Choker"},{"not_picked":["Black Star","White Beast Statue"],"picked":"Sozu"}],"items_purged_floors":[46],"is_endless":false,"potions_floor_spawned":[5,12,14,24,29,33,35,37,41,45,47],"ascension_level":0}