{"gold_per_floor":[110,127,137,57,57,82,82,102,102,115,115,133,133,145,145,245,245,256,270,270,87,103,103,117,117,140,69,99,99,99,99,99,196,196,210,229,275,27,44,44,56,156,225,245,68,68,68,81,81,81],"floor_reached":51,"playtime":2408,"items_purged":["Strike_B","Decay"],"score":669,"play_id":"d5575976-75be-42de-821e-c6ebe394c4ee","local_time":"20181122123144","is_ascension_mode":false,"campfire_choices":[{"data":"Zap","floor":7.0,"key":"SMITH"},{"data":"Capacitor","floor":13.0,"key":"SMITH"},{"data":"Dualcast","floor":15.0,"key":"SMITH"},{"floor":23.0,"key":"REST"},{"floor":30.0,"key":"REST"},{"floor":32.0,"key":"REST"},{"floor":40.0,"key":"REST"},{"floor":49.0,"key":"REST"}],"neow_cost":"TEN_PERCENT_HP_LOSS","seed_source_timestamp":58752969654389,"circlet_count":0,"master_deck":["Defend_B","Defend_B","Defend_B","Defend_B","Zap+1","Dualcast+1","Electrodynamics","Conserve Battery","Capacitor+1","Heatsinks+1","Echo Form+1","Seek","Genetic Algorithm","Loop+1","Leap","Machine Learning+1","Steam","Hologram","Reinforced Body","Buffer+1","Force Field","Capacitor+1","Apotheosis","Defragment+1","Loop+1","Parasite","Hologram+1"],"special_seed":0,"relics":["Cracked Core","Frozen Egg 2","Mummified Hand","Fusion Hammer","Art of War","Molten Egg 2","Empty Cage","Unceasing Top","Emotion Chip","Pantograph","Dream Catcher"],"potions_floor_usage":[50],"damage_taken":[{"damage":3.0,"enemies":"2 Louse","floor":1.0,"turns":2.0},{"damage":1.0,"enemies":"Cultist","floor":2.0,"turns":4.0},{"damage":3.0,"enemies":"Jaw Worm","floor":3.0,"turns":4.0},{"damage":9.0,"enemies":"Lagavulin","floor":6.0,"turns":7.0},{"damage":2.0,"enemies":"Blue Slaver","floor":8.0,"turns":4.0},{"damage":2.0,"enemies":"2 Fungi Beasts","floor":10.0,"turns":2.0},{"damage":1.0,"enemies":"Large Slime","floor":12.0,"turns":5.0},{"damage":4.0,"enemies":"Gremlin Gang","floor":14.0,"turns":3.0},{"damage":2.0,"enemies":"Slime Boss","floor":16.0,"turns":7.0},{"damage":14.0,"enemies":"Spheric Guardian","floor":18.0,"turns":4.0},{"damage":3.0,"enemies":"Shell Parasite","floor":19.0,"turns":5.0},{"damage":13.0,"enemies":"3 Cultists","floor":22.0,"turns":4.0},{"damage":5.0,"enemies":"Cultist and Chosen","floor":24.0,"turns":5.0},{"damage":13.0,"enemies":"Colosseum Slavers","floor":25.0,"turns":4.0},{"damage":16.0,"enemies":"Gremlin Leader","floor":28.0,"turns":7.0},{"damage":13.0,"enemies":"Collector","floor":33.0,"turns":15.0},{"damage":0.0,"enemies":"Orb Walker","floor":35.0,"turns":6.0},{"damage":8.0,"enemies":"3 Shapes","floor":36.0,"turns":4.0},{"damage":32.0,"enemies":"2 Orb Walkers","floor":37.0,"turns":5.0},{"damage":2.0,"enemies":"Transient","floor":39.0,"turns":5.0},{"damage":0.0,"enemies":"Spire Growth","floor":41.0,"turns":7.0},{"damage":0.0,"enemies":"Mind Bloom Boss Battle","floor":42.0,"turns":7.0},{"damage":11.0,"enemies":"3 Darklings","floor":44.0,"turns":3.0},{"damage":0.0,"enemies":"Writhing Mass","floor":48.0,"turns":7.0},{"damage":5,"enemies":"Donu and Deca","floor":50,"turns":6}],"seed_played":"-7318931828747848801","potions_obtained":[{"floor":2.0,"key":"AttackPotion"},{"floor":6.0,"key":"Energy Potion"},{"floor":12.0,"key":"SpeedPotion"},{"floor":14.0,"key":"Energy Potion"},{"floor":19.0,"key":"LiquidBronze"},{"floor":24.0,"key":"Swift Potion"},{"floor":33.0,"key":"FocusPotion"},{"floor":37.0,"key":"SteroidPotion"},{"floor":39.0,"key":"Energy Potion"},{"floor":44.0,"key":"Ancient Potion"}],"is_trial":false,"path_per_floor":["M","M","M","$","?","E","R","M","T","M","$","M","R","M","R","B",null,"M","M","?","$","M","R","M","?","T","$","E","?","R","?","R","B",null,"M","M","?","$","M","R","M","?","T","M","$","T","?","M","R","B",null],"character_chosen":"DEFECT","items_purchased":["Capacitor","Machine Learning+1","Steam","Reinforced Body","Apotheosis","Loop+1"],"campfire_rested":5,"item_purchase_floors":[4,21,21,27,38,45],"current_hp_per_floor":[65,64,61,61,61,52,52,50,50,48,48,47,47,43,43,41,68,54,51,51,51,38,58,53,40,40,40,24,24,44,44,64,51,68,68,60,28,28,26,46,46,46,46,35,35,35,35,35,55,63],"gold":81,"neow_bonus":"THREE_RARE_CARDS","is_prod":false,"is_daily":false,"chose_seed":false,"campfire_upgraded":3,"win_rate":0,"timestamp":1542882704,"path_taken":["M","M","M","$","?","E","R","?","T","M","$","M","R","M","R","BOSS","M","M","?","$","M","R","M","?","T","$","E","?","R","?","R","BOSS","M","?","?","$","M","R","M","?","T","M","$","?","?","M","R","BOSS"],"build_version":"2018-11-15","purchased_purges":2,"victory":true,"max_hp_per_floor":[68,68,68,68,68,68,68,68,68,68,68,68,68,68,68,68,68,68,68,68,68,68,68,68,68,68,68,68,68,68,68,68,68,68,68,68,68,68,68,68,68,68,68,68,68,68,68,68,68,68],"card_choices":[{"not_picked":["Buffer","Machine Learning"],"picked":"Electrodynamics","floor":0.0},{"not_picked":["Redo","Gash","Cold Snap"],"picked":"SKIP","floor":1.0},{"not_picked":["Rebound","Hologram","Turbo"],"picked":"SKIP","floor":2.0},{"not_picked":["Gash","Lockon"],"picked":"Conserve Battery","floor":3.0},{"not_picked":["Steam","Tempest","Beam Cell"],"picked":"SKIP","floor":6.0},{"not_picked":["Streamline","Gash","Beam Cell"],"picked":"SKIP","floor":8.0},{"not_picked":["Turbo","Compile Driver"],"picked":"Heatsinks+1","floor":10.0},{"not_picked":["Capacitor+1","Ball Lightning"],"picked":"Echo Form+1","floor":12.0},{"not_picked":["Go for the Eyes","Coolheaded","Melter"],"picked":"SKIP","floor":14.0},{"not_picked":["Fission","Creative AI+1"],"picked":"Seek","floor":16.0},{"not_picked":["Steam Power","Sunder"],"picked":"Genetic Algorithm","floor":18.0},{"not_picked":["Recycle","Go for the Eyes"],"picked":"Loop+1","floor":19.0},{"not_picked":["Barrage+1","Go for the Eyes"],"picked":"Hologram","floor":22.0},{"not_picked":["Auto Shields","Double Energy","Fusion"],"picked":"SKIP","floor":24.0},{"not_picked":["Hologram","Reinforced Body+1","Beam Cell+1"],"picked":"SKIP","floor":28.0},{"not_picked":["Creative AI+1","All For One+1"],"picked":"Buffer+1","floor":33.0},{"not_picked":["Leap+1","Rebound+1"],"picked":"Force Field","floor":35.0},{"not_picked":["Undo+1","Barrage+1","Sunder+1"],"picked":"SKIP","floor":36.0},{"not_picked":["Rebound+1","Beam Cell+1"],"picked":"Capacitor+1","floor":37.0},{"not_picked":["Redo+1","Leap","Stack"],"picked":"SKIP","floor":39.0},{"not_picked":["Reprogram","Scrape+1"],"picked":"Defragment+1","floor":41.0},{"not_picked":["Tempest+1","Consume","Go for the Eyes+1"],"picked":"SKIP","floor":44.0},{"not_picked":["Cold Snap+1","Ball Lightning+1","Barrage+1"],"picked":"SKIP","floor":48.0},{"not_picked":["Chill","Barrage+1"],"picked":"Hologram+1","floor":49.0}],"player_experience":490467,"relics_obtained":[{"floor":6.0,"key":"Frozen Egg 2"},{"floor":9.0,"key":"Mummified Hand"},{"floor":26.0,"key":"Art of War"},{"floor":28.0,"key":"Molten Egg 2"},{"floor":37.0,"key":"Unceasing Top"},{"floor":42.0,"key":"Emotion Chip"},{"floor":43.0,"key":"Pantograph"},{"floor":46.0,"key":"Dream Catcher"}],"event_choices":[{"cards_removed":["Strike_B"],"damage_healed":0.0,"max_hp_gain":0.0,"max_hp_loss":0.0,"gold_gain":0.0,"event_name":"Purifier","player_choice":"Purged","floor":5.0,"gold_loss":0.0,"damage_taken":0.0},{"damage_healed":0.0,"max_hp_gain":0.0,"max_hp_loss":0.0,"gold_gain":0.0,"event_name":"The Library","player_choice":"Read","floor":20.0,"gold_loss":0.0,"damage_taken":0.0,"cards_obtained":["Leap"]},{"damage_healed":0.0,"max_hp_gain":0.0,"max_hp_loss":0.0,"gold_gain":0.0,"event_name":"Colosseum","player_choice":"Fight","floor":25.0,"gold_loss":0.0,"damage_taken":0.0},{"damage_healed":0.0,"max_hp_gain":0.0,"max_hp_loss":0.0,"gold_gain":0.0,"event_name":"Colosseum","player_choice":"Fled From Nobs","floor":25.0,"gold_loss":0.0,"damage_taken":0.0},{"damage_healed":0.0,"max_hp_gain":0.0,"max_hp_loss":0.0,"gold_gain":0.0,"event_name":"Forgotten Altar","player_choice":"Smashed Altar","floor":29.0,"gold_loss":0.0,"damage_taken":0.0,"cards_obtained":["Decay"]},{"damage_healed":0.0,"max_hp_gain":0.0,"max_hp_loss":0.0,"gold_gain":0.0,"event_name":"NoteForYourself","player_choice":"Ignored","floor":31.0,"gold_loss":0.0,"damage_taken":0.0},{"damage_healed":0.0,"max_hp_gain":0.0,"max_hp_loss":0.0,"gold_gain":0.0,"event_name":"Mysterious Sphere","player_choice":"Fight","floor":37.0,"gold_loss":0.0,"damage_taken":0.0},{"damage_healed":0.0,"max_hp_gain":0.0,"max_hp_loss":0.0,"gold_gain":0.0,"event_name":"MindBloom","player_choice":"Fight","floor":42.0,"gold_loss":0.0,"damage_taken":0.0},{"damage_healed":0.0,"max_hp_gain":0.0,"max_hp_loss":0.0,"gold_gain":0.0,"event_name":"SensoryStone","player_choice":"Memory 1","floor":47.0,"gold_loss":0.0,"damage_taken":0.0}],"is_beta":false,"boss_relics":[{"not_picked":["Eternal Feather","Ectoplasm"],"picked":"Fusion Hammer"},{"not_picked":["Velvet Choker","Calling Bell"],"picked":"Empty Cage"}],"items_purged_floors":[38,45],"is_endless":false,"potions_floor_spawned":[2,6,12,14,19,24,33,37,39,44],"ascension_level":0}