{"gold_per_floor":[210,228,156,168,73,105,121,121,171,183,105,161,161,161,161,266,266,249,213,227,49,59,59,90,90,172,172,172,172,172,28,28,133,133,146,157,157,157,167,167,167,180,207,207,13,0,14,30,30,30],"floor_reached":51,"playtime":1689,"items_purged":["Writhe"],"score":688,"play_id":"21a1ad87-e285-4a85-a18d-4e6bd73d4fac","local_time":"20180708050818","is_ascension_mode":false,"campfire_choices":[{"data":"Defragment","floor":8.0,"key":"SMITH"},{"data":"Zap","floor":13.0,"key":"SMITH"},{"data":"Dualcast","floor":15.0,"key":"SMITH"},{"data":"Loop","floor":23.0,"key":"SMITH"},{"data":"Thunder Strike","floor":25.0,"key":"SMITH"},{"floor":28.0,"key":"REST"},{"data":"Seek","floor":32.0,"key":"SMITH"},{"data":"Machine Learning","floor":40.0,"key":"SMITH"},{"floor":49.0,"key":"REST"}],"neow_cost":"NONE","seed_source_timestamp":44651224404224,"circlet_count":0,"master_deck":["Strike_B","Strike_B","Strike_B","Strike_B","Defend_B","Defend_B","Defend_B","Zap+1","Dualcast+1","Hologram","Static Discharge+1","Steam","Defragment+1","Ball Lightning","Conserve Battery","Sweeping Beam","Leap","Capacitor","Leap","Thunder Strike+1","Loop+1","Reinforced Body","Stack","Reinforced Body","Auto Shields","Seek+1","Machine Learning+1","Leap+1","Melter","Electrodynamics","Defragment","Conserve Battery","Hologram+1"],"special_seed":0,"relics":["Cracked Core","Pear","Bag of Marbles","Juzu Bracelet","Runic Pyramid","DataDisk","Letter Opener","Symbiotic Virus","Velvet Choker","Regal Pillow","Red Mask"],"potions_floor_usage":[50,50,50],"damage_taken":[{"damage":1.0,"enemies":"Jaw Worm","floor":1.0,"turns":3.0},{"damage":1.0,"enemies":"Cultist","floor":2.0,"turns":4.0},{"damage":2.0,"enemies":"2 Louse","floor":4.0,"turns":2.0},{"damage":16.0,"enemies":"3 Sentries","floor":6.0,"turns":6.0},{"damage":6.0,"enemies":"Blue Slaver","floor":7.0,"turns":4.0},{"damage":8.0,"enemies":"Lots of Slimes","floor":10.0,"turns":2.0},{"damage":6.0,"enemies":"3 Sentries","floor":12.0,"turns":6.0},{"damage":21.0,"enemies":"Slime Boss","floor":16.0,"turns":10.0},{"damage":0.0,"enemies":"2 Thieves","floor":18.0,"turns":4.0},{"damage":7.0,"enemies":"Shell Parasite","floor":20.0,"turns":5.0},{"damage":4.0,"enemies":"Cultist and Chosen","floor":22.0,"turns":4.0},{"damage":31.0,"enemies":"Gremlin Leader","floor":24.0,"turns":7.0},{"damage":35.0,"enemies":"Champ","floor":33.0,"turns":10.0},{"damage":4.0,"enemies":"Orb Walker","floor":35.0,"turns":4.0},{"damage":20.0,"enemies":"3 Shapes","floor":36.0,"turns":4.0},{"damage":18.0,"enemies":"Maw","floor":39.0,"turns":7.0},{"damage":13.0,"enemies":"3 Darklings","floor":42.0,"turns":6.0},{"damage":6.0,"enemies":"4 Shapes","floor":47.0,"turns":3.0},{"damage":11.0,"enemies":"Maw","floor":48.0,"turns":6.0},{"damage":73,"enemies":"Donu and Deca","floor":50,"turns":5}],"seed_played":"-8005642035286816230","potions_obtained":[{"floor":4.0,"key":"Block Potion"},{"floor":7.0,"key":"Ancient Potion"},{"floor":10.0,"key":"Block Potion"},{"floor":18.0,"key":"LiquidBronze"},{"floor":33.0,"key":"Swift Potion"},{"floor":35.0,"key":"PowerPotion"},{"floor":42.0,"key":"Dexterity Potion"},{"floor":47.0,"key":"Strength Potion"}],"is_trial":false,"path_per_floor":["M","M","$","M","$","E","M","R","T","M","$","?","R","?","R","B",null,"M","$","M","$","M","R","E","R","T","?","R","?","?","$","R","B",null,"M","M","$","?","M","R","?","M","T","?","$","?","M","M","R","B"],"character_chosen":"DEFECT","items_purchased":["Static Discharge","Defragment","Ball Lightning","Capacitor","Loop","DataDisk","Stack","Seek","Defragment","Conserve Battery"],"campfire_rested":2,"item_purchase_floors":[3,5,5,11,19,21,21,31,45,45],"current_hp_per_floor":[74,73,73,71,71,65,59,59,59,51,51,45,45,45,45,24,85,85,85,78,78,74,74,43,43,43,27,54,54,54,54,54,19,90,86,66,66,89,71,71,71,58,58,58,58,58,52,41,83,10],"gold":30,"neow_bonus":"HUNDRED_GOLD","is_prod":false,"is_daily":false,"chose_seed":false,"campfire_upgraded":7,"win_rate":0,"timestamp":1531015698,"path_taken":["M","M","$","M","$","E","M","R","T","M","$","?","R","?","R","BOSS","M","$","M","$","M","R","E","R","T","?","R","?","?","$","R","BOSS","M","M","$","?","M","R","?","M","T","?","$","?","M","M","R","BOSS"],"build_version":"2018-07-05","purchased_purges":1,"victory":true,"max_hp_per_floor":[75,75,75,75,75,85,85,85,85,85,85,85,85,85,85,85,85,85,85,85,85,85,85,85,85,85,90,90,90,90,90,90,90,90,90,90,90,90,90,90,90,90,90,90,90,90,90,90,90,90],"card_choices":[{"not_picked":["Gash","Capacitor"],"picked":"Hologram","floor":1.0},{"not_picked":["Consume","Undo","Compile Driver"],"picked":"SKIP","floor":2.0},{"not_picked":["Ball Lightning","Gash"],"picked":"Steam","floor":4.0},{"not_picked":["Ball Lightning","Stack"],"picked":"Conserve Battery","floor":6.0},{"not_picked":["Genetic Algorithm","All For One"],"picked":"Sweeping Beam","floor":7.0},{"not_picked":["Consume","Sunder"],"picked":"Leap","floor":10.0},{"not_picked":["Stack","Reprogram"],"picked":"Leap","floor":12.0},{"not_picked":["Reboot","Seek"],"picked":"Thunder Strike","floor":16.0},{"not_picked":["Cold Snap","Gash","Sweeping Beam+1"],"picked":"SKIP","floor":18.0},{"not_picked":["Steam","Compile Driver"],"picked":"Reinforced Body","floor":20.0},{"not_picked":["Darkness","Compile Driver"],"picked":"Reinforced Body","floor":22.0},{"not_picked":["Hologram","Gash"],"picked":"Auto Shields","floor":24.0},{"not_picked":["Multi-Cast","Meteor Strike"],"picked":"Machine Learning","floor":33.0},{"not_picked":["Compile Driver+1","Cold Snap+1"],"picked":"Leap+1","floor":35.0},{"not_picked":["Cold Snap","Turbo+1"],"picked":"Melter","floor":36.0},{"not_picked":["Steam Power","Ball Lightning+1","Go for the Eyes"],"picked":"SKIP","floor":39.0},{"not_picked":["Leap+1","Stack+1"],"picked":"Electrodynamics","floor":42.0},{"not_picked":["Cold Snap+1","Turbo","Beam Cell+1"],"picked":"SKIP","floor":47.0},{"not_picked":["Chill+1","Doom and Gloom"],"picked":"Hologram+1","floor":48.0}],"player_experience":187021,"relics_obtained":[{"floor":6.0,"key":"Pear"},{"floor":9.0,"key":"Bag of Marbles"},{"floor":12.0,"key":"Juzu Bracelet"},{"floor":24.0,"key":"Letter Opener"},{"floor":26.0,"key":"Symbiotic Virus"},{"floor":43.0,"key":"Regal Pillow"}],"event_choices":[{"event_name":"Dead Adventurer","player_choice":"Searched \u00273\u0027 times","floor":12.0,"damage_taken":0.0},{"event_name":"Living Wall","player_choice":"Grow","floor":14.0,"damage_taken":0.0},{"event_name":"Forgotten Altar","player_choice":"Shed Blood","floor":27.0,"damage_taken":0.0},{"event_name":"Cursed Tome","player_choice":"Ignored","floor":29.0,"damage_taken":0.0},{"event_name":"Drug Dealer","player_choice":"Ignored","floor":30.0,"damage_taken":0.0},{"event_name":"Winding Halls","player_choice":"Writhe","floor":38.0,"damage_taken":0.0},{"event_name":"Falling","player_choice":"Removed Skill","floor":41.0,"damage_taken":0.0},{"event_name":"Mysterious Sphere","player_choice":"Ignore","floor":44.0,"damage_taken":0.0},{"event_name":"Tomb of Lord Red Mask","player_choice":"Paid","floor":46.0,"damage_taken":0.0}],"boss_relics":[{"not_picked":["Philosopher\u0027s Stone","White Beast Statue"],"picked":"Runic Pyramid"},{"not_picked":["Astrolabe","Eternal Feather"],"picked":"Velvet Choker"}],"items_purged_floors":[45],"is_endless":false,"potions_floor_spawned":[4,7,10,18,33,35,42,47],"ascension_level":0}