{"gold_per_floor":[115,115,130,147,166,193,193,205,253,314,314,314,176,188,188,291,291,301,56,56,6,17,47,47,62,89,0,31,49,80,5,5,106,106,120,131,131,3,352,352,371,385,411,424,439,288,288,307,307,307],"floor_reached":51,"playtime":33260,"items_purged":["Strike_B","Strike_B","Strike_B","Defend_B","Shame"],"score":840,"play_id":"d4002885-3156-4786-babf-3c2ab6c4eba3","local_time":"20190717111257","is_ascension_mode":true,"campfire_choices":[{"floor":7.0,"key":"REST"},{"floor":12.0,"key":"REST"},{"floor":15.0,"key":"REST"},{"data":"Chill","floor":24.0,"key":"SMITH"},{"floor":32.0,"key":"REST"},{"data":"Creative AI","floor":47,"key":"SMITH"},{"data":"Heatsinks","floor":49,"key":"SMITH"}],"neow_cost":"TEN_PERCENT_HP_LOSS","seed_source_timestamp":0,"circlet_count":0,"master_deck":["Strike_B","Defend_B","Defend_B","Zap","Dualcast","Chill+1","Creative AI+1","Chill","Fusion","Recycle","Storm","Turbo","Heatsinks+1","Bandage Up+1","Coolheaded+1","Biased Cognition","Apotheosis+1","Zap+1","Amplify+1","Steam Power+1","Double Energy+1","Machine Learning+1","Madness+1","Self Repair+1","Loop+1","Fission+1"],"special_seed":0,"relics":["Cracked Core","Dead Branch","Smiling Mask","Potion Belt","Gremlin Horn","Toxic Egg 2","White Beast Statue","PreservedInsect","Dream Catcher","StoneCalendar","Frozen Egg 2","Cursed Key","Old Coin","DataDisk"],"potions_floor_usage":[45,45,48,48,50,50,50,50,50,50,50,50,50,50],"damage_taken":[{"damage":0.0,"enemies":"Cultist","floor":1.0,"turns":3.0},{"damage":7.0,"enemies":"Jaw Worm","floor":3.0,"turns":3.0},{"damage":2.0,"enemies":"2 Louse","floor":4.0,"turns":2.0},{"damage":28.0,"enemies":"Large Slime","floor":5.0,"turns":7.0},{"damage":0.0,"enemies":"Lagavulin","floor":6.0,"turns":8.0},{"damage":0.0,"enemies":"Exordium Wildlife","floor":8.0,"turns":1.0},{"damage":32.0,"enemies":"Lagavulin Event","floor":10.0,"turns":5.0},{"damage":8.0,"enemies":"Red Slaver","floor":14.0,"turns":4.0},{"damage":31.0,"enemies":"Hexaghost","floor":16.0,"turns":11.0},{"damage":7.0,"enemies":"Chosen","floor":18.0,"turns":4.0},{"damage":8.0,"enemies":"Shell Parasite","floor":22.0,"turns":5.0},{"damage":13.0,"enemies":"Gremlin Leader","floor":23.0,"turns":4.0},{"damage":0.0,"enemies":"Centurion and Healer","floor":25.0,"turns":6.0},{"damage":14.0,"enemies":"Book of Stabbing","floor":28.0,"turns":3.0},{"damage":11.0,"enemies":"Snake Plant","floor":29.0,"turns":3.0},{"damage":10.0,"enemies":"Gremlin Leader","floor":30.0,"turns":3.0},{"damage":23.0,"enemies":"Champ","floor":33.0,"turns":6.0},{"damage":0.0,"enemies":"3 Darklings","floor":35.0,"turns":3.0},{"damage":0.0,"enemies":"3 Shapes","floor":36.0,"turns":3.0},{"damage":37.0,"enemies":"2 Orb Walkers","floor":39.0,"turns":4.0},{"damage":0.0,"enemies":"Maw","floor":41.0,"turns":5.0},{"damage":14.0,"enemies":"Writhing Mass","floor":42.0,"turns":3.0},{"damage":1.0,"enemies":"Sphere and 2 Shapes","floor":44.0,"turns":3.0},{"damage":0,"enemies":"Maw","floor":45,"turns":3},{"damage":0,"enemies":"Transient","floor":48,"turns":5},{"damage":39,"enemies":"Time Eater","floor":50,"turns":7}],"seed_played":"1725244216828514117","potions_obtained":[{"floor":1.0,"key":"Poison Potion"},{"floor":3.0,"key":"FocusPotion"},{"floor":14.0,"key":"FocusPotion"},{"floor":18.0,"key":"Explosive Potion"},{"floor":22.0,"key":"SpeedPotion"},{"floor":23.0,"key":"Dexterity Potion"},{"floor":25.0,"key":"Dexterity Potion"},{"floor":28.0,"key":"Swift Potion"},{"floor":29.0,"key":"EssenceOfSteel"},{"floor":30.0,"key":"Strength Potion"},{"floor":33.0,"key":"EntropicBrew"},{"floor":35.0,"key":"SpeedPotion"},{"floor":39.0,"key":"EntropicBrew"},{"floor":41.0,"key":"SpeedPotion"},{"floor":42.0,"key":"SkillPotion"},{"floor":44,"key":"AttackPotion"},{"floor":45,"key":"GamblersBrew"},{"floor":48,"key":"PowerPotion"}],"is_trial":false,"path_per_floor":["M","?","M","M","M","E","R","M","T","?","T","R","$","M","R","B",null,"M","$","?","$","M","E","R","M","T","?","E","M","E","?","R","B",null,"M","M","?","$","?","?","M","M","T","M","M","$","R","M","R","B",null],"character_chosen":"DEFECT","items_purchased":["Bandage Up+1","Apotheosis+1","Self Repair+1","Dexterity Potion","Swift Potion"],"campfire_rested":4,"item_purchase_floors":[13,19,38,46,46],"current_hp_per_floor":[68,68,61,59,31,31,51,51,51,19,19,39,39,37,57,32,68,67,67,67,67,59,52,52,58,58,58,50,45,41,41,61,44,68,68,68,68,68,47,47,63,65,65,68,68,68,68,68,68,45],"gold":307,"neow_bonus":"ONE_RARE_RELIC","is_prod":false,"is_daily":false,"chose_seed":false,"campfire_upgraded":3,"win_rate":0,"timestamp":1563379977,"path_taken":["M","?","?","M","?","E","R","M","T","?","?","R","?","M","R","BOSS","M","$","?","$","M","E","R","?","T","?","E","M","E","?","R","BOSS","M","M","?","$","?","?","M","M","T","M","M","$","R","M","R","BOSS"],"build_version":"2019-07-05","purchased_purges":5,"victory":true,"max_hp_per_floor":[68,68,68,68,68,68,68,68,68,68,68,68,68,68,68,68,68,68,68,68,68,68,68,68,68,68,68,68,68,68,68,68,68,68,68,68,68,68,68,68,68,68,68,68,68,68,68,68,68,68],"card_choices":[{"not_picked":["Hologram","Compile Driver"],"picked":"Chill","floor":1.0},{"not_picked":["Reinforced Body","Tempest"],"picked":"Chill","floor":3.0},{"not_picked":["Steam","Hello World"],"picked":"Fusion","floor":4.0},{"not_picked":["Stack","Leap"],"picked":"Recycle","floor":5.0},{"not_picked":["Beam Cell","Auto Shields"],"picked":"Storm","floor":6.0},{"not_picked":["Go for the Eyes","Steam"],"picked":"Turbo","floor":8.0},{"not_picked":["Melter","Compile Driver"],"picked":"Heatsinks","floor":10.0},{"not_picked":["Streamline","Gash"],"picked":"Coolheaded+1","floor":14.0},{"not_picked":["Multi-Cast+1","Thunder Strike"],"picked":"Biased Cognition","floor":16.0},{"not_picked":["Rebound+1","Cold Snap","Turbo+1"],"picked":"SKIP","floor":18.0},{"not_picked":["Cold Snap","Heatsinks","Gash"],"picked":"SKIP","floor":22.0},{"not_picked":["Genetic Algorithm+1","Sweeping Beam+1"],"picked":"Amplify+1","floor":23.0},{"not_picked":["Recycle+1","Turbo+1","Go for the Eyes"],"picked":"SKIP","floor":25.0},{"not_picked":["Hyperbeam","Recycle+1"],"picked":"Steam Power+1","floor":28.0},{"not_picked":["Gash+1","Rip and Tear","Barrage"],"picked":"SKIP","floor":29.0},{"not_picked":["Streamline+1","Ball Lightning","Redo+1"],"picked":"SKIP","floor":30.0},{"not_picked":["Static Discharge+1","Conserve Battery+1"],"picked":"Double Energy+1","floor":32.0},{"not_picked":["Creative AI+1","Multi-Cast+1"],"picked":"Machine Learning+1","floor":33.0},{"not_picked":["Turbo+1","Streamline+1","Redo+1"],"picked":"SKIP","floor":35.0},{"not_picked":["Compile Driver+1","Steam+1","Turbo+1"],"picked":"SKIP","floor":36.0},{"not_picked":["Secret Weapon+1","Secret Technique+1"],"picked":"Madness+1","floor":37.0},{"not_picked":["Sweeping Beam+1","Chaos+1"],"picked":"Loop+1","floor":41.0},{"not_picked":["Hologram+1","Rebound","Coolheaded+1"],"picked":"SKIP","floor":42.0},{"not_picked":["Barrage+1","Rip and Tear+1","Go for the Eyes"],"picked":"SKIP","floor":44},{"not_picked":["Rebound+1","Melter"],"picked":"Fission+1","floor":45},{"not_picked":["Redo+1","Auto Shields+1","Leap+1"],"picked":"SKIP","floor":48}],"player_experience":378513,"relics_obtained":[{"floor":6.0,"key":"Smiling Mask"},{"floor":9.0,"key":"Potion Belt"},{"floor":10.0,"key":"Gremlin Horn"},{"floor":11.0,"key":"Toxic Egg 2"},{"floor":23.0,"key":"PreservedInsect"},{"floor":26.0,"key":"Dream Catcher"},{"floor":28.0,"key":"StoneCalendar"},{"floor":30.0,"key":"Frozen Egg 2"},{"floor":39.0,"key":"Old Coin"},{"floor":43.0,"key":"DataDisk"}],"event_choices":[{"damage_healed":0.0,"max_hp_gain":0.0,"max_hp_loss":0.0,"gold_gain":0.0,"event_name":"Match and Keep!","player_choice":"2 cards matched","floor":2.0,"gold_loss":0.0,"damage_taken":0.0,"cards_obtained":["Creative AI","Zap"]},{"damage_healed":0.0,"max_hp_gain":0.0,"max_hp_loss":0.0,"gold_gain":0.0,"event_name":"Dead Adventurer","player_choice":"Searched \u00272\u0027 times","floor":10.0,"gold_loss":0.0,"damage_taken":0.0},{"damage_healed":0.0,"max_hp_gain":0.0,"max_hp_loss":0.0,"gold_gain":0.0,"event_name":"Match and Keep!","player_choice":"1 cards matched","floor":20.0,"gold_loss":0.0,"damage_taken":0.0,"cards_obtained":["Zap"]},{"damage_healed":0.0,"max_hp_gain":0.0,"max_hp_loss":0.0,"gold_gain":0.0,"event_name":"Masked Bandits","player_choice":"Paid Fearfully","floor":27.0,"gold_loss":89.0,"damage_taken":0.0},{"cards_removed":["Defend_B"],"damage_healed":0.0,"max_hp_gain":0.0,"max_hp_loss":0.0,"gold_gain":0.0,"event_name":"Beggar","player_choice":"Gave Gold","floor":31.0,"gold_loss":75.0,"damage_taken":0.0},{"damage_healed":0.0,"max_hp_gain":0.0,"max_hp_loss":0.0,"gold_gain":0.0,"event_name":"SensoryStone","player_choice":"Memory 1","floor":37.0,"gold_loss":0.0,"damage_taken":0.0},{"damage_healed":0.0,"max_hp_gain":0.0,"max_hp_loss":0.0,"gold_gain":0.0,"event_name":"Mysterious Sphere","player_choice":"Fight","floor":39.0,"gold_loss":0.0,"damage_taken":0.0},{"cards_removed":["Zap"],"damage_healed":0.0,"max_hp_gain":0.0,"max_hp_loss":0.0,"gold_gain":0.0,"event_name":"Bonfire Elementals","player_choice":"Offered Basic","floor":40.0,"gold_loss":0.0,"damage_taken":0.0}],"is_beta":false,"boss_relics":[{"not_picked":["Black Star","Coffee Dripper"],"picked":"White Beast Statue"},{"not_picked":["Runic Dome","Snecko Eye"],"picked":"Cursed Key"}],"items_purged_floors":[13,19,21,38,46],"is_endless":false,"potions_floor_spawned":[1,3,14,18,22,23,25,28,29,30,33,35,36,39,41,42,44,45,48],"ascension_level":3}