{"gold_per_floor":[218,235,248,260,108,108,141,141,141,141,159,180,180,105,105,231,231,250,349,94,118,118,132,150,150,150,162,96,114,114,127,127,252,252,277,277,297,313,326,326,351,367,416,749,497,497,509,229,229,229],"floor_reached":51,"playtime":1907,"items_purged":["Strike_R","Doubt","Strike_R"],"score":803,"play_id":"902056a4-37c5-4bcd-83de-2008af4b9ae9","local_time":"20190621131908","is_ascension_mode":false,"campfire_choices":[{"data":"Battle Trance","floor":6.0,"key":"SMITH"},{"data":"Body Slam","floor":15.0,"key":"SMITH"},{"data":"Flame Barrier","floor":25.0,"key":"SMITH"},{"data":"Entrench","floor":30.0,"key":"SMITH"},{"data":"Shrug It Off","floor":32.0,"key":"SMITH"},{"data":"Blind","floor":40.0,"key":"SMITH"},{"floor":49,"key":"REST"}],"neow_cost":"NONE","seed_source_timestamp":655110856947600,"circlet_count":0,"master_deck":["Strike_R","Strike_R","Defend_R","Defend_R","Defend_R","Defend_R","Bash","Cleave","Battle Trance+1","Body Slam+1","Shrug It Off+1","Flame Barrier+1","Entrench+1","Blind+1","Shrug It Off+1","Headbutt"],"special_seed":0,"relics":["Burning Blood","Omamori","Centennial Puzzle","Sundial","FaceOfCleric","Philosopher\u0027s Stone","Gremlin Horn","Mango","MawBank","Cursed Key","Regal Pillow","Bag of Preparation","Strawberry"],"potions_floor_usage":[50,50,50],"damage_taken":[{"damage":8.0,"enemies":"2 Louse","floor":1.0,"turns":2.0},{"damage":2.0,"enemies":"Small Slimes","floor":2.0,"turns":3.0},{"damage":6.0,"enemies":"Cultist","floor":3.0,"turns":3.0},{"damage":23.0,"enemies":"Red Slaver","floor":4.0,"turns":5.0},{"damage":49.0,"enemies":"Lagavulin","floor":7.0,"turns":7.0},{"damage":0.0,"enemies":"3 Louse","floor":11.0,"turns":4.0},{"damage":2.0,"enemies":"Blue Slaver","floor":12.0,"turns":4.0},{"damage":30.0,"enemies":"The Guardian","floor":16.0,"turns":12.0},{"damage":9.0,"enemies":"Shell Parasite","floor":18.0,"turns":5.0},{"damage":8.0,"enemies":"3 Byrds","floor":21.0,"turns":4.0},{"damage":4.0,"enemies":"3 Cultists","floor":23.0,"turns":5.0},{"damage":12.0,"enemies":"Centurion and Healer","floor":24.0,"turns":8.0},{"damage":11.0,"enemies":"Shelled Parasite and Fungi","floor":29.0,"turns":7.0},{"damage":1.0,"enemies":"Snake Plant","floor":31.0,"turns":4.0},{"damage":68.0,"enemies":"Automaton","floor":33.0,"turns":14.0},{"damage":11.0,"enemies":"Orb Walker","floor":35.0,"turns":2.0},{"damage":3.0,"enemies":"3 Shapes","floor":37.0,"turns":4.0},{"damage":33.0,"enemies":"Spire Growth","floor":38.0,"turns":4.0},{"damage":6.0,"enemies":"3 Darklings","floor":39.0,"turns":4.0},{"damage":33.0,"enemies":"Writhing Mass","floor":41.0,"turns":8.0},{"damage":0.0,"enemies":"4 Shapes","floor":42.0,"turns":7.0},{"damage":7,"enemies":"Spire Growth","floor":47,"turns":4},{"damage":68,"enemies":"Awakened One","floor":50,"turns":16}],"seed_played":"-2237876303930955441","potions_obtained":[{"floor":2.0,"key":"Explosive Potion"},{"floor":3.0,"key":"LiquidBronze"},{"floor":4.0,"key":"BloodPotion"},{"floor":12.0,"key":"Dexterity Potion"},{"floor":21.0,"key":"PowerPotion"},{"floor":23.0,"key":"Regen Potion"},{"floor":31.0,"key":"Swift Potion"},{"floor":38.0,"key":"Poison Potion"},{"floor":41.0,"key":"SteroidPotion"},{"floor":42.0,"key":"Strength Potion"}],"is_trial":false,"path_per_floor":["M","M","M","M","$","R","E","?","T","?","M","M","$","$","R","B",null,"M","?","$","M","?","M","M","R","T","?","$","M","R","M","R","B",null,"M","?","M","M","M","R","M","M","T","?","$","?","M","$","R","B",null],"character_chosen":"IRONCLAD","items_purchased":["Omamori","Gremlin Horn","Entrench","Bag of Preparation","Strawberry"],"campfire_rested":1,"item_purchase_floors":[5,20,28,45,48],"current_hp_per_floor":[78,80,80,63,63,63,28,28,28,28,35,40,40,40,40,17,83,81,81,81,80,94,97,92,92,92,92,92,88,88,94,94,33,104,100,90,94,68,69,69,43,50,50,50,50,50,50,57,107,61],"gold":229,"neow_bonus":"HUNDRED_GOLD","is_prod":false,"is_daily":false,"chose_seed":false,"campfire_upgraded":6,"win_rate":0,"timestamp":1561112348,"path_taken":["M","M","M","M","$","R","E","?","T","?","?","M","?","$","R","BOSS","M","?","$","M","?","M","M","R","T","?","$","M","R","M","R","BOSS","M","?","M","M","M","R","M","M","T","?","$","?","M","$","R","BOSS"],"build_version":"2019-01-23","purchased_purges":3,"victory":true,"max_hp_per_floor":[80,80,80,80,80,80,80,80,80,80,81,82,82,82,82,83,83,84,84,84,85,99,100,101,101,101,101,101,102,102,103,103,104,104,105,105,106,107,108,108,109,110,110,110,110,110,111,118,118,119],"card_choices":[{"not_picked":["Thunderclap","Combust","Perfected Strike"],"picked":"SKIP","floor":1.0},{"not_picked":["Rampage","Uppercut"],"picked":"Cleave","floor":2.0},{"not_picked":["Shrug It Off","Sword Boomerang"],"picked":"Battle Trance","floor":3.0},{"not_picked":["Flex","Wild Strike","Anger"],"picked":"SKIP","floor":4.0},{"not_picked":["Flame Barrier","Flex","Clash"],"picked":"SKIP","floor":7.0},{"not_picked":["True Grit","Flex"],"picked":"Body Slam","floor":11.0},{"not_picked":["Spot Weakness","Havoc"],"picked":"Shrug It Off","floor":12.0},{"not_picked":["Heavy Blade","Sword Boomerang+1","Searing Blow"],"picked":"SKIP","floor":18.0},{"not_picked":["Armaments","Sever Soul"],"picked":"Flame Barrier","floor":21.0},{"not_picked":["Fire Breathing","Twin Strike","Anger"],"picked":"SKIP","floor":23.0},{"not_picked":["Pommel Strike+1","Exhume","Blood for Blood"],"picked":"SKIP","floor":24.0},{"not_picked":["Perfected Strike","Flex","Hemokinesis"],"picked":"SKIP","floor":29.0},{"not_picked":["Blood for Blood","Dropkick","Inflame"],"picked":"SKIP","floor":31.0},{"not_picked":["Armaments+1","Sentinel","Bloodletting"],"picked":"SKIP","floor":35.0},{"not_picked":["Chrysalis","Sadistic Nature"],"picked":"Blind","floor":36.0},{"not_picked":["Headbutt","Rampage","Flex"],"picked":"SKIP","floor":37.0},{"not_picked":["Pommel Strike","Warcry+1","Shockwave+1"],"picked":"SKIP","floor":38.0},{"not_picked":["Flex+1","Armaments","Pommel Strike+1"],"picked":"SKIP","floor":39.0},{"not_picked":["Heavy Blade","Bludgeon"],"picked":"Shrug It Off+1","floor":41.0},{"not_picked":["Twin Strike","Anger+1"],"picked":"Headbutt","floor":42.0},{"not_picked":["Thunderclap+1","Searing Blow","Warcry+1"],"picked":"SKIP","floor":47}],"player_experience":638309,"relics_obtained":[{"floor":7.0,"key":"Centennial Puzzle"},{"floor":9.0,"key":"Sundial"},{"floor":26.0,"key":"MawBank"},{"floor":43.0,"key":"Regal Pillow"}],"event_choices":[{"damage_healed":0.0,"max_hp_gain":0.0,"max_hp_loss":0.0,"gold_gain":0.0,"event_name":"Golden Idol","player_choice":"Take Wound","floor":8.0,"gold_loss":0.0,"damage_taken":0.0,"relics_obtained":["Golden Idol"],"cards_obtained":["Injury"]},{"damage_healed":0.0,"max_hp_gain":0.0,"max_hp_loss":0.0,"gold_gain":0.0,"event_name":"FaceTrader","player_choice":"Trade","floor":10.0,"gold_loss":0.0,"damage_taken":0.0,"relics_obtained":["FaceOfCleric"]},{"damage_healed":0.0,"max_hp_gain":0.0,"max_hp_loss":0.0,"gold_gain":99.0,"event_name":"Nest","player_choice":"Stole From Cult","floor":19.0,"gold_loss":0.0,"damage_taken":0.0},{"damage_healed":0.0,"max_hp_gain":0.0,"max_hp_loss":0.0,"gold_gain":0.0,"event_name":"The Mausoleum","player_choice":"Opened","floor":22.0,"gold_loss":0.0,"damage_taken":0.0,"relics_obtained":["Mango"],"cards_obtained":["Writhe"]},{"damage_healed":0.0,"max_hp_gain":0.0,"max_hp_loss":0.0,"gold_gain":0.0,"event_name":"Ghosts","player_choice":"Ignored","floor":27.0,"gold_loss":0.0,"damage_taken":0.0},{"damage_healed":0.0,"max_hp_gain":0.0,"max_hp_loss":0.0,"gold_gain":0.0,"event_name":"SensoryStone","player_choice":"Memory 3","floor":36.0,"gold_loss":0.0,"damage_taken":10.0},{"damage_healed":0.0,"max_hp_gain":0.0,"max_hp_loss":0.0,"gold_gain":333.0,"event_name":"The Moai Head","player_choice":"Gave Idol","floor":44.0,"relics_lost":["Golden Idol"],"gold_loss":0.0,"damage_taken":0.0},{"cards_removed":["Strike_R"],"damage_healed":0,"gold_gain":0,"player_choice":"Removed Attack","damage_taken":0,"max_hp_gain":0,"max_hp_loss":0,"event_name":"Falling","floor":46,"gold_loss":0}],"is_beta":false,"boss_relics":[{"not_picked":["Ectoplasm","Runic Cube"],"picked":"Philosopher\u0027s Stone"},{"not_picked":["Black Star","Orrery"],"picked":"Cursed Key"}],"items_purged_floors":[14,45,48],"is_endless":false,"potions_floor_spawned":[2,3,4,12,21,23,24,31,38,41,42],"ascension_level":0}