{"path_per_floor":["M","$","M","M","M","R","E","$","T","R","$","E","?","M","R","B",null,"M","?","M","$","M","R","?","M","T","R","$","R","M","M","R"],"character_chosen":"THE_SILENT","items_purchased":["Catalyst","Poisoned Stab","Blur","Jack Of All Trades","Skewer","Bronze Scales"],"gold_per_floor":[115,6,16,33,50,50,382,42,42,42,4,34,134,148,148,243,273,290,290,309,38,52,52,52,71,71,71,71,71,83,95,95],"floor_reached":33,"campfire_rested":3,"playtime":3868,"current_hp_per_floor":[70,70,68,67,65,65,26,26,26,47,47,37,37,29,29,29,75,58,44,50,50,35,35,35,31,31,31,31,53,16,4,26],"items_purged":["Defend_G","Strike_G","Catalyst"],"gold":95,"play_id":"5795be7a-89c7-4786-8c59-db195163772e","is_prod":false,"is_daily":false,"campfire_rituals":0,"campfire_upgraded":1,"is_hardmode":false,"path_taken":["M","?","M","M","M","R","E","$","T","R","$","E","?","M","R","BOSS","M","?","M","$","M","R","?","M","T","R","$","R","M","M","R","BOSS"],"build_version":"2018-01-18-PROD4","purchased_purges":3,"victory":false,"master_deck":["Defend_G","Defend_G","Defend_G","Defend_G","Strike_G","Strike_G","Strike_G","Strike_G","Survivor","Neutralize","Catalyst","Dagger Spray","Calculated Gamble","Dagger Spray","Poisoned Stab","Blur","Jack Of All Trades","Skewer","Footwork","Dash","Tools of the Trade","Blur","Mind Blast","Caltrops","Bouncing Flask"],"max_hp_per_floor":[70,70,70,70,70,70,70,70,70,70,70,70,70,70,70,70,75,75,75,75,75,75,75,75,75,75,75,75,75,75,75,75],"relics":["Ring of the Snake","War Paint","Old Coin","Shovel","Toolbox","Blood Vial","Tiny House","Bronze Scales","Art of War","Gambling Chip","Pen Nib"],"campfire_meditates":0,"card_choices":[{"not_picked":["Underhanded Strike","Deflect"],"picked":"Catalyst"},{"not_picked":["Distraction","Calculated Gamble"],"picked":"Dagger Spray"},{"not_picked":["Backstab","Accuracy"],"picked":"Calculated Gamble"},{"not_picked":["Deflect","Cloak And Dagger"],"picked":"Dagger Spray"},{"not_picked":["Outmaneuver","Sucker Punch"],"picked":"Footwork"},{"not_picked":["Underhanded Strike","Cloak And Dagger"],"picked":"Dash"},{"not_picked":["Unload","Doppelganger"],"picked":"Tools of the Trade"},{"not_picked":["Dagger Throw","Prepared"],"picked":"Blur"},{"not_picked":["Slice","Skewer"],"picked":"Caltrops"},{"not_picked":["Outmaneuver","Bullet Time"],"picked":"Bouncing Flask"}],"player_experience":122925,"potions_floor_usage":[16,18,18,25,25,33],"damage_taken":[{"damage":0,"enemies":"Blue Slaver","floor":1,"turns":5},{"damage":2,"enemies":"Small Slimes","floor":3,"turns":7},{"damage":1,"enemies":"2 Louse","floor":4,"turns":3},{"damage":2,"enemies":"2 Fungi Beasts","floor":5,"turns":3},{"damage":39,"enemies":"3 Sentries","floor":7,"turns":8},{"damage":10,"enemies":"Lagavulin","floor":12,"turns":8},{"damage":8,"enemies":"Lots of Slimes","floor":14,"turns":3},{"damage":2,"enemies":"The Guardian","floor":16,"turns":12},{"damage":17,"enemies":"Spheric Guardian","floor":18,"turns":6},{"damage":0,"enemies":"Chosen","floor":20,"turns":6},{"damage":17,"enemies":"Snecko","floor":22,"turns":6},{"damage":6,"enemies":"Sentry and Sphere","floor":25,"turns":7},{"damage":39,"enemies":"Slaver and Parasite","floor":30,"turns":7},{"damage":14,"enemies":"3 Cultists","floor":31,"turns":6},{"damage":46,"enemies":"Champ","floor":33,"turns":12}],"event_choices":[{"event_name":"Golden Shrine","player_choice":"Pray","floor":13,"damage_taken":0},{"event_name":"Knowing Skull","player_choice":"CARD ","floor":19,"damage_taken":0},{"event_name":"Back to Basics","player_choice":"Simplicity","floor":24,"damage_taken":0}],"boss_relics":[{"not_picked":["Snecko Eye","Runic Dome"],"picked":"Tiny House"}],"potions_floor_spawned":[7,14,16,22,31],"seed_played":"-7780660357768896619","killed_by":"Champ","is_trial":false}