{"gold_per_floor":[362,379,395,5,24,24,52,52,76,76,87,87,0,75,75,75],"floor_reached":16,"playtime":264,"items_purged":[],"score":100,"play_id":"8512f0fb-7e09-4735-bdde-3a4726965ed2","local_time":"20190729175724","is_ascension_mode":false,"campfire_choices":[{"data":"Shrug It Off","floor":6.0,"key":"SMITH"},{"data":"Inflame","floor":10.0,"key":"SMITH"},{"data":"Body Slam","floor":12.0,"key":"SMITH"},{"data":"Blind","floor":15.0,"key":"SMITH"}],"neow_cost":"TEN_PERCENT_HP_LOSS","seed_source_timestamp":34063712728400,"circlet_count":0,"master_deck":["Strike_R","Strike_R","Strike_R","Strike_R","Strike_R","Defend_R","Defend_R","Defend_R","Defend_R","Bash","Shrug It Off+1","Inflame+1","Body Slam+1","Blind+1"],"special_seed":0,"relics":["Burning Blood","Omamori","Letter Opener","Potion Belt","Strawberry"],"potions_floor_usage":[],"damage_taken":[{"damage":6.0,"enemies":"Cultist","floor":1.0,"turns":3.0},{"damage":1.0,"enemies":"Jaw Worm","floor":2.0,"turns":3.0},{"damage":0.0,"enemies":"Small Slimes","floor":3.0,"turns":4.0},{"damage":7.0,"enemies":"Exordium Wildlife","floor":5.0,"turns":5.0},{"damage":27.0,"enemies":"Gremlin Nob","floor":7.0,"turns":4.0},{"damage":9.0,"enemies":"Red Slaver","floor":11.0,"turns":4.0},{"damage":30,"enemies":"Slime Boss","floor":16,"turns":6}],"seed_played":"-8736969822413272813","potions_obtained":[{"floor":1.0,"key":"FearPotion"},{"floor":7.0,"key":"BloodPotion"}],"is_trial":false,"path_per_floor":["M","M","M","$","M","R","E","$","T","R","M","R","$","?","R","B"],"character_chosen":"IRONCLAD","items_purchased":["Omamori","Letter Opener","Blind"],"campfire_rested":0,"item_purchase_floors":[4,4,13],"current_hp_per_floor":[72,72,72,72,71,71,50,50,57,57,54,54,54,43,43,13],"gold":75,"neow_bonus":"TWO_FIFTY_GOLD","is_prod":false,"is_daily":false,"chose_seed":false,"campfire_upgraded":4,"win_rate":0,"timestamp":1564412244,"path_taken":["M","M","?","$","M","R","E","$","T","R","M","R","$","?","R","BOSS"],"build_version":"2019-07-17","purchased_purges":0,"victory":false,"max_hp_per_floor":[72,72,72,72,72,72,72,72,79,79,79,79,79,79,79,79],"card_choices":[{"not_picked":["Metallicize","Havoc","Flex"],"picked":"SKIP","floor":1.0},{"not_picked":["Hemokinesis","Flex","Warcry"],"picked":"SKIP","floor":2.0},{"not_picked":["Searing Blow","Anger"],"picked":"Shrug It Off","floor":3.0},{"not_picked":["Heavy Blade","Clash"],"picked":"Inflame","floor":5.0},{"not_picked":["Reaper","Fire Breathing","Havoc"],"picked":"SKIP","floor":7.0},{"not_picked":["Headbutt","Sword Boomerang"],"picked":"Body Slam","floor":11.0}],"player_experience":795616,"relics_obtained":[{"floor":7.0,"key":"Potion Belt"},{"floor":9.0,"key":"Strawberry"}],"event_choices":[{"damage_healed":0.0,"max_hp_gain":0.0,"max_hp_loss":0.0,"gold_gain":75.0,"event_name":"World of Goop","player_choice":"Gather Gold","floor":14.0,"gold_loss":0.0,"damage_taken":11.0}],"is_beta":false,"boss_relics":[],"items_purged_floors":[],"is_endless":false,"potions_floor_spawned":[1,7],"killed_by":"Slime Boss","ascension_level":0}