{"gold_per_floor":[112,130,145,155,155,180,196,196,196,212,1,27,27,37,37,135,135,145,161,67,67,67,67,82,93,93,112,27,45,45,59,59,158,158,177,192,19,64,83,97,110,141,141,154,164,164,183,199,199,199],"floor_reached":50,"playtime":2261,"items_purged":[],"score":546,"play_id":"8acec4ee-0719-4235-a180-a65341d66e38","local_time":"20180806130819","is_ascension_mode":false,"campfire_choices":[{"data":"Caltrops","floor":8.0,"key":"SMITH"},{"floor":13.0,"key":"REST"},{"data":"Apotheosis","floor":15.0,"key":"SMITH"},{"data":"Noxious Fumes","floor":23.0,"key":"SMITH"},{"data":"Well Laid Plans","floor":32.0,"key":"SMITH"},{"data":"After Image","floor":46,"key":"SMITH"},{"data":"Calculated Gamble","floor":49,"key":"SMITH"}],"neow_cost":"NONE","seed_source_timestamp":330618435415287,"circlet_count":0,"master_deck":["Defend_G","Defend_G","Defend_G","Defend_G","Defend_G","Strike_G","Strike_G","Strike_G","Strike_G","Strike_G","Survivor","Neutralize","Deadly Poison","Dodge and Roll","Caltrops+1","Dodge and Roll","Noxious Fumes+1","Apotheosis+1","Corpse Explosion","Escape Plan+1","Backflip","Well Laid Plans+1","Noxious Fumes+1","Cloak And Dagger","Bandage Up","Blur","Backflip","Calculated Gamble+1","Adrenaline","Deflect+1","Crippling Poison","After Image+1","Catalyst","Escape Plan+1"],"special_seed":0,"relics":["Ring of the Snake","NeowsBlessing","The Courier","Ninja Scroll","Question Card","Lizard Tail","Prayer Wheel","Letter Opener","Busted Crown","Oddly Smooth Stone","Thread and Needle","Bag of Marbles"],"potions_floor_usage":[42,50,50],"damage_taken":[{"damage":0.0,"enemies":"2 Louse","floor":1.0,"turns":1.0},{"damage":0.0,"enemies":"Small Slimes","floor":2.0,"turns":1.0},{"damage":0.0,"enemies":"Cultist","floor":3.0,"turns":1.0},{"damage":0.0,"enemies":"Blue Slaver","floor":4.0,"turns":4.0},{"damage":7.0,"enemies":"Lagavulin","floor":6.0,"turns":10.0},{"damage":18.0,"enemies":"Large Slime","floor":7.0,"turns":8.0},{"damage":0.0,"enemies":"Looter","floor":10.0,"turns":4.0},{"damage":28.0,"enemies":"Gremlin Nob","floor":12.0,"turns":5.0},{"damage":0.0,"enemies":"Blue Slaver","floor":14.0,"turns":4.0},{"damage":10.0,"enemies":"Hexaghost","floor":16.0,"turns":9.0},{"damage":5.0,"enemies":"Shell Parasite","floor":18.0,"turns":6.0},{"damage":7.0,"enemies":"2 Thieves","floor":19.0,"turns":4.0},{"damage":8.0,"enemies":"Chosen and Byrds","floor":24.0,"turns":6.0},{"damage":7.0,"enemies":"Centurion and Healer","floor":25.0,"turns":5.0},{"damage":18.0,"enemies":"Snake Plant","floor":27.0,"turns":4.0},{"damage":1.0,"enemies":"Snecko","floor":29.0,"turns":5.0},{"damage":2.0,"enemies":"Cultist and Chosen","floor":31.0,"turns":4.0},{"damage":42.0,"enemies":"Collector","floor":33.0,"turns":10.0},{"damage":6.0,"enemies":"Flame Bruiser 1 Orb","floor":35.0,"turns":6.0},{"damage":12.0,"enemies":"Orb Walker","floor":36.0,"turns":5.0},{"damage":14,"floor":38,"turns":4},{"damage":13,"enemies":"3 Darklings","floor":39,"turns":5},{"damage":0,"enemies":"4 Shapes","floor":40,"turns":3},{"damage":0,"enemies":"Spire Growth","floor":41,"turns":6},{"damage":0,"enemies":"Giant Head","floor":42,"turns":10},{"damage":7,"enemies":"Sphere and 2 Shapes","floor":44,"turns":5},{"damage":2,"enemies":"Transient","floor":45,"turns":5},{"damage":0,"enemies":"4 Shapes","floor":47,"turns":4},{"damage":3,"enemies":"Spire Growth","floor":48,"turns":6},{"damage":72,"enemies":"Time Eater","floor":50,"turns":11}],"seed_played":"1613067395227183369","potions_obtained":[{"floor":1.0,"key":"PowerPotion"},{"floor":6.0,"key":"Ancient Potion"},{"floor":12.0,"key":"Explosive Potion"},{"floor":14.0,"key":"Strength Potion"},{"floor":19.0,"key":"Fire Potion"},{"floor":33.0,"key":"Block Potion"},{"floor":45,"key":"Strength Potion"},{"floor":47,"key":"GamblersBrew"}],"is_trial":false,"path_per_floor":["M","M","M","M","$","E","M","R","T","M","$","E","R","M","R","B",null,"M","M","$","?","?","R","M","M","T","M","$","M","T","M","R","B",null,"M","M","$","?","M","M","M","E","T","M","M","R","M","M","R"],"character_chosen":"THE_SILENT","items_purchased":["Noxious Fumes","Apotheosis","Backflip","Well Laid Plans","Bandage Up","Oddly Smooth Stone","After Image"],"campfire_rested":1,"item_purchase_floors":[11,11,20,20,28,37,37],"current_hp_per_floor":[70,70,70,70,70,63,45,45,45,45,45,17,38,38,38,28,70,65,58,58,58,58,58,50,43,43,25,25,30,30,34,34,35,70,70,58,58,48,39,45,51,55,55,48,52,52,58,61,61,0],"gold":199,"neow_bonus":"THREE_ENEMY_KILL","is_prod":false,"is_daily":false,"chose_seed":false,"campfire_upgraded":6,"win_rate":0,"timestamp":1533550099,"path_taken":["M","M","M","M","$","E","M","R","T","M","$","E","R","M","R","BOSS","M","M","$","?","?","R","M","M","T","M","$","M","?","M","R","BOSS","M","M","$","?","M","M","M","E","T","M","M","R","?","M","R","BOSS"],"build_version":"2018-08-02","purchased_purges":0,"victory":false,"max_hp_per_floor":[70,70,70,70,70,70,70,70,70,70,70,70,70,70,70,70,70,70,70,70,70,70,70,70,70,70,70,70,70,70,70,70,70,70,70,70,70,70,70,70,70,70,70,70,70,70,70,70,70,70],"card_choices":[{"not_picked":["Distraction","Prepared"],"picked":"Deadly Poison","floor":1.0},{"not_picked":["Blade Dance","Prepared","Bane"],"picked":"SKIP","floor":2.0},{"not_picked":["Quick Slash","Bane","Acrobatics"],"picked":"SKIP","floor":3.0},{"not_picked":["Poisoned Stab","PiercingWail"],"picked":"Dodge and Roll","floor":4.0},{"not_picked":["Blade Dance","Outmaneuver"],"picked":"Caltrops","floor":6.0},{"not_picked":["Phantasmal Killer","Bane"],"picked":"Dodge and Roll","floor":7.0},{"not_picked":["Poisoned Stab","Infinite Blades","Prepared"],"picked":"SKIP","floor":10.0},{"not_picked":["A Thousand Cuts","Tactician","Bouncing Flask"],"picked":"SKIP","floor":12.0},{"not_picked":["Slice","Concentrate","Deadly Poison","Dagger Throw"],"picked":"SKIP","floor":14.0},{"not_picked":["A Thousand Cuts","Wraith Form v2","Burst"],"picked":"Corpse Explosion","floor":16.0},{"not_picked":["Accuracy","Deflect","Underhanded Strike"],"picked":"Escape Plan+1","floor":18.0},{"not_picked":["Finisher","PiercingWail","Outmaneuver","Sucker Punch"],"picked":"SKIP","floor":19.0},{"not_picked":["Poisoned Stab+1","Cloak And Dagger","Bane"],"picked":"Noxious Fumes+1","floor":24.0},{"not_picked":["Skewer+1","PiercingWail","Reflex+1","Crippling Poison"],"picked":"SKIP","floor":25.0},{"not_picked":["Malaise","Quick Slash","Dagger Throw"],"picked":"Cloak And Dagger","floor":27.0},{"not_picked":["Dagger Throw+1","Eviscerate+1","Accuracy","Slice"],"picked":"SKIP","floor":27.0},{"not_picked":["Acrobatics+1","Outmaneuver","Dodge and Roll"],"picked":"Blur","floor":29.0},{"not_picked":["Skewer","Acrobatics+1","Slice"],"picked":"Backflip","floor":29.0},{"not_picked":["Expertise+1","Poisoned Stab+1","Skewer"],"picked":"Calculated Gamble","floor":31.0},{"not_picked":["Prepared","Outmaneuver","Bouncing Flask+1","Finisher+1"],"picked":"SKIP","floor":31.0},{"not_picked":["Venomology","Grand Finale","A Thousand Cuts"],"picked":"Adrenaline","floor":33.0},{"not_picked":["PiercingWail+1"],"picked":"Deflect+1","floor":35.0},{"not_picked":["Setup"],"picked":"Crippling Poison","floor":35.0},{"not_picked":["Bane","Well Laid Plans"],"picked":"SKIP","floor":36.0},{"not_picked":["Prepared+1","Predator+1"],"picked":"SKIP","floor":36.0},{"not_picked":["Prepared","Expertise+1"],"picked":"SKIP","floor":39},{"not_picked":["Cloak And Dagger","Deadly Poison"],"picked":"SKIP","floor":39},{"not_picked":["Reflex+1","Underhanded Strike+1"],"picked":"SKIP","floor":40},{"not_picked":["Quick Slash","Expertise"],"picked":"SKIP","floor":40},{"not_picked":["Expertise","Cloak And Dagger+1"],"picked":"SKIP","floor":41},{"not_picked":["Predator+1","Storm of Steel"],"picked":"SKIP","floor":41},{"not_picked":["Setup+1","Bouncing Flask"],"picked":"SKIP","floor":42},{"not_picked":["Dash"],"picked":"Catalyst","floor":44},{"not_picked":["Masterful Stab","Poisoned Stab+1"],"picked":"SKIP","floor":44},{"not_picked":["Deadly Poison+1","Calculated Gamble"],"picked":"SKIP","floor":45},{"not_picked":["Underhanded Strike+1","Leg Sweep"],"picked":"SKIP","floor":45},{"not_picked":["Blade Dance+1","Dodge and Roll"],"picked":"SKIP","floor":47},{"not_picked":["Quick Slash","Reflex+1"],"picked":"SKIP","floor":47},{"not_picked":["Finisher+1"],"picked":"Escape Plan+1","floor":48},{"not_picked":["Flying Knee+1","Noxious Fumes+1"],"picked":"SKIP","floor":48}],"player_experience":296791,"relics_obtained":[{"floor":6.0,"key":"The Courier"},{"floor":9.0,"key":"Ninja Scroll"},{"floor":12.0,"key":"Question Card"},{"floor":26.0,"key":"Prayer Wheel"},{"floor":30.0,"key":"Letter Opener"},{"floor":38,"key":"Thread and Needle"},{"floor":43,"key":"Bag of Marbles"}],"event_choices":[{"event_name":"Vampires","player_choice":"Ignored","floor":21.0,"damage_taken":0.0},{"event_name":"Ghosts","player_choice":"Ignored","floor":22.0,"damage_taken":0.0},{"event_name":"Mysterious Sphere","player_choice":"Fight","floor":38,"damage_taken":0}],"is_beta":false,"boss_relics":[{"not_picked":["Black Star","Coffee Dripper"],"picked":"Lizard Tail"},{"not_picked":["Astrolabe","Orrery"],"picked":"Busted Crown"}],"items_purged_floors":[],"is_endless":false,"potions_floor_spawned":[1,6,12,14,19,24,25,29,33,39,40,45,47],"killed_by":"Time Eater","ascension_level":0}