{"gold_per_floor":[115,115,127,147,147,175,175,191,191,204,204,204,234,274,274,274],"floor_reached":16,"playtime":609,"items_purged":[],"score":110,"play_id":"734df1dc-7230-416e-a287-342e47078412","local_time":"20181117154605","is_ascension_mode":false,"campfire_choices":[{"floor":7,"key":"RECALL"},{"data":"Battle Trance","floor":12,"key":"SMITH"},{"floor":15,"key":"REST"}],"neow_cost":"NONE","seed_source_timestamp":154602668825976,"circlet_count":0,"master_deck":["Strike_R","Strike_R","Strike_R","Strike_R","Strike_R","Defend_R","Defend_R","Defend_R","Defend_R","Bash","Shrug It Off","Battle Trance+1","Shrug It Off","Offering","Shrug It Off"],"relics":["Burning Blood","Blood Vial","Bag of Marbles","Golden Idol","Matryoshka"],"potions_floor_usage":[6,14,16,16],"damage_taken":[{"damage":10,"enemies":"Small Slimes","floor":1,"turns":4},{"damage":4,"enemies":"2 Louse","floor":3,"turns":3},{"damage":1,"enemies":"Jaw Worm","floor":4,"turns":4},{"damage":34,"enemies":"3 Sentries","floor":6,"turns":14},{"damage":0,"enemies":"Exordium Thugs","floor":8,"turns":9},{"damage":0,"enemies":"3 Louse","floor":10,"turns":4},{"damage":21,"enemies":"Gremlin Nob","floor":14,"turns":4},{"damage":66,"enemies":"Slime Boss","floor":16,"turns":19}],"seed_played":"5881873517063364660","potions_obtained":[{"floor":3,"key":"AttackPotion"},{"floor":6,"key":"SteroidPotion"},{"floor":8,"key":"EssenceOfSteel"},{"floor":10,"key":"Swift Potion"}],"is_trial":false,"path_per_floor":["M","$","M","M","?","E","R","M","T","M","?","R","?","E","R","B"],"character_chosen":"IRONCLAD","items_purchased":[],"campfire_rested":1,"item_purchase_floors":[],"current_hp_per_floor":[76,76,80,80,85,57,57,65,65,73,52,52,52,39,64,0],"gold":274,"neow_bonus":"RANDOM_COMMON_RELIC","is_prod":false,"is_daily":false,"chose_seed":false,"campfire_upgraded":1,"win_rate":0,"timestamp":1542462365,"path_taken":["M","$","M","M","?","E","R","M","T","M","?","R","?","E","R","BOSS"],"build_version":"2018-11-15","purchased_purges":0,"victory":false,"max_hp_per_floor":[80,80,80,80,85,85,85,85,85,85,85,85,85,85,85,85],"card_choices":[{"not_picked":["True Grit","Warcry"],"picked":"Shrug It Off","floor":1},{"not_picked":["Havoc","Perfected Strike"],"picked":"Battle Trance","floor":3},{"not_picked":["Havoc","True Grit"],"picked":"Shrug It Off","floor":4},{"not_picked":["Clothesline","Cleave"],"picked":"Offering","floor":6},{"not_picked":["Pommel Strike","Clothesline"],"picked":"Shrug It Off","floor":8},{"not_picked":["Thunderclap","Dropkick","Immolate"],"picked":"SKIP","floor":10},{"not_picked":["Bludgeon","Sword Boomerang","Havoc"],"picked":"SKIP","floor":14}],"player_experience":477308,"relics_obtained":[{"floor":6,"key":"Bag of Marbles"},{"floor":14,"key":"Matryoshka"}],"event_choices":[{"damage_healed":0,"gold_gain":0,"player_choice":"Donut","damage_taken":0,"max_hp_gain":5,"max_hp_loss":0,"event_name":"Big Fish","floor":5,"gold_loss":0},{"damage_healed":0,"gold_gain":0,"player_choice":"Take Damage","damage_taken":21,"relics_obtained":["Golden Idol"],"max_hp_gain":0,"max_hp_loss":0,"event_name":"Golden Idol","floor":11,"gold_loss":0},{"damage_healed":0,"gold_gain":30,"player_choice":"Searched \u00271\u0027 times","damage_taken":0,"max_hp_gain":0,"max_hp_loss":0,"event_name":"Dead Adventurer","floor":13,"gold_loss":0}],"is_beta":false,"boss_relics":[],"items_purged_floors":[],"is_endless":false,"potions_floor_spawned":[3,6,8,10],"killed_by":"Slime Boss","ascension_level":0}