{"gold_per_floor":[211,211,235,235,235,235,279,293,293,313,338,187,187,225,225,349,349,368,308],"floor_reached":19,"playtime":615,"items_purged":[],"score":177,"play_id":"437f4e49-cd8d-41a9-8d89-e7cc63692b44","local_time":"20190617133143","is_ascension_mode":false,"campfire_choices":[{"data":"Defend_R","floor":6,"key":"SMITH"},{"floor":15,"key":"REST"}],"neow_cost":"NONE","seed_source_timestamp":311707595789900,"circlet_count":0,"master_deck":["Strike_R","Strike_R","Strike_R","Strike_R","Strike_R","Defend_R","Defend_R","Defend_R","Defend_R+1","Bash","Heavy Blade","Sword Boomerang","Spot Weakness","Inflame+1","Double Tap"],"relics":["Burning Blood","Golden Idol","Unceasing Top","Pen Nib","StoneCalendar","Bag of Marbles","Frozen Egg 2","Runic Cube"],"potions_floor_usage":[14,18],"damage_taken":[{"damage":2,"enemies":"2 Louse","floor":1,"turns":3},{"damage":8,"enemies":"Jaw Worm","floor":3,"turns":3},{"damage":33,"enemies":"3 Sentries","floor":7,"turns":12},{"damage":0,"enemies":"Small Slimes","floor":8,"turns":3},{"damage":11,"enemies":"3 Louse","floor":10,"turns":4},{"damage":18,"enemies":"Lots of Slimes","floor":11,"turns":5},{"damage":20,"enemies":"Gremlin Nob","floor":14,"turns":4},{"damage":35,"enemies":"The Guardian","floor":16,"turns":9},{"damage":47,"enemies":"3 Byrds","floor":18,"turns":4},{"damage":32,"enemies":"2 Thieves","floor":19,"turns":3}],"seed_played":"-1611315477931417124","potions_obtained":[{"floor":10,"key":"LiquidBronze"},{"floor":11,"key":"Weak Potion"},{"floor":14,"key":"SneckoOil"},{"floor":16,"key":"SkillPotion"},{"floor":18,"key":"FearPotion"}],"is_trial":false,"path_per_floor":["M","?","M","?","?","R","E","M","T","M","M","$","?","E","R","B",null,"M","M"],"character_chosen":"IRONCLAD","items_purchased":["Bag of Marbles"],"campfire_rested":1,"item_purchase_floors":[12],"current_hp_per_floor":[80,60,58,63,63,63,36,42,42,37,25,25,25,11,36,7,85,44,12],"gold":308,"neow_bonus":"HUNDRED_GOLD","is_prod":false,"is_daily":false,"chose_seed":false,"campfire_upgraded":1,"win_rate":0,"timestamp":1560767503,"path_taken":["M","?","M","?","?","R","E","?","T","M","M","$","?","E","R","BOSS","M","M"],"build_version":"2019-01-23","purchased_purges":0,"victory":false,"max_hp_per_floor":[80,80,80,85,85,85,85,85,85,85,85,85,85,85,85,85,85,85,85],"card_choices":[{"not_picked":["Havoc","Wild Strike","Twin Strike"],"picked":"SKIP","floor":1},{"not_picked":["Hemokinesis","Rampage","Flex"],"picked":"SKIP","floor":3},{"not_picked":["Pommel Strike","Armaments"],"picked":"Heavy Blade","floor":7},{"not_picked":["Seeing Red","Warcry"],"picked":"Sword Boomerang","floor":8},{"not_picked":["Shrug It Off","Sword Boomerang"],"picked":"Spot Weakness","floor":10},{"not_picked":["Power Through","Heavy Blade","Barricade"],"picked":"SKIP","floor":11},{"not_picked":["Warcry","Barricade"],"picked":"Inflame","floor":14},{"not_picked":["Fiend Fire","Impervious"],"picked":"Double Tap","floor":16},{"not_picked":["Ghostly Armor","Feel No Pain+1","Iron Wave"],"picked":"SKIP","floor":18}],"player_experience":626355,"relics_obtained":[{"floor":5,"key":"Unceasing Top"},{"floor":7,"key":"Pen Nib"},{"floor":9,"key":"StoneCalendar"},{"floor":14,"key":"Frozen Egg 2"}],"event_choices":[{"damage_healed":0,"gold_gain":0,"player_choice":"Take Damage","damage_taken":20,"relics_obtained":["Golden Idol"],"max_hp_gain":0,"max_hp_loss":0,"event_name":"Golden Idol","floor":2,"gold_loss":0},{"damage_healed":0,"gold_gain":0,"player_choice":"Donut","damage_taken":0,"max_hp_gain":5,"max_hp_loss":0,"event_name":"Big Fish","floor":4,"gold_loss":0},{"damage_healed":0,"gold_gain":0,"player_choice":"Relic","damage_taken":0,"max_hp_gain":0,"max_hp_loss":0,"event_name":"Wheel of Change","floor":5,"gold_loss":0},{"damage_healed":0,"gold_gain":0,"player_choice":"Ignored","damage_taken":0,"max_hp_gain":0,"max_hp_loss":0,"event_name":"Liars Game","floor":13,"gold_loss":0}],"is_beta":false,"boss_relics":[{"not_picked":["Empty Cage","Eternal Feather"],"picked":"Runic Cube"}],"items_purged_floors":[],"is_endless":false,"potions_floor_spawned":[10,11,14,16,18],"killed_by":"2 Thieves","ascension_level":0}