{"gold_per_floor":[215,56,56,68,83,83,83,83,83,83,158,176,193,43,43,140,140,157,77,377,377,377,377,387,39,111,111,129,129,157,157,157,157],"floor_reached":33,"playtime":1338,"items_purged":["Regret","Strike_G"],"score":251,"play_id":"bf403315-1339-4ab6-abea-222478815cd6","local_time":"20190728011250","is_ascension_mode":false,"campfire_choices":[{"data":"Neutralize","floor":6,"key":"SMITH"},{"floor":8,"key":"REST"},{"floor":10,"key":"REST"},{"data":"Footwork","floor":15,"key":"SMITH"},{"data":"RitualDagger","floor":23,"key":"SMITH"},{"data":"Glass Knife","floor":29,"key":"SMITH"},{"floor":32,"key":"REST"}],"neow_cost":"NONE","seed_source_timestamp":23139643279513,"circlet_count":0,"master_deck":["Strike_G+1","Strike_G+1","Strike_G+1","Strike_G+1","Defend_G+1","Defend_G+1","Defend_G+1","Defend_G+1","Defend_G+1","Survivor","Neutralize+1","Sucker Punch","Well Laid Plans","Leg Sweep","Quick Slash","Leg Sweep","Footwork+1","Dash","Glass Knife+1","Dagger Spray+1","Caltrops","Shame","RitualDagger+1","Dodge and Roll","PiercingWail","Caltrops","PiercingWail","Dodge and Roll"],"relics":["Ring of the Snake","Singing Bowl","Lantern","The Specimen","Black Star","Old Coin","Nunchaku","Bronze Scales","Ninja Scroll","PreservedInsect","Peace Pipe","Ice Cream"],"potions_floor_usage":[13,16,28,30,33],"damage_taken":[{"damage":15,"enemies":"Jaw Worm","floor":1,"turns":4},{"damage":4,"enemies":"2 Louse","floor":4,"turns":3},{"damage":7,"enemies":"Small Slimes","floor":5,"turns":4},{"damage":7,"enemies":"Blue Slaver","floor":12,"turns":5},{"damage":14,"enemies":"Exordium Thugs","floor":13,"turns":7},{"damage":14,"enemies":"Hexaghost","floor":16,"turns":16},{"damage":11,"enemies":"Spheric Guardian","floor":18,"turns":10},{"damage":8,"enemies":"Shell Parasite","floor":24,"turns":6},{"damage":5,"enemies":"Centurion and Healer","floor":28,"turns":9},{"damage":19,"enemies":"Gremlin Leader","floor":30,"turns":9},{"damage":53,"enemies":"Automaton","floor":33,"turns":10}],"seed_played":"2095441122013266678","potions_obtained":[{"floor":4,"key":"AttackPotion"},{"floor":12,"key":"LiquidBronze"},{"floor":16,"key":"EssenceOfSteel"},{"floor":18,"key":"Ancient Potion"},{"floor":30,"key":"Fruit Juice"}],"is_trial":false,"path_per_floor":["M","$","?","M","M","R","?","R","T","R","?","M","M","$","R","B",null,"M","$","?","?","T","R","M","$","T","T","M","R","E","?","R","B"],"character_chosen":"THE_SILENT","items_purchased":["Well Laid Plans","Leg Sweep","GhostInAJar","Caltrops","Bronze Scales","PiercingWail","Caltrops"],"campfire_rested":3,"item_purchase_floors":[2,2,14,19,25,25,25],"current_hp_per_floor":[55,55,55,51,44,44,32,53,53,70,59,52,38,38,38,24,70,59,59,59,53,53,53,45,45,45,45,40,40,21,21,42,0],"gold":157,"neow_bonus":"HUNDRED_GOLD","is_prod":false,"is_daily":false,"chose_seed":false,"campfire_upgraded":4,"win_rate":0,"timestamp":1564294370,"path_taken":["M","$","?","M","M","R","?","R","T","R","?","M","M","$","R","BOSS","M","$","?","?","?","R","?","$","T","?","M","R","E","?","R","BOSS"],"build_version":"2019-07-17","purchased_purges":2,"victory":false,"max_hp_per_floor":[70,70,70,70,70,70,70,70,70,70,70,70,70,70,70,70,70,70,70,70,70,70,70,70,70,70,70,70,70,70,70,70,75],"card_choices":[{"not_picked":["Bane","Dagger Throw"],"picked":"Sucker Punch","floor":1},{"not_picked":["Deflect","Slice"],"picked":"Quick Slash","floor":4},{"not_picked":["Flying Knee","Poisoned Stab"],"picked":"Leg Sweep","floor":5},{"not_picked":["Outmaneuver","Heel Hook"],"picked":"Footwork","floor":12},{"not_picked":["Tools of the Trade","Blur"],"picked":"Dash","floor":13},{"not_picked":["Burst","Envenom"],"picked":"Glass Knife","floor":16},{"not_picked":["Blur","Backstab"],"picked":"Dagger Spray+1","floor":18},{"not_picked":["Deflect","Deadly Poison"],"picked":"Dodge and Roll","floor":24},{"not_picked":["Concentrate","Accuracy+1"],"picked":"PiercingWail","floor":28},{"not_picked":["Backstab","Burst"],"picked":"Dodge and Roll","floor":30}],"player_experience":247529,"relics_obtained":[{"floor":9,"key":"The Specimen"},{"floor":22,"key":"Nunchaku"},{"floor":26,"key":"Ninja Scroll"},{"floor":27,"key":"PreservedInsect"},{"floor":30,"key":"Peace Pipe"},{"floor":30,"key":"Ice Cream"}],"event_choices":[{"damage_healed":0,"gold_gain":0,"player_choice":"Box","damage_taken":0,"relics_obtained":["Singing Bowl"],"max_hp_gain":0,"max_hp_loss":0,"event_name":"Big Fish","floor":3,"gold_loss":0,"cards_obtained":["Regret"]},{"damage_healed":0,"gold_gain":0,"player_choice":"Success","damage_taken":12,"relics_obtained":["Lantern"],"max_hp_gain":0,"max_hp_loss":0,"event_name":"Scrap Ooze","floor":7,"gold_loss":0},{"damage_healed":0,"gold_gain":75,"player_choice":"Gather Gold","damage_taken":11,"max_hp_gain":0,"max_hp_loss":0,"event_name":"World of Goop","floor":11,"gold_loss":0},{"damage_healed":0,"gold_gain":0,"player_choice":"Stole Relic","damage_taken":0,"relics_obtained":["Old Coin"],"max_hp_gain":0,"max_hp_loss":0,"event_name":"Addict","floor":20,"gold_loss":0,"cards_obtained":["Shame"]},{"damage_healed":0,"gold_gain":0,"player_choice":"Joined the Cult","damage_taken":6,"max_hp_gain":0,"max_hp_loss":0,"event_name":"Nest","floor":21,"gold_loss":0,"cards_obtained":["RitualDagger"]},{"damage_healed":0,"gold_gain":0,"player_choice":"Simplicity","damage_taken":0,"max_hp_gain":0,"max_hp_loss":0,"event_name":"Back to Basics","floor":31,"gold_loss":0,"cards_upgraded":["Strike_G","Strike_G","Strike_G","Strike_G","Defend_G","Defend_G","Defend_G","Defend_G","Defend_G"]}],"is_beta":false,"boss_relics":[{"not_picked":["Orrery","Astrolabe"],"picked":"Black Star"}],"items_purged_floors":[14,25],"is_endless":false,"potions_floor_spawned":[4,12,16,18,30],"killed_by":"Automaton","ascension_level":0}