{"gold_per_floor":[114,114,114,62,80,80,111,111,180,211,45,65,79,95,95,200,200,215,225,225,96,96,96,128,128],"floor_reached":25,"playtime":838,"items_purged":[],"score":229,"play_id":"b8e60bda-412f-4b31-9af6-21d037606ee3","local_time":"20180920042143","is_ascension_mode":false,"campfire_choices":[{"data":"Zap","floor":6,"key":"SMITH"},{"data":"Dualcast","floor":8,"key":"SMITH"},{"data":"Defragment","floor":15,"key":"SMITH"},{"data":"Defragment","floor":23,"key":"SMITH"}],"neow_cost":"NONE","seed_source_timestamp":14608736715512,"circlet_count":0,"master_deck":["Strike_B","Strike_B","Strike_B","Strike_B","Defend_B","Defend_B","Defend_B","Defend_B","Zap+1","Dualcast+1","Leap","Ball Lightning","Reinforced Body","Defragment+1","Bandage Up","Capacitor","Reboot","Defragment+1","Leap+1","Steam+1"],"relics":["Cracked Core","Dodecahedron","Question Card","Vajra","Lizard Tail","Toxic Egg 2","Strawberry"],"potions_floor_usage":[10,24],"damage_taken":[{"damage":1,"enemies":"Jaw Worm","floor":1,"turns":3},{"damage":0,"enemies":"2 Louse","floor":5,"turns":2},{"damage":16,"enemies":"3 Sentries","floor":7,"turns":8},{"damage":15,"enemies":"Gremlin Nob","floor":10,"turns":4},{"damage":5,"enemies":"Small Slimes","floor":12,"turns":3},{"damage":8,"enemies":"Red Slaver","floor":13,"turns":2},{"damage":19,"enemies":"Exordium Thugs","floor":14,"turns":5},{"damage":22,"enemies":"Hexaghost","floor":16,"turns":10},{"damage":28,"enemies":"3 Byrds","floor":18,"turns":5},{"damage":7,"enemies":"Shell Parasite","floor":19,"turns":6},{"damage":94,"enemies":"Gremlin Leader","floor":24,"turns":10},{"damage":20,"enemies":"Centurion and Healer","floor":25,"turns":2}],"seed_played":"8416784958244943134","potions_obtained":[{"floor":5,"key":"EssenceOfSteel"},{"floor":7,"key":"GamblersBrew"},{"floor":13,"key":"Swift Potion"},{"floor":16,"key":"LiquidBronze"},{"floor":24,"key":"SpeedPotion"}],"is_trial":false,"path_per_floor":["M","?","?","$","M","R","E","R","T","E","$","M","M","M","R","B",null,"M","M","T","$","?","R","E"],"character_chosen":"DEFECT","items_purchased":["Leap","Defragment","Bandage Up","Defragment","Leap+1"],"campfire_rested":0,"item_purchase_floors":[4,11,11,21,21],"current_hp_per_floor":[74,74,74,74,74,74,58,58,58,43,43,42,38,23,23,5,75,51,48,48,48,48,48,16,0],"gold":128,"neow_bonus":"THREE_CARDS","is_prod":false,"is_daily":false,"chose_seed":false,"campfire_upgraded":4,"win_rate":0,"timestamp":1537406503,"path_taken":["M","?","?","$","?","R","E","R","T","E","$","M","M","M","R","BOSS","M","?","?","$","?","R","E","M"],"build_version":"2018-09-06","purchased_purges":0,"victory":false,"max_hp_per_floor":[75,75,75,75,75,75,75,75,75,75,75,75,75,75,75,75,75,75,75,75,75,75,75,82,82],"card_choices":[{"not_picked":["Coolheaded","Go for the Eyes","Darkness"],"picked":"SKIP","floor":1},{"not_picked":["Conserve Battery","Barrage"],"picked":"Ball Lightning","floor":5},{"not_picked":["Rebound","Core Surge"],"picked":"Reinforced Body","floor":7},{"not_picked":["Steam Power","Rebound","Redo","Barrage"],"picked":"SKIP","floor":10},{"not_picked":["Barrage","Compile Driver","Hologram","Gash"],"picked":"SKIP","floor":12},{"not_picked":["Streamline","White Noise","Self Repair"],"picked":"Capacitor","floor":13},{"not_picked":["Turbo","Beam Cell","Gash","Ball Lightning"],"picked":"SKIP","floor":14},{"not_picked":["Buffer","Hyperbeam","Rainbow"],"picked":"Reboot","floor":16},{"not_picked":["Turbo+1","Gash","Rebound","Ball Lightning+1"],"picked":"SKIP","floor":18},{"not_picked":["Sunder","Compile Driver+1","Streamline","Coolheaded+1"],"picked":"SKIP","floor":19},{"not_picked":["Turbo+1","Hologram+1","Beam Cell"],"picked":"Steam+1","floor":24}],"player_experience":350462,"relics_obtained":[{"floor":7,"key":"Dodecahedron"},{"floor":9,"key":"Question Card"},{"floor":10,"key":"Vajra"},{"floor":20,"key":"Toxic Egg 2"},{"floor":24,"key":"Strawberry"}],"event_choices":[{"event_name":"The Cleric","player_choice":"Leave","floor":2,"damage_taken":0},{"event_name":"The Woman in Blue","player_choice":"Bought 0 Potions","floor":3,"damage_taken":0},{"event_name":"Vampires","player_choice":"Ignored","floor":22,"damage_taken":0}],"is_beta":false,"boss_relics":[{"not_picked":["FrozenCore","Fusion Hammer"],"picked":"Lizard Tail"}],"items_purged_floors":[],"is_endless":false,"potions_floor_spawned":[5,7,13,16,24],"killed_by":"Centurion and Healer","ascension_level":0}