{"gold_per_floor":[118,66,81,181,191,191,224,224,250,269,283,283,129,129,129,129],"floor_reached":16,"playtime":530,"items_purged":[],"score":100,"play_id":"51395cf4-a5d1-472d-b73e-d5518d389b4f","local_time":"20190621135057","is_ascension_mode":false,"campfire_choices":[{"data":"Zap","floor":6,"key":"SMITH"},{"data":"Self Repair","floor":12,"key":"SMITH"},{"data":"Zap","floor":15,"key":"SMITH"}],"neow_cost":"NONE","seed_source_timestamp":658543645627200,"circlet_count":0,"master_deck":["Strike_B","Strike_B","Strike_B","Strike_B","Defend_B","Defend_B","Defend_B","Defend_B","Zap+1","Dualcast","Conserve Battery","Go for the Eyes","Self Repair+1","Beam Cell","Zap+1"],"relics":["Cracked Core","Ancient Tea Set","PreservedInsect","Lantern"],"potions_floor_usage":[10,16],"damage_taken":[{"damage":15,"enemies":"Small Slimes","floor":1,"turns":3},{"damage":0,"enemies":"Cultist","floor":3,"turns":4},{"damage":0,"enemies":"2 Louse","floor":5,"turns":3},{"damage":18,"enemies":"Lagavulin","floor":7,"turns":8},{"damage":1,"enemies":"Exordium Thugs","floor":10,"turns":5},{"damage":12,"enemies":"Blue Slaver","floor":11,"turns":2},{"damage":53,"enemies":"Slime Boss","floor":16,"turns":9}],"seed_played":"3778992245018177230","potions_obtained":[{"floor":1,"key":"Block Potion"},{"floor":3,"key":"Fire Potion"}],"is_trial":false,"path_per_floor":["M","$","M","?","M","R","E","?","T","M","M","R","$","?","R","B"],"character_chosen":"DEFECT","items_purchased":["Conserve Battery","Lantern"],"campfire_rested":0,"item_purchase_floors":[2,13],"current_hp_per_floor":[67,67,67,67,67,67,49,49,49,55,50,50,50,50,50,0],"gold":129,"neow_bonus":"TEN_PERCENT_HP_BONUS","is_prod":false,"is_daily":false,"chose_seed":false,"campfire_upgraded":3,"win_rate":0,"timestamp":1561114257,"path_taken":["M","$","M","?","?","R","E","?","T","M","?","R","$","?","R","BOSS"],"build_version":"2019-01-23","purchased_purges":0,"victory":false,"max_hp_per_floor":[82,82,82,82,82,82,82,82,82,82,82,82,82,82,82,82],"card_choices":[{"not_picked":["Chill","Stack","Doom and Gloom"],"picked":"SKIP","floor":1},{"not_picked":["Steam","Conserve Battery"],"picked":"Go for the Eyes","floor":3},{"not_picked":["Hello World","Streamline","Core Surge"],"picked":"SKIP","floor":5},{"not_picked":["Sweeping Beam","Double Energy"],"picked":"Self Repair","floor":7},{"not_picked":["Go for the Eyes","Genetic Algorithm"],"picked":"Beam Cell","floor":10},{"not_picked":["Coolheaded","Scrape","Rip and Tear"],"picked":"SKIP","floor":11}],"player_experience":640485,"relics_obtained":[{"floor":7,"key":"Ancient Tea Set"},{"floor":9,"key":"PreservedInsect"}],"event_choices":[{"damage_healed":0,"gold_gain":100,"player_choice":"Pray","damage_taken":0,"max_hp_gain":0,"max_hp_loss":0,"event_name":"Golden Shrine","floor":4,"gold_loss":0},{"damage_healed":0,"gold_gain":0,"player_choice":"Bought 0 Potions","damage_taken":0,"max_hp_gain":0,"max_hp_loss":0,"event_name":"The Woman in Blue","floor":8,"gold_loss":0},{"damage_healed":0,"gold_gain":0,"player_choice":"1 cards matched","damage_taken":0,"max_hp_gain":0,"max_hp_loss":0,"event_name":"Match and Keep!","floor":14,"gold_loss":0,"cards_obtained":["Zap"]}],"is_beta":false,"boss_relics":[],"items_purged_floors":[],"is_endless":false,"potions_floor_spawned":[1,3],"killed_by":"Slime Boss","ascension_level":0}