{"path_per_floor":["M","?","T","?","?","M","R","M","T","M","M","?","M","M","R","B",null,"M","?","$","M","M","R","M"],"character_chosen":"THE_SILENT","items_purchased":["Secret Technique","Caltrops"],"gold_per_floor":[119,119,143,243,243,263,263,281,281,294,312,312,332,353,353,478,478,502,502,157,150,173,173,186,186],"floor_reached":25,"campfire_rested":1,"playtime":3095,"item_purchase_floors":[20,20],"current_hp_per_floor":[70,67,67,67,67,67,67,67,67,67,65,70,70,70,70,30,69,48,42,42,34,7,31,31,0],"items_purged":["Defend_G"],"gold":186,"score":256,"play_id":"7b6c56cb-8a59-44a1-b826-b97a38bd28fe","local_time":"20180625100722","is_prod":false,"is_daily":false,"chose_seed":false,"is_ascension_mode":true,"campfire_upgraded":2,"win_rate":0,"timestamp":1529914042,"campfire_choices":[{"data":"Neutralize","floor":7,"key":"SMITH"},{"data":"Leg Sweep","floor":15,"key":"SMITH"},{"floor":23,"key":"REST"}],"path_taken":["M","?","?","?","?","M","R","M","T","?","M","?","M","?","R","BOSS","M","?","$","?","M","R","M","M"],"build_version":"2018-06-21","seed_source_timestamp":8164370330571,"purchased_purges":1,"circlet_count":0,"victory":false,"master_deck":["Defend_G","Defend_G","Defend_G","Defend_G","Strike_G","Strike_G","Strike_G","Strike_G","Survivor","Neutralize+1","Quick Slash","Slice","Backflip","All Out Attack","Dagger Throw","Predator","Leg Sweep+1","Burst","RitualDagger","Secret Technique","Caltrops","Dagger Spray","Noxious Fumes+1"],"max_hp_per_floor":[77,77,77,77,77,77,77,77,77,77,77,82,82,82,82,82,82,82,82,82,82,82,82,82,82],"relics":["Ring of the Snake","Lantern","Oddly Smooth Stone","Golden Idol","Toolbox","Empty Cage"],"card_choices":[{"not_picked":["Escape Plan","Reflex"],"picked":"Quick Slash","floor":1},{"not_picked":["Finisher","Bane"],"picked":"Slice","floor":6},{"not_picked":["Dodge and Roll","Cloak And Dagger"],"picked":"Backflip","floor":8},{"not_picked":["Backflip","Outmaneuver"],"picked":"All Out Attack","floor":10},{"not_picked":["PiercingWail","Backflip"],"picked":"Dagger Throw","floor":11},{"not_picked":["Dodge and Roll","Quick Slash"],"picked":"Predator","floor":13},{"not_picked":["Blade Dance","Calculated Gamble"],"picked":"Leg Sweep","floor":14},{"not_picked":["Phantasmal Killer","Unload"],"picked":"Burst","floor":16},{"not_picked":["Accuracy","Underhanded Strike","Poisoned Stab"],"picked":"SKIP","floor":18},{"not_picked":["Underhanded Strike","Eviscerate"],"picked":"Dagger Spray","floor":21},{"not_picked":["Dodge and Roll","Bane"],"picked":"Noxious Fumes+1","floor":22},{"not_picked":["Masterful Stab","Quick Slash","Underhanded Strike"],"picked":"SKIP","floor":24}],"player_experience":470076,"potions_floor_usage":[16,16,16,22],"damage_taken":[{"damage":0,"enemies":"Jaw Worm","floor":1,"turns":6},{"damage":0,"enemies":"2 Louse","floor":6,"turns":3},{"damage":0,"enemies":"Small Slimes","floor":8,"turns":4},{"damage":0,"enemies":"Exordium Wildlife","floor":10,"turns":4},{"damage":2,"enemies":"Looter","floor":11,"turns":3},{"damage":0,"enemies":"Red Slaver","floor":13,"turns":4},{"damage":0,"enemies":"Blue Slaver","floor":14,"turns":2},{"damage":56,"enemies":"Hexaghost","floor":16,"turns":17},{"damage":21,"enemies":"3 Byrds","floor":18,"turns":7},{"damage":8,"enemies":"2 Thieves","floor":21,"turns":4},{"damage":27,"enemies":"3 Cultists","floor":22,"turns":7},{"damage":0,"enemies":"Centurion and Healer","floor":24,"turns":9},{"damage":33,"enemies":"Slaver and Parasite","floor":25,"turns":6}],"relics_obtained":[{"floor":3,"key":"Oddly Smooth Stone"},{"floor":9,"key":"Toolbox"}],"event_choices":[{"event_name":"Scrap Ooze","player_choice":"success","floor":2,"damage_taken":3},{"event_name":"Golden Shrine","player_choice":"Pray","floor":4,"damage_taken":0},{"event_name":"Golden Idol","player_choice":"Take Wound","floor":5,"damage_taken":0},{"event_name":"Big Fish","player_choice":"Donut","floor":12,"damage_taken":0},{"event_name":"Nest","player_choice":"Joined the Cult","floor":19,"damage_taken":0}],"boss_relics":[{"not_picked":["Calling Bell","Orrery"],"picked":"Empty Cage"}],"items_purged_floors":[20],"is_endless":false,"potions_floor_spawned":[1,8,11,13,21],"seed_played":"-8454996288095623591","killed_by":"Slaver and Parasite","ascension_level":6,"potions_obtained":[{"floor":1,"key":"Fire Potion"},{"floor":8,"key":"SteroidPotion"},{"floor":11,"key":"Regen Potion"},{"floor":13,"key":"EssenceOfSteel"},{"floor":21,"key":"EssenceOfSteel"}],"is_trial":false}