{"gold_per_floor":[116,130,81,91,91,91,108,134,159,108,108,108,134,99,99,99],"floor_reached":16,"playtime":436,"items_purged":[],"score":108,"play_id":"cda6672a-819e-4c9d-8dd5-ae3681651115","local_time":"20180710143316","is_ascension_mode":false,"campfire_choices":[{"data":"Perfected Strike","floor":6,"key":"SMITH"},{"data":"Armaments","floor":12,"key":"SMITH"},{"data":"Bash","floor":15,"key":"SMITH"}],"neow_cost":"NONE","seed_source_timestamp":48964743977317,"circlet_count":0,"master_deck":["Strike_R","Strike_R","Strike_R","Strike_R","Strike_R+1","Defend_R+1","Defend_R","Defend_R","Defend_R+1","Bash+1","Shrug It Off+1","Perfected Strike+1","Armaments+1","Shrug It Off"],"relics":["Burning Blood","Regal Pillow","Centennial Puzzle","Gambling Chip","War Paint"],"potions_floor_usage":[8],"damage_taken":[{"damage":8,"enemies":"Jaw Worm","floor":1,"turns":4},{"damage":0,"enemies":"2 Louse","floor":2,"turns":3},{"damage":0,"enemies":"Cultist","floor":4,"turns":3},{"damage":0,"enemies":"2 Fungi Beasts","floor":7,"turns":3},{"damage":36,"enemies":"Lagavulin","floor":8,"turns":4},{"damage":16,"enemies":"3 Sentries","floor":13,"turns":7},{"damage":58,"enemies":"Hexaghost","floor":16,"turns":14}],"seed_played":"-8816112730915592338","potions_obtained":[{"floor":2,"key":"Swift Potion"},{"floor":7,"key":"FearPotion"},{"floor":13,"key":"PowerPotion"}],"is_trial":false,"path_per_floor":["M","M","$","M","?","R","M","E","T","$","T","R","E","?","R"],"character_chosen":"IRONCLAD","items_purchased":["Perfected Strike","Armaments"],"campfire_rested":0,"item_purchase_floors":[3,10],"current_hp_per_floor":[86,88,88,88,70,70,76,46,46,46,46,46,36,58,58,0],"gold":99,"neow_bonus":"TEN_PERCENT_HP_BONUS","is_prod":false,"is_daily":false,"chose_seed":false,"campfire_upgraded":3,"win_rate":0,"timestamp":1531222396,"path_taken":["M","M","$","M","?","R","M","E","T","$","?","R","E","?","R","BOSS"],"build_version":"2018-07-05","purchased_purges":0,"victory":false,"max_hp_per_floor":[88,88,88,88,88,88,88,88,88,88,88,88,88,88,88,88],"card_choices":[{"not_picked":["Sword Boomerang","Thunderclap"],"picked":"Shrug It Off","floor":1},{"not_picked":["Havoc","Sword Boomerang","True Grit"],"picked":"SKIP","floor":2},{"not_picked":["Anger","Flex","Combust"],"picked":"SKIP","floor":4},{"not_picked":["Entrench","Heavy Blade","True Grit"],"picked":"SKIP","floor":7},{"not_picked":["Thunderclap","Flex","Cleave"],"picked":"SKIP","floor":8},{"not_picked":["Flex","Wild Strike"],"picked":"Shrug It Off","floor":13}],"player_experience":200956,"relics_obtained":[{"floor":8,"key":"Regal Pillow"},{"floor":9,"key":"Centennial Puzzle"},{"floor":11,"key":"Gambling Chip"},{"floor":13,"key":"War Paint"}],"event_choices":[{"event_name":"Shining Light","player_choice":"Entered Light","floor":5,"damage_taken":0},{"event_name":"The Cleric","player_choice":"Healed","floor":14,"damage_taken":0}],"boss_relics":[],"items_purged_floors":[],"is_endless":false,"potions_floor_spawned":[2,7,13],"killed_by":"Hexaghost","ascension_level":0}