{"path_per_floor":["M","$","M","M","?","R","M","R","T","$","?","R","M","E","R","B",null,"M","M","?","$","?","E","R","M","T","M","?","M","R","$","R"],"character_chosen":"IRONCLAD","items_purchased":["Battle Trance","Rampage","Inflame","Gremlin Horn"],"gold_per_floor":[118,118,134,144,144,144,159,159,159,12,12,12,27,52,52,155,155,175,189,215,143,143,169,169,182,258,272,272,291,291,33,33,33],"floor_reached":33,"campfire_rested":0,"playtime":1213,"item_purchase_floors":[],"current_hp_per_floor":[72,72,72,72,57,57,50,50,50,50,77,77,75,73,73,37,82,65,44,50,50,50,51,51,57,57,52,57,55,55,55,55,14],"items_purged":[],"gold":33,"score":290,"play_id":"e3cd957a-20b3-455f-8daa-70d19a309c76","local_time":"20180521212250","is_prod":false,"is_daily":false,"chose_seed":false,"is_ascension_mode":false,"campfire_upgraded":7,"timestamp":1526926970,"campfire_choices":[{"data":"Immolate","floor":6.0,"key":"SMITH"},{"data":"Bash","floor":8.0,"key":"SMITH"},{"data":"Rampage","floor":12.0,"key":"SMITH"},{"data":"Rage","floor":15.0,"key":"SMITH"},{"data":"Inflame","floor":24.0,"key":"SMITH"},{"data":"Double Tap","floor":30.0,"key":"SMITH"},{"data":"Feed","floor":32.0,"key":"SMITH"}],"path_taken":["M","$","M","?","?","R","M","R","T","$","?","R","M","E","R","BOSS","M","M","?","$","?","E","R","M","T","M","?","M","R","$","R","BOSS"],"build_version":"2018-05-18","seed_source_timestamp":313639525547326,"purchased_purges":0,"victory":false,"master_deck":["Defend_R","Defend_R","Defend_R","Defend_R","Bash+1","Immolate+1","Thunderclap","Rage+1","Battle Trance","Rampage+1","Impervious","Double Tap+1","Whirlwind","Inflame+1","Bite","Bite","Bite","Bite","Bite","Feed+1","Evolve+1"],"max_hp_per_floor":[72,72,72,72,82,82,82,82,82,82,82,82,82,82,82,82,82,82,82,82,82,57,57,57,57,57,57,57,57,57,57,57,57],"relics":["Burning Blood","Pear","Red Skull","Matryoshka","Runic Cube","Red Mask","Orichalcum","Bag of Marbles","Molten Egg 2","Gremlin Horn"],"card_choices":[{"not_picked":["Exhume","Bludgeon"],"picked":"Immolate","floor":0.0},{"not_picked":["Clash","Heavy Blade","Anger"],"picked":"SKIP","floor":1.0},{"not_picked":["Shrug It Off","Blood for Blood"],"picked":"Thunderclap","floor":3.0},{"not_picked":["Sword Boomerang","Wild Strike","Corruption"],"picked":"SKIP","floor":4.0},{"not_picked":["Pommel Strike","Twin Strike"],"picked":"Rage","floor":7.0},{"not_picked":["Shrug It Off","Combust","Second Wind"],"picked":"SKIP","floor":13.0},{"not_picked":["Uppercut","Warcry"],"picked":"Impervious","floor":14.0},{"not_picked":["Impervious","Exhume"],"picked":"Double Tap","floor":16.0},{"not_picked":["Seeing Red","Clash+1"],"picked":"Whirlwind","floor":18.0},{"not_picked":["Clothesline","Battle Trance","Pommel Strike"],"picked":"SKIP","floor":19.0},{"not_picked":["Corruption","Shrug It Off"],"picked":"Perfected Strike","floor":20.0},{"not_picked":["Twin Strike","Clash"],"picked":"Feed","floor":23.0},{"not_picked":["Shrug It Off","Entrench","Heavy Blade"],"picked":"SKIP","floor":25.0},{"not_picked":["Clash+1","Headbutt+1","Cleave+1"],"picked":"SKIP","floor":27.0},{"not_picked":["Shrug It Off","Anger+1"],"picked":"Evolve+1","floor":29.0}],"player_experience":148255,"potions_floor_usage":[33,33,33],"damage_taken":[{"damage":6.0,"enemies":"Cultist","floor":1.0,"turns":3.0},{"damage":6.0,"enemies":"Jaw Worm","floor":3.0,"turns":3.0},{"damage":0.0,"enemies":"2 Louse","floor":4.0,"turns":2.0},{"damage":13.0,"enemies":"Red Slaver","floor":7.0,"turns":2.0},{"damage":8.0,"enemies":"Blue Slaver","floor":13.0,"turns":3.0},{"damage":8.0,"enemies":"Gremlin Nob","floor":14.0,"turns":3.0},{"damage":42.0,"enemies":"Slime Boss","floor":16.0,"turns":8.0},{"damage":23.0,"enemies":"Spheric Guardian","floor":18.0,"turns":4.0},{"damage":27.0,"enemies":"Chosen","floor":19.0,"turns":5.0},{"damage":0.0,"enemies":"Masked Bandits","floor":20.0,"turns":2.0},{"damage":5.0,"enemies":"Slavers","floor":23.0,"turns":2.0},{"damage":6.0,"enemies":"3 Cultists","floor":25.0,"turns":3.0},{"damage":15.0,"enemies":"Snake Plant","floor":27.0,"turns":4.0},{"damage":16.0,"enemies":"Centurion and Healer","floor":29.0,"turns":4.0},{"damage":58,"enemies":"Champ","floor":33,"turns":10}],"relics_obtained":[{"floor":9.0,"key":"Red Skull"},{"floor":14.0,"key":"Matryoshka"},{"floor":20.0,"key":"Red Mask"},{"floor":23.0,"key":"Orichalcum"},{"floor":26.0,"key":"Bag of Marbles"},{"floor":26.0,"key":"Molten Egg 2"}],"event_choices":[{"event_name":"Scrap Ooze","player_choice":"success","floor":5.0,"damage_taken":25.0},{"event_name":"Big Fish","player_choice":"Banana","floor":11.0,"damage_taken":0.0},{"event_name":"Vampires","player_choice":"Became a vampire","floor":22.0,"damage_taken":0.0},{"event_name":"Bonfire Elementals","player_choice":"COMMON","floor":28.0,"damage_taken":0.0}],"boss_relics":[],"items_purged_floors":[],"potions_floor_spawned":[7,13,14,16,18,19,23,27],"seed_played":"-6062388783831160545","killed_by":"Champ","ascension_level":0,"potions_obtained":[{"floor":7.0,"key":"SkillPotion"},{"floor":13.0,"key":"Energy Potion"},{"floor":14.0,"key":"Dexterity Potion"},{"floor":16.0,"key":"EntropicBrew"},{"floor":18.0,"key":"Ancient Potion"},{"floor":27.0,"key":"Weak Potion"}],"is_trial":false}