{"path_per_floor":["M","M","M","$","M","R","M","E","T","?","M","R","M","M","R","B",null,"M","?","$","?","T","R","M","E","T","$","M","?","?","M","R","B",null,"M","$","T","M"],"character_chosen":"IRONCLAD","items_purchased":["Armaments","Shrug It Off","Flex","Disarm"],"gold_per_floor":[117,136,154,30,49,49,64,94,94,121,135,135,148,164,164,259,259,276,201,55,55,55,55,66,92,92,41,61,61,61,75,75,174,174,193,35,35,54],"floor_reached":39,"campfire_rested":1,"playtime":3648,"current_hp_per_floor":[80,80,80,80,80,80,75,46,46,40,39,39,45,49,49,36,80,71,71,71,71,71,71,70,61,61,61,56,56,41,42,67,48,85,43,43,43,26],"items_purged":["Strike_R","Havoc","Writhe"],"gold":54,"play_id":"684e2d39-6afc-4da6-a994-180b95ec6325","is_prod":false,"is_daily":false,"campfire_rituals":0,"campfire_upgraded":4,"is_hardmode":false,"path_taken":["M","?","M","$","M","R","M","E","T","?","?","R","M","M","R","BOSS","M","?","$","?","?","R","M","E","T","?","M","?","?","M","R","BOSS","M","$","?","M","M"],"build_version":"2018-01-18-PROD4","purchased_purges":4,"victory":false,"master_deck":["Bash","Battle Trance","Cleave","Armaments","Thunderclap","Demon Form","Heavy Blade","Disarm","Flex","Brutality","Sword Boomerang","Blood for Blood","Iron Wave","Havoc","Armaments","Rupture","Shrug It Off","Inflame","Headbutt","Flex","Flex","Demon Form","Armaments","Disarm","Pain","Flame Barrier"],"max_hp_per_floor":[80,80,80,80,80,80,80,80,80,80,80,80,80,80,80,80,80,80,80,80,80,80,80,80,80,80,80,80,80,85,85,85,85,85,85,85,85,85],"relics":["Burning Blood","Matryoshka","Bag of Preparation","Red Skull","Odd Mushroom","Pandora\u0027s Box","Juzu Bracelet","Oddly Smooth Stone","Anchor","War Paint","Kunai","Cursed Key","Orichalcum"],"campfire_meditates":0,"card_choices":[{"not_picked":["Cleave","Thunderclap"],"picked":"Battle Trance"},{"not_picked":["Blood for Blood","Rupture"],"picked":"Cleave"},{"not_picked":["Heavy Blade","Sever Soul"],"picked":"Thunderclap"},{"not_picked":["Anger","Perfected Strike"],"picked":"Demon Form"},{"not_picked":["Havoc","Second Wind"],"picked":"Heavy Blade"},{"not_picked":["Anger","Blood for Blood"],"picked":"Disarm"},{"not_picked":["Dual Wield","Armaments"],"picked":"Flex"},{"not_picked":["Juggernaut","Reaper"],"picked":"Brutality"},{"not_picked":["Body Slam","Sword Boomerang"],"picked":"Headbutt"},{"not_picked":["Sword Boomerang","Warcry"],"picked":"Flex"},{"not_picked":["Barricade","Berserk"],"picked":"Demon Form"},{"not_picked":["Sword Boomerang","Anger"],"picked":"Armaments"},{"not_picked":["Flex","Clash"],"picked":"Flame Barrier"}],"player_experience":183324,"potions_floor_usage":[7,16,16,18,31,33,33,39],"damage_taken":[{"damage":6,"enemies":"Blue Slaver","floor":1,"turns":7},{"damage":5,"enemies":"2 Louse","floor":2,"turns":3},{"damage":5,"enemies":"Small Slimes","floor":3,"turns":3},{"damage":3,"enemies":"Exordium Wildlife","floor":5,"turns":4},{"damage":11,"enemies":"Lots of Slimes","floor":7,"turns":2},{"damage":35,"enemies":"Gremlin Nob","floor":8,"turns":5},{"damage":12,"enemies":"The Mushroom Lair","floor":10,"turns":4},{"damage":7,"enemies":"Exordium Thugs","floor":11,"turns":2},{"damage":0,"enemies":"Looter","floor":13,"turns":3},{"damage":2,"enemies":"Large Slime","floor":14,"turns":5},{"damage":19,"enemies":"Slime Boss","floor":16,"turns":4},{"damage":15,"enemies":"Chosen","floor":18,"turns":5},{"damage":7,"enemies":"Shell Parasite","floor":24,"turns":3},{"damage":15,"enemies":"Gremlin Leader","floor":25,"turns":4},{"damage":11,"enemies":"Centurion and Healer","floor":28,"turns":4},{"damage":5,"enemies":"Snake Plant","floor":31,"turns":2},{"damage":25,"enemies":"Champ","floor":33,"turns":7},{"damage":48,"enemies":"3 Darklings","floor":35,"turns":5},{"damage":23,"enemies":"3 Shapes","floor":38,"turns":5},{"damage":27,"enemies":"3 Darklings","floor":39,"turns":3}],"event_choices":[{"event_name":"Mushrooms","player_choice":"Fought Mushrooms","floor":10,"damage_taken":0},{"event_name":"Beggar","player_choice":"Gave Gold","floor":19,"damage_taken":0},{"event_name":"The Library","player_choice":"Read","floor":21,"damage_taken":0},{"event_name":"The Mausoleum","player_choice":"Yes","floor":29,"damage_taken":0},{"event_name":"Forgotten Altar","player_choice":"Shed Blood","floor":30,"damage_taken":0}],"boss_relics":[{"not_picked":["Runic Dome","Runic Cube"],"picked":"Pandora\u0027s Box"},{"not_picked":["Velvet Choker","Question Card"],"picked":"Cursed Key"}],"potions_floor_spawned":[3,7,10,13,16,18,24,28,35],"seed_played":"1604668610886497792","killed_by":"3 Darklings","is_trial":false}