{"gold_per_floor":[118,118,118,135,153,153,179,179,206,206,234,234,124,134,134,232,232,252,285,285,298,14,14,27,27,27,60,60,60,60,79,79,181,181,195,213,213,226,243,288,288,304,304,304,304,324,341,14,14,14],"floor_reached":51,"playtime":3966,"items_purged":["Concentrate","Defend_G","Envenom"],"score":625,"play_id":"700672d3-898b-4173-840f-915c11fdbba9","local_time":"20181102235025","is_ascension_mode":false,"campfire_choices":[{"data":"Neutralize","floor":6,"key":"SMITH"},{"floor":8,"key":"REST"},{"floor":15,"key":"REST"},{"floor":23,"key":"REST"},{"floor":25,"key":"REST"},{"floor":28,"key":"REST"},{"data":"Noxious Fumes","floor":32,"key":"SMITH"},{"floor":41,"key":"REST"},{"floor":44,"key":"REST"},{"data":"Neutralize","floor":49,"key":"SMITH"}],"neow_cost":"NONE","seed_source_timestamp":49900646744849,"circlet_count":0,"master_deck":["Defend_G","Defend_G","Strike_G","Strike_G","Strike_G","Survivor","Neutralize+1","Caltrops","Tactician","Deadly Poison","Backflip","Neutralize+1","Footwork","Bouncing Flask","After Image","Noxious Fumes+1","Necronomicurse","Cloak And Dagger","Blade Dance","Footwork","Bandage Up","Underhanded Strike","Leg Sweep+1","Slice","Dash+1","A Thousand Cuts+1","Backflip+1","Heel Hook","Acrobatics+1","Slice","Madness","Madness","Terror+1"],"relics":["Ring of the Snake","Anchor","Lantern","Tingsha","Ancient Tea Set","Mercury Hourglass","WristBlade","Red Mask","Necronomicon","FossilizedHelix","Calipers","Bottled Tornado","Astrolabe","Question Card","Bird Faced Urn","Shuriken","Happy Flower"],"potions_floor_usage":[11,16,19,19,21,33,33,38,50,50,50],"damage_taken":[{"damage":0,"enemies":"Cultist","floor":1,"turns":4},{"damage":0,"enemies":"Small Slimes","floor":4,"turns":3},{"damage":0,"enemies":"Jaw Worm","floor":5,"turns":5},{"damage":30,"enemies":"Gremlin Nob","floor":7,"turns":6},{"damage":8,"enemies":"Lagavulin","floor":11,"turns":6},{"damage":6,"enemies":"2 Fungi Beasts","floor":14,"turns":3},{"damage":11,"enemies":"Hexaghost","floor":16,"turns":8},{"damage":0,"enemies":"Shell Parasite","floor":18,"turns":6},{"damage":6,"enemies":"Masked Bandits","floor":19,"turns":5},{"damage":5,"enemies":"2 Thieves","floor":21,"turns":4},{"damage":33,"enemies":"Centurion and Healer","floor":24,"turns":5},{"damage":38,"enemies":"Book of Stabbing","floor":27,"turns":7},{"damage":0,"enemies":"3 Cultists","floor":31,"turns":6},{"damage":25,"enemies":"Automaton","floor":33,"turns":10},{"damage":0,"enemies":"3 Darklings","floor":35,"turns":4},{"damage":0,"enemies":"3 Shapes","floor":36,"turns":3},{"damage":31,"enemies":"Writhing Mass","floor":38,"turns":6},{"damage":0,"enemies":"Maw","floor":39,"turns":8},{"damage":39,"enemies":"2 Orb Walkers","floor":40,"turns":6},{"damage":0,"enemies":"Spire Growth","floor":42,"turns":5},{"damage":0,"enemies":"3 Darklings","floor":46,"turns":3},{"damage":0,"enemies":"Jaw Worm Horde","floor":47,"turns":3},{"damage":51,"enemies":"Awakened One","floor":50,"turns":10}],"seed_played":"-8585714798096923697","potions_obtained":[{"floor":7,"key":"PowerPotion"},{"floor":14,"key":"GamblersBrew"},{"floor":16,"key":"GhostInAJar"},{"floor":18,"key":"Dexterity Potion"},{"floor":19,"key":"Strength Potion"},{"floor":27,"key":"SteroidPotion"},{"floor":31,"key":"Poison Potion"},{"floor":36,"key":"Swift Potion"},{"floor":39,"key":"Explosive Potion"},{"floor":46,"key":"Regen Potion"},{"floor":47,"key":"PowerPotion"}],"is_trial":false,"path_per_floor":["M","?","?","M","M","R","E","R","T","?","E","?","$","M","R","B",null,"M","?","?","M","$","R","M","R","T","E","R","?","T","M","R","B",null,"M","M","T","M","M","?","R","M","T","R","?","M","M","$","R","B",null],"character_chosen":"THE_SILENT","items_purchased":["Footwork","Blade Dance","Footwork","Bandage Up","Happy Flower","Block Potion"],"campfire_rested":7,"item_purchase_floors":[13,22,22,22,48,48],"current_hp_per_floor":[70,67,60,60,60,60,30,51,51,51,43,43,43,37,58,47,70,70,64,48,43,43,64,35,56,56,22,43,43,43,47,47,26,70,70,70,70,43,47,12,33,47,47,68,59,70,70,70,70,27],"gold":14,"neow_bonus":"RANDOM_COMMON_RELIC","is_prod":false,"is_daily":false,"chose_seed":false,"campfire_upgraded":3,"win_rate":0,"timestamp":1541199025,"path_taken":["M","?","?","M","M","R","E","R","T","?","E","?","$","M","R","BOSS","M","?","?","M","$","R","M","R","T","E","R","?","?","M","R","BOSS","M","M","?","M","M","?","R","M","T","R","?","?","M","$","R","BOSS"],"build_version":"2018-11-01v2","purchased_purges":3,"victory":true,"max_hp_per_floor":[70,70,70,70,70,70,70,70,70,70,70,70,70,70,70,70,70,70,70,70,70,70,70,70,70,70,70,70,70,70,70,70,70,70,70,70,70,70,70,70,70,70,70,70,70,70,70,70,70,70],"card_choices":[{"not_picked":["Quick Slash","Cloak And Dagger"],"picked":"Caltrops","floor":1},{"not_picked":["Acrobatics","Bane"],"picked":"Tactician","floor":4},{"not_picked":["Crippling Poison","Prepared"],"picked":"Deadly Poison","floor":5},{"not_picked":["Sucker Punch","Die Die Die"],"picked":"Backflip","floor":7},{"not_picked":["Well Laid Plans","PiercingWail","Flying Knee"],"picked":"SKIP","floor":11},{"not_picked":["Calculated Gamble","Tactician"],"picked":"Bouncing Flask","floor":14},{"not_picked":["Doppelganger","Venomology"],"picked":"After Image","floor":16},{"not_picked":["Dodge and Roll","Expertise","Setup"],"picked":"SKIP","floor":18},{"not_picked":["Deadly Poison","Blade Dance"],"picked":"Noxious Fumes","floor":19},{"not_picked":["Dagger Throw","Backflip"],"picked":"Cloak And Dagger","floor":21},{"not_picked":["Flying Knee","Outmaneuver"],"picked":"Underhanded Strike","floor":24},{"not_picked":["Glass Knife","Expertise+1"],"picked":"Leg Sweep+1","floor":27},{"not_picked":["Skewer","Deadly Poison"],"picked":"Slice","floor":31},{"not_picked":["Wraith Form v2","Phantasmal Killer"],"picked":"Envenom","floor":33},{"not_picked":["Backflip","Caltrops+1","Quick Slash"],"picked":"SKIP","floor":35},{"not_picked":["Dagger Throw","Underhanded Strike+1","Poisoned Stab"],"picked":"SKIP","floor":36},{"not_picked":["Outmaneuver","Deadly Poison+1","Skewer","Backflip"],"picked":"SKIP","floor":38},{"not_picked":["Masterful Stab+1","Bane","Infinite Blades"],"picked":"Heel Hook","floor":39},{"not_picked":["Adrenaline","Prepared+1","Deflect"],"picked":"Acrobatics+1","floor":40},{"not_picked":["Dagger Spray","Night Terror","Cloak And Dagger"],"picked":"Slice","floor":42},{"not_picked":["Tactician+1","Sucker Punch+1","Dagger Spray+1","Leg Sweep+1"],"picked":"SKIP","floor":46},{"not_picked":["Dagger Spray","Blade Dance+1","Flying Knee+1"],"picked":"Terror+1","floor":47}],"player_experience":598256,"relics_obtained":[{"floor":7,"key":"Tingsha"},{"floor":9,"key":"Ancient Tea Set"},{"floor":11,"key":"Mercury Hourglass"},{"floor":19,"key":"Red Mask"},{"floor":20,"key":"Necronomicon"},{"floor":26,"key":"FossilizedHelix"},{"floor":27,"key":"Calipers"},{"floor":30,"key":"Bottled Tornado"},{"floor":37,"key":"Question Card"},{"floor":40,"key":"Bird Faced Urn"},{"floor":43,"key":"Shuriken"}],"event_choices":[{"damage_healed":0,"gold_gain":0,"player_choice":"Success","damage_taken":3,"relics_obtained":["Lantern"],"max_hp_gain":0,"max_hp_loss":0,"event_name":"Scrap Ooze","floor":2,"gold_loss":0},{"cards_removed":["Strike_G"],"damage_healed":0,"gold_gain":0,"player_choice":"Card Removal","damage_taken":7,"max_hp_gain":0,"max_hp_loss":0,"event_name":"Golden Wing","floor":3,"gold_loss":0},{"damage_healed":0,"gold_gain":0,"player_choice":"Ignored","damage_taken":0,"max_hp_gain":0,"max_hp_loss":0,"event_name":"Liars Game","floor":10,"gold_loss":0},{"damage_healed":0,"gold_gain":0,"player_choice":"2 cards matched","damage_taken":0,"max_hp_gain":0,"max_hp_loss":0,"event_name":"Match and Keep!","floor":12,"gold_loss":0,"cards_obtained":["Concentrate","Neutralize"]},{"damage_healed":0,"gold_gain":0,"player_choice":"Fought Bandits","damage_taken":0,"max_hp_gain":0,"max_hp_loss":0,"event_name":"Masked Bandits","floor":19,"gold_loss":0},{"damage_healed":0,"gold_gain":0,"player_choice":"Obtained Book","damage_taken":16,"max_hp_gain":0,"max_hp_loss":0,"event_name":"Cursed Tome","floor":20,"gold_loss":0},{"damage_healed":0,"gold_gain":0,"player_choice":"Fight","damage_taken":0,"max_hp_gain":0,"max_hp_loss":0,"event_name":"Mysterious Sphere","floor":40,"gold_loss":0},{"damage_healed":0,"gold_gain":0,"player_choice":"Embrace Madness","damage_taken":9,"max_hp_gain":0,"max_hp_loss":0,"event_name":"Winding Halls","floor":45,"gold_loss":0,"cards_obtained":["Madness","Madness"]}],"is_beta":true,"boss_relics":[{"not_picked":["HoveringKite","Tiny House"],"picked":"WristBlade"},{"not_picked":["Pandora\u0027s Box","Orrery"],"picked":"Astrolabe"}],"items_purged_floors":[13,22,48],"is_endless":false,"potions_floor_spawned":[7,14,16,18,19,27,31,36,39,46,47],"ascension_level":0}