{"path_per_floor":["M","?","?","M","M","R","?","R","T","M","R","M","M","$","R","B",null,"M","M","M","M","$","R","M","T","T","?","M","?","?","M","R","B",null,"M","$","?","?","?","R","M","R","T","$","M","?","M","$","R","B"],"character_chosen":"IRONCLAD","items_purchased":["Metallicize","Finesse","Iron Wave","Bag of Preparation"],"gold_per_floor":[114,114,114,129,140,140,140,140,140,157,157,169,182,28,28,124,124,140,115,126,144,44,44,61,131,131,131,149,99,99,115,115,220,220,234,13,13,13,13,13,24,24,324,8,27,27,44,44,44,44],"floor_reached":51,"campfire_rested":1,"playtime":5076,"current_hp_per_floor":[46,46,72,60,62,62,55,55,55,57,57,59,66,66,66,51,80,80,62,61,53,53,53,54,54,54,54,55,55,55,72,72,52,80,80,80,80,80,80,80,80,80,80,80,80,70,37,37,61,43],"items_purged":["Defend_R","Strike_R","Strike_R","Strike_R"],"gold":44,"play_id":"f5d58961-98a8-4f9e-985b-2c30beb2c576","is_prod":false,"is_daily":false,"is_ascension_mode":false,"campfire_upgraded":8,"path_taken":["M","?","?","M","?","R","?","R","T","M","R","M","M","$","R","BOSS","M","M","M","M","$","R","M","?","T","?","?","?","?","?","R","BOSS","M","?","?","?","?","R","M","R","T","?","?","?","M","$","R","BOSS"],"build_version":"2018-01-29-BETA1","purchased_purges":4,"victory":true,"master_deck":["Strike_R","Defend_R","Defend_R","Bash","Offering+1","Armaments+1","Reaper+1","Body Slam","Shrug It Off","Metallicize+1","Juggernaut+1","Feel No Pain+1","Cleave","Battle Trance","Metallicize+1","Iron Wave","Writhe","Warcry","Brutality+1","Inflame+1","Finesse","Rupture+1","Parasite","Iron Wave","Madness","Madness","Thunderclap"],"max_hp_per_floor":[80,80,80,80,80,80,80,80,80,80,80,80,80,80,80,80,80,80,80,80,80,80,80,80,80,80,80,80,80,80,80,80,80,80,80,80,80,80,80,80,80,80,80,80,80,80,80,80,80,80],"relics":["Burning Blood","Bird Faced Urn","Velvet Choker","Kunai","Matryoshka","Paper Frog","Cursed Key","Pantograph","Old Coin","Bag of Preparation"],"card_choices":[{"not_picked":["Dark Embrace","Feed"],"picked":"Offering"},{"not_picked":["Clothesline","Rage"],"picked":"Armaments"},{"not_picked":["Iron Wave","Corruption"],"picked":"Reaper"},{"not_picked":["Heavy Blade","Flex"],"picked":"Body Slam"},{"not_picked":["Shockwave","Cleave"],"picked":"Shrug It Off"},{"not_picked":["Limit Break","Double Tap"],"picked":"Juggernaut"},{"not_picked":["Clothesline","Perfected Strike"],"picked":"Feel No Pain"},{"not_picked":["Anger","Second Wind"],"picked":"Cleave"},{"not_picked":["Disarm","Sword Boomerang"],"picked":"Battle Trance"},{"not_picked":["Shrug It Off","Offering"],"picked":"Iron Wave"},{"not_picked":["Armaments","Whirlwind"],"picked":"Warcry"},{"not_picked":["Berserk","Impervious"],"picked":"Brutality"},{"not_picked":["Body Slam","Warcry"],"picked":"Inflame"},{"not_picked":["Heavy Blade","Thunderclap"],"picked":"Rupture"},{"not_picked":["Cleave","Clash"],"picked":"Thunderclap"}],"player_experience":138286,"potions_floor_usage":[18,20,21,31,47,50,50],"damage_taken":[{"damage":0,"enemies":"Small Slimes","floor":1,"turns":4},{"damage":18,"enemies":"Blue Slaver","floor":4,"turns":5},{"damage":4,"enemies":"Cultist","floor":5,"turns":4},{"damage":4,"enemies":"3 Louse","floor":10,"turns":4},{"damage":4,"enemies":"Looter","floor":12,"turns":3},{"damage":9,"enemies":"Exordium Thugs","floor":13,"turns":4},{"damage":33,"enemies":"Slime Boss","floor":16,"turns":13},{"damage":9,"enemies":"3 Byrds","floor":18,"turns":5},{"damage":35,"enemies":"2 Thieves","floor":19,"turns":5},{"damage":20,"enemies":"Snake Plant","floor":20,"turns":5},{"damage":25,"enemies":"Slaver and Parasite","floor":21,"turns":6},{"damage":11,"enemies":"Sentry and Sphere","floor":24,"turns":4},{"damage":18,"enemies":"Snake Plant","floor":28,"turns":6},{"damage":4,"enemies":"Chosen and Byrds","floor":31,"turns":5},{"damage":39,"enemies":"Automaton","floor":33,"turns":11},{"damage":19,"enemies":"3 Darklings","floor":35,"turns":5},{"damage":11,"enemies":"3 Shapes","floor":41,"turns":4},{"damage":9,"enemies":"Maw","floor":45,"turns":6},{"damage":63,"enemies":"Flame Bruiser 2 Orb","floor":47,"turns":5},{"damage":85,"enemies":"Donu and Deca","floor":50,"turns":9}],"event_choices":[{"event_name":"The Woman in Blue","player_choice":"Bought 0 Potions","floor":2,"damage_taken":0},{"event_name":"Big Fish","player_choice":"Banana","floor":3,"damage_taken":0},{"event_name":"Golden Wing","player_choice":"Card Removal","floor":7,"damage_taken":0},{"event_name":"The Library","player_choice":"Read","floor":27,"damage_taken":0},{"event_name":"The Joust","player_choice":"Bet on Murderer","floor":29,"damage_taken":0},{"event_name":"The Mausoleum","player_choice":"Yes","floor":30,"damage_taken":0},{"event_name":"Mysterious Sphere","player_choice":"Ignore","floor":37,"damage_taken":0},{"event_name":"Match and Keep!","player_choice":"0 cards matched","floor":39,"damage_taken":0},{"event_name":"Winding Halls","player_choice":"Embrace Madness","floor":46,"damage_taken":0}],"boss_relics":[{"not_picked":["Philosopher\u0027s Stone","Black Blood"],"picked":"Velvet Choker"},{"not_picked":["Black Star","Snecko Eye"],"picked":"Cursed Key"}],"potions_floor_spawned":[1,13,16,19,28,31,41],"seed_played":"-755405024918285963","ascension_level":0,"is_trial":false}