{"gold_per_floor":[115,128,144,159,90,115,115,142,188,214,401,413,425,472,484,593,605,632,634,606,630,660,672,684],"floor_reached":24,"playtime":797,"items_purged":[],"score":218,"play_id":"543200d0-bf0b-4ae8-8608-2c6ba283f500","local_time":"20181112001828","is_ascension_mode":false,"campfire_choices":[{"data":"Storm","floor":7,"key":"SMITH"},{"data":"Zap","floor":12,"key":"SMITH"},{"data":"Self Repair","floor":15,"key":"SMITH"},{"data":"Conserve Battery","floor":23,"key":"SMITH"}],"neow_cost":"NONE","seed_source_timestamp":310280209080095,"circlet_count":0,"master_deck":["Strike_B","Strike_B","Strike_B","Strike_B","Defend_B","Defend_B","Defend_B","Defend_B","Zap+1","Dualcast","Self Repair+1","Ball Lightning","Conserve Battery+1","Storm+1","BootSequence","Reboot+1","Doubt","Seek+1","Capacitor+1"],"relics":["Cracked Core","Kunai","Toxic Egg 2","MawBank","DataDisk","Molten Egg 2","Coffee Dripper"],"potions_floor_usage":[6,6,14,16],"damage_taken":[{"damage":11,"enemies":"Jaw Worm","floor":1,"turns":4},{"damage":3,"enemies":"Small Slimes","floor":2,"turns":3},{"damage":1,"enemies":"Cultist","floor":3,"turns":3},{"damage":4,"enemies":"Red Slaver","floor":4,"turns":3},{"damage":10,"enemies":"Gremlin Nob","floor":6,"turns":4},{"damage":14,"enemies":"Lagavulin","floor":8,"turns":6},{"damage":7,"enemies":"3 Louse","floor":10,"turns":3},{"damage":17,"enemies":"Gremlin Nob","floor":14,"turns":5},{"damage":29,"enemies":"The Guardian","floor":16,"turns":12},{"damage":0,"enemies":"Spheric Guardian","floor":18,"turns":4},{"damage":18,"enemies":"2 Thieves","floor":19,"turns":4},{"damage":15,"enemies":"3 Cultists","floor":21,"turns":5},{"damage":20,"enemies":"Snecko","floor":22,"turns":6},{"damage":59,"enemies":"Slavers","floor":24,"turns":3}],"seed_played":"1940838385498676188","potions_obtained":[{"floor":1,"key":"Weak Potion"},{"floor":3,"key":"LiquidBronze"},{"floor":4,"key":"SkillPotion"},{"floor":10,"key":"Swift Potion"}],"is_trial":false,"path_per_floor":["M","M","M","M","$","E","R","E","T","M","?","R","?","E","R","B",null,"M","M","?","M","M","R","E"],"character_chosen":"DEFECT","items_purchased":["Storm"],"campfire_rested":0,"item_purchase_floors":[5],"current_hp_per_floor":[71,75,81,77,77,74,74,67,67,67,67,67,67,57,57,38,82,82,74,74,69,59,59,0],"gold":684,"neow_bonus":"TEN_PERCENT_HP_BONUS","is_prod":false,"is_daily":false,"chose_seed":false,"campfire_upgraded":4,"win_rate":0,"timestamp":1541974708,"path_taken":["M","M","M","M","$","E","R","E","T","M","?","R","?","E","R","BOSS","M","M","?","M","M","R","E"],"build_version":"2018-11-08","purchased_purges":0,"victory":false,"max_hp_per_floor":[82,82,82,82,82,82,82,82,82,82,82,82,82,82,82,82,82,82,82,82,82,82,82,82],"card_choices":[{"not_picked":["Rip and Tear","Doom and Gloom"],"picked":"Self Repair","floor":1},{"not_picked":["Fusion","Reinforced Body"],"picked":"Ball Lightning","floor":2},{"not_picked":["Reinforced Body","Steam"],"picked":"Conserve Battery","floor":3},{"not_picked":["Coolheaded","Fusion","Gash"],"picked":"SKIP","floor":4},{"not_picked":["Melter","Steam"],"picked":"BootSequence","floor":6},{"not_picked":["Turbo","Stack"],"picked":"Reboot","floor":8},{"not_picked":["Rebound","Glacier+1","Chill+1"],"picked":"SKIP","floor":10},{"not_picked":["Turbo+1","Ball Lightning","Coolheaded+1"],"picked":"SKIP","floor":14},{"not_picked":["Meteor Strike+1","Hyperbeam+1"],"picked":"Seek+1","floor":16},{"not_picked":["Reprogram+1","Chill+1"],"picked":"Capacitor","floor":18},{"not_picked":["Double Energy+1","Skim+1","Rebound+1"],"picked":"SKIP","floor":19},{"not_picked":["Gash+1","Recycle+1","Streamline+1"],"picked":"SKIP","floor":21},{"not_picked":["Barrage+1","Heatsinks","Stack+1"],"picked":"SKIP","floor":22}],"player_experience":456886,"relics_obtained":[{"floor":6,"key":"Kunai"},{"floor":8,"key":"Toxic Egg 2"},{"floor":9,"key":"MawBank"},{"floor":14,"key":"Molten Egg 2"}],"event_choices":[{"damage_healed":0,"gold_gain":175,"player_choice":"AGREE","damage_taken":0,"max_hp_gain":0,"max_hp_loss":0,"event_name":"Liars Game","floor":11,"gold_loss":0,"cards_obtained":["Doubt"]},{"damage_healed":0,"gold_gain":0,"player_choice":"Searched \u00271\u0027 times","damage_taken":0,"relics_obtained":["DataDisk"],"max_hp_gain":0,"max_hp_loss":0,"event_name":"Dead Adventurer","floor":13,"gold_loss":0},{"damage_healed":0,"gold_gain":0,"player_choice":"Upgrade","damage_taken":0,"max_hp_gain":0,"max_hp_loss":0,"event_name":"Designer","floor":20,"gold_loss":40,"cards_upgraded":["Capacitor"]}],"is_beta":false,"boss_relics":[{"not_picked":["White Beast Statue","Philosopher\u0027s Stone"],"picked":"Coffee Dripper"}],"items_purged_floors":[],"is_endless":false,"potions_floor_spawned":[1,3,4,10],"killed_by":"Slavers","ascension_level":0}