{"gold_per_floor":[109,121,197,372,297,297,72,72,98,98,132,144,219,249,249,249],"floor_reached":16,"playtime":393,"items_purged":["Doubt"],"score":106,"play_id":"db999383-6afb-4eb7-874f-faca35b5830e","local_time":"20190703165630","is_ascension_mode":false,"campfire_choices":[{"data":"Feed","floor":6,"key":"SMITH"},{"data":"Whirlwind","floor":8,"key":"SMITH"},{"data":"Defend_R","floor":10,"key":"SMITH"},{"data":"Double Tap","floor":15,"key":"SMITH"}],"neow_cost":"TEN_PERCENT_HP_LOSS","seed_source_timestamp":90004352595500,"circlet_count":0,"master_deck":["Strike_R","Strike_R","Strike_R","Strike_R","Strike_R","Defend_R","Defend_R","Defend_R","Defend_R+1","Bash","Feed+1","Whirlwind+1","Double Tap+1"],"relics":["Burning Blood","Oddly Smooth Stone","Omamori","Pocketwatch","Pantograph"],"potions_floor_usage":[1],"damage_taken":[{"damage":10,"enemies":"Jaw Worm","floor":1,"turns":4},{"damage":5,"enemies":"2 Louse","floor":2,"turns":4},{"damage":28,"enemies":"Gremlin Nob","floor":11,"turns":4},{"damage":0,"enemies":"Small Slimes","floor":12,"turns":2},{"damage":45,"enemies":"Lagavulin","floor":14,"turns":7},{"damage":98,"enemies":"The Guardian","floor":16,"turns":16}],"seed_played":"8623461095825779238","potions_obtained":[{"floor":1,"key":"Fruit Juice"},{"floor":2,"key":"FairyPotion"}],"is_trial":false,"path_per_floor":["M","M","?","?","$","R","$","R","T","R","E","M","?","E","R","B"],"character_chosen":"IRONCLAD","items_purchased":["Oddly Smooth Stone","Whirlwind"],"campfire_rested":0,"item_purchase_floors":[7,7],"current_hp_per_floor":[76,80,80,80,80,80,80,80,80,80,62,72,61,22,22,0],"gold":249,"neow_bonus":"THREE_RARE_CARDS","is_prod":false,"is_daily":false,"chose_seed":false,"campfire_upgraded":4,"win_rate":0,"timestamp":1562162190,"path_taken":["M","M","?","?","$","R","$","R","T","R","E","M","?","E","R","BOSS"],"build_version":"2019-07-01","purchased_purges":1,"victory":false,"max_hp_per_floor":[80,83,83,83,83,83,83,83,83,83,87,91,91,91,91,91],"card_choices":[{"not_picked":["Fiend Fire","Offering"],"picked":"Feed","floor":0},{"not_picked":["Seeing Red","Wild Strike","Headbutt"],"picked":"SKIP","floor":1},{"not_picked":["Wild Strike","Clash","Sword Boomerang"],"picked":"SKIP","floor":2},{"not_picked":["Pommel Strike","Body Slam","Thunderclap"],"picked":"SKIP","floor":11},{"not_picked":["Heavy Blade","Thunderclap","Warcry"],"picked":"SKIP","floor":12},{"not_picked":["Anger","Sword Boomerang"],"picked":"Double Tap","floor":14}],"player_experience":672290,"relics_obtained":[{"floor":9,"key":"Omamori"},{"floor":11,"key":"Pocketwatch"},{"floor":14,"key":"Pantograph"}],"event_choices":[{"damage_healed":0,"gold_gain":76,"player_choice":"Gained Gold","damage_taken":0,"max_hp_gain":0,"max_hp_loss":0,"event_name":"Golden Wing","floor":3,"gold_loss":0},{"damage_healed":0,"gold_gain":175,"player_choice":"AGREE","damage_taken":0,"max_hp_gain":0,"max_hp_loss":0,"event_name":"Liars Game","floor":4,"gold_loss":0,"cards_obtained":["Doubt"]},{"damage_healed":0,"gold_gain":75,"player_choice":"Gather Gold","damage_taken":11,"max_hp_gain":0,"max_hp_loss":0,"event_name":"World of Goop","floor":13,"gold_loss":0}],"is_beta":false,"boss_relics":[],"items_purged_floors":[5],"is_endless":false,"potions_floor_spawned":[1,2],"killed_by":"The Guardian","ascension_level":0}