{"gold_per_floor":[212,212,212,232,244,244,244,244,244,264,294,294,349,364,364,460,460,476,391,402,416,463,491,188,188,188,207,217,234,234,261,261,358,358,374,390,390,149,149,149,178,278,278,313,103,203,217,227,227,227,227,227,52,82,82],"floor_reached":56,"playtime":1422,"items_purged":["Strike_R","Strike_R","Regret","Strike_R"],"score":1380,"play_id":"273f51b0-b5ac-4143-b5b8-d51c400244c1","local_time":"20190728104329","is_ascension_mode":false,"campfire_choices":[{"data":"Sword Boomerang","floor":6.0,"key":"SMITH"},{"data":"Spot Weakness","floor":8.0,"key":"SMITH"},{"data":"Shrug It Off","floor":15.0,"key":"SMITH"},{"data":"Heavy Blade","floor":25.0,"key":"SMITH"},{"data":"Demon Form","floor":30.0,"key":"SMITH"},{"data":"Shrug It Off","floor":32.0,"key":"SMITH"},{"data":"Limit Break","floor":40.0,"key":"SMITH"},{"floor":49,"key":"RECALL"},{"data":"Limit Break","floor":52,"key":"SMITH"}],"neow_cost":"NONE","seed_source_timestamp":43081629781800,"circlet_count":0,"master_deck":["Strike_R","Strike_R","Defend_R","Defend_R","Defend_R","Defend_R","Bash","Spot Weakness+1","Sword Boomerang+1","Sword Boomerang+1","Shrug It Off+1","Shrug It Off+1","Demon Form+1","Spot Weakness","Heavy Blade+1","Limit Break+1","Apotheosis","Shrug It Off+1","Limit Break+1","Sword Boomerang","Evolve"],"special_seed":0,"relics":["Burning Blood","The Courier","Red Skull","Tiny Chest","Velvet Choker","Happy Flower","Bag of Preparation","Gremlin Horn","Kunai","Matryoshka","Cursed Key","Sling","Blue Candle","Incense Burner","Paper Frog","Charon\u0027s Ashes","Self Forming Clay","Strawberry"],"potions_floor_usage":[48,55,55,55],"damage_taken":[{"damage":10.0,"enemies":"Small Slimes","floor":1.0,"turns":4.0},{"damage":1.0,"enemies":"Jaw Worm","floor":4.0,"turns":3.0},{"damage":7.0,"enemies":"2 Louse","floor":5.0,"turns":3.0},{"damage":12.0,"enemies":"Gremlin Gang","floor":10.0,"turns":3.0},{"damage":32.0,"enemies":"Gremlin Nob","floor":11.0,"turns":4.0},{"damage":18.0,"enemies":"Lagavulin","floor":13.0,"turns":7.0},{"damage":6.0,"enemies":"Large Slime","floor":14.0,"turns":2.0},{"damage":0.0,"enemies":"Slime Boss","floor":16.0,"turns":5.0},{"damage":12.0,"enemies":"Shell Parasite","floor":18.0,"turns":4.0},{"damage":7.0,"enemies":"Spheric Guardian","floor":20.0,"turns":5.0},{"damage":16.0,"enemies":"Snake Plant","floor":21.0,"turns":4.0},{"damage":32.0,"enemies":"Slavers","floor":23.0,"turns":4.0},{"damage":6.0,"enemies":"Cultist and Chosen","floor":27.0,"turns":4.0},{"damage":2.0,"enemies":"Shelled Parasite and Fungi","floor":28.0,"turns":2.0},{"damage":18.0,"enemies":"Snake Plant","floor":29.0,"turns":4.0},{"damage":0.0,"enemies":"Gremlin Leader","floor":31.0,"turns":4.0},{"damage":19.0,"enemies":"Collector","floor":33.0,"turns":5.0},{"damage":0.0,"enemies":"Orb Walker","floor":35.0,"turns":2.0},{"damage":19.0,"enemies":"3 Darklings","floor":36.0,"turns":4.0},{"damage":2.0,"enemies":"Nemesis","floor":41.0,"turns":5.0},{"damage":1.0,"enemies":"Mind Bloom Boss Battle","floor":42.0,"turns":4.0},{"damage":21,"enemies":"Giant Head","floor":44,"turns":6},{"damage":14,"enemies":"Spire Growth","floor":47,"turns":6},{"damage":16,"enemies":"Jaw Worm Horde","floor":48,"turns":3},{"damage":15,"enemies":"Donu and Deca","floor":50,"turns":4},{"damage":0,"enemies":"Shield and Spear","floor":54,"turns":3},{"damage":74,"enemies":"The Heart","floor":55,"turns":8}],"seed_played":"4801974659895158285","potions_obtained":[{"floor":1.0,"key":"PowerPotion"},{"floor":5.0,"key":"SpeedPotion"},{"floor":11.0,"key":"Energy Potion"},{"floor":13.0,"key":"Poison Potion"},{"floor":21.0,"key":"Poison Potion"},{"floor":23.0,"key":"Block Potion"},{"floor":28.0,"key":"PowerPotion"},{"floor":35.0,"key":"SteroidPotion"},{"floor":44,"key":"Energy Potion"},{"floor":48,"key":"BloodPotion"}],"is_trial":false,"path_per_floor":["M","$","?","M","M","R","?","R","T","M","E","?","E","M","R","B",null,"M","?","M","M","T","E","$","R","T","M","M","M","R","E","R","B",null,"M","M","?","$","T","R","E","?","T","E","$","?","M","M","R","B",null,"R","$","E","B",null],"character_chosen":"IRONCLAD","items_purchased":["Kunai","Heavy Blade","Sling","Limit Break","Evolve"],"campfire_rested":0,"item_purchase_floors":[24,24,38,45,53],"current_hp_per_floor":[76,76,81,85,84,84,84,84,84,78,52,52,40,40,40,46,85,79,79,78,68,68,42,42,42,42,42,46,34,34,40,40,27,85,85,72,72,72,72,72,76,81,81,66,66,66,58,48,48,39,85,85,85,92,47],"gold":82,"neow_bonus":"HUNDRED_GOLD","is_prod":false,"is_daily":false,"chose_seed":false,"campfire_upgraded":8,"win_rate":0,"timestamp":1564299809,"path_taken":["M","$","?","M","M","R","?","R","T","M","E","?","E","?","R","BOSS","M","?","M","M","?","E","$","R","T","M","?","M","R","E","R","BOSS","M","M","?","$","?","R","E","?","T","E","$","?","?","M","R","BOSS","R","$","E","BOSS"],"build_version":"2019-07-17","purchased_purges":4,"victory":true,"max_hp_per_floor":[80,80,85,85,85,85,85,85,85,85,85,85,85,85,85,85,85,85,85,85,85,85,85,85,85,85,85,85,85,85,85,85,85,85,85,85,85,85,85,85,85,85,85,85,85,85,85,85,85,85,85,85,85,92,92],"card_choices":[{"not_picked":["Uppercut","Shrug It Off"],"picked":"Spot Weakness","floor":1.0},{"not_picked":["Disarm","Feel No Pain"],"picked":"Sword Boomerang","floor":4.0},{"not_picked":["Corruption","Clothesline","Perfected Strike"],"picked":"SKIP","floor":5.0},{"not_picked":["Iron Wave","Twin Strike"],"picked":"Sword Boomerang","floor":10.0},{"not_picked":["Intimidate","Metallicize"],"picked":"Shrug It Off","floor":11.0},{"not_picked":["Carnage","Perfected Strike","Thunderclap"],"picked":"SKIP","floor":13.0},{"not_picked":["Sword Boomerang","Flame Barrier"],"picked":"Shrug It Off","floor":14.0},{"not_picked":["Bludgeon","Barricade"],"picked":"Demon Form","floor":16.0},{"not_picked":["Shrug It Off+1","Armaments","Uppercut"],"picked":"SKIP","floor":18.0},{"not_picked":["Metallicize","Havoc"],"picked":"Spot Weakness","floor":20.0},{"not_picked":["Body Slam","Sentinel+1","Perfected Strike"],"picked":"SKIP","floor":21.0},{"not_picked":["Clothesline","Sentinel","Flex"],"picked":"SKIP","floor":23.0},{"not_picked":["Body Slam","Dropkick","Pommel Strike"],"picked":"SKIP","floor":27.0},{"not_picked":["Pummel","Warcry","Havoc"],"picked":"SKIP","floor":28.0},{"not_picked":["Searing Blow+1","Pummel","Combust"],"picked":"SKIP","floor":29.0},{"not_picked":["Entrench+1","Reckless Charge","Seeing Red"],"picked":"SKIP","floor":31.0},{"not_picked":["Brutality","Exhume"],"picked":"Limit Break","floor":33.0},{"not_picked":["Burning Pact+1","Warcry","Dropkick+1"],"picked":"SKIP","floor":35.0},{"not_picked":["Iron Wave+1","Twin Strike","Spot Weakness"],"picked":"SKIP","floor":36.0},{"not_picked":["Panacea","Purity"],"picked":"Apotheosis","floor":37.0},{"not_picked":["Intimidate+1","Bloodletting+1"],"picked":"Shrug It Off+1","floor":41.0},{"not_picked":["Sever Soul","Uppercut+1","Sword Boomerang+1"],"picked":"SKIP","floor":44},{"not_picked":["Twin Strike+1","Clash","Spot Weakness+1"],"picked":"SKIP","floor":47},{"not_picked":["Havoc","Seeing Red"],"picked":"Sword Boomerang","floor":48},{"not_picked":["Clothesline","Metallicize","Juggernaut"],"picked":"SKIP","floor":54}],"player_experience":780524,"relics_obtained":[{"floor":9.0,"key":"The Courier"},{"floor":11.0,"key":"Red Skull"},{"floor":13.0,"key":"Tiny Chest"},{"floor":22.0,"key":"Bag of Preparation"},{"floor":23.0,"key":"Gremlin Horn"},{"floor":31.0,"key":"Matryoshka"},{"floor":39.0,"key":"Blue Candle"},{"floor":39.0,"key":"Incense Burner"},{"floor":41.0,"key":"Paper Frog"},{"floor":42.0,"key":"Charon\u0027s Ashes"},{"floor":44,"key":"Self Forming Clay"},{"floor":54,"key":"Strawberry"}],"event_choices":[{"damage_healed":0.0,"max_hp_gain":5.0,"max_hp_loss":0.0,"gold_gain":0.0,"event_name":"Big Fish","player_choice":"Donut","floor":3.0,"gold_loss":0.0,"damage_taken":0.0},{"damage_healed":0.0,"max_hp_gain":0.0,"max_hp_loss":0.0,"gold_gain":0.0,"event_name":"The Cleric","player_choice":"Leave","floor":7.0,"gold_loss":0.0,"damage_taken":0.0},{"damage_healed":0.0,"max_hp_gain":0.0,"max_hp_loss":0.0,"gold_gain":0.0,"event_name":"Upgrade Shrine","player_choice":"Upgraded","floor":12.0,"gold_loss":0.0,"damage_taken":0.0,"cards_upgraded":["Sword Boomerang"]},{"damage_healed":0.0,"max_hp_gain":0.0,"max_hp_loss":0.0,"gold_gain":0.0,"event_name":"Addict","player_choice":"Obtained Relic","floor":19.0,"gold_loss":85.0,"damage_taken":0.0,"relics_obtained":["Happy Flower"]},{"damage_healed":0.0,"max_hp_gain":0.0,"max_hp_loss":0.0,"gold_gain":0.0,"event_name":"SensoryStone","player_choice":"Memory 1","floor":37.0,"gold_loss":0.0,"damage_taken":0.0},{"damage_healed":0.0,"max_hp_gain":0.0,"max_hp_loss":0.0,"gold_gain":0.0,"event_name":"MindBloom","player_choice":"Fight","floor":42.0,"gold_loss":0.0,"damage_taken":0.0},{"damage_healed":0,"gold_gain":100,"player_choice":"Pray","damage_taken":0,"max_hp_gain":0,"max_hp_loss":0,"event_name":"Golden Shrine","floor":46,"gold_loss":0}],"is_beta":false,"boss_relics":[{"not_picked":["Runic Cube","Sozu"],"picked":"Velvet Choker"},{"not_picked":["Black Blood","Snecko Eye"],"picked":"Cursed Key"}],"items_purged_floors":[24,38,45,53],"is_endless":false,"potions_floor_spawned":[1,5,11,13,21,23,28,29,35,36,44,48,54],"ascension_level":0}