{"gold_per_floor":[109,15,27,38,49,49,59,86,86,86,11,22,40,40,40,145,145,162,162,92,17,17,47,47,61,108,120,150,189,215,244,256,268],"floor_reached":33,"playtime":981,"items_purged":["Strike_R"],"score":289,"play_id":"65903c66-89d5-48de-9691-0313e32545ea","local_time":"20190713184837","is_ascension_mode":false,"campfire_choices":[{"data":"Armaments","floor":6.0,"key":"SMITH"},{"data":"Juggernaut","floor":10.0,"key":"SMITH"},{"data":"Body Slam","floor":15.0,"key":"SMITH"},{"data":"Entrench","floor":27.0,"key":"SMITH"},{"data":"Entrench","floor":32.0,"key":"SMITH"}],"neow_cost":"TEN_PERCENT_HP_LOSS","seed_source_timestamp":240293020336900,"circlet_count":0,"master_deck":["Strike_R+1","Defend_R+1","Defend_R+1","Defend_R+1","Defend_R+1","Bash","Armaments+1","Blind","Shrug It Off","Juggernaut+1","Evolve","Body Slam+1","Juggernaut+1","Entrench+1","Juggernaut+1","Body Slam+1","Entrench+1"],"special_seed":0,"relics":["Burning Blood","Darkstone Periapt","Frozen Egg 2","Sozu","MutagenicStrength","Bag of Marbles","MawBank","StoneCalendar"],"potions_floor_usage":[],"damage_taken":[{"damage":6.0,"enemies":"Cultist","floor":1.0,"turns":3.0},{"damage":5.0,"enemies":"Small Slimes","floor":3.0,"turns":4.0},{"damage":1.0,"enemies":"2 Louse","floor":4.0,"turns":4.0},{"damage":7.0,"enemies":"Exordium Thugs","floor":5.0,"turns":7.0},{"damage":0.0,"enemies":"Exordium Wildlife","floor":7.0,"turns":6.0},{"damage":12.0,"enemies":"Gremlin Nob","floor":8.0,"turns":5.0},{"damage":1.0,"enemies":"3 Louse","floor":12.0,"turns":3.0},{"damage":1.0,"enemies":"Exordium Thugs","floor":13.0,"turns":7.0},{"damage":5.0,"enemies":"The Guardian","floor":16.0,"turns":11.0},{"damage":0.0,"enemies":"Chosen","floor":18.0,"turns":4.0},{"damage":12.0,"enemies":"Book of Stabbing","floor":23.0,"turns":5.0},{"damage":0.0,"enemies":"Shell Parasite","floor":25.0,"turns":3.0},{"damage":10.0,"enemies":"Snecko","floor":28.0,"turns":6.0},{"damage":37.0,"enemies":"Slavers","floor":29.0,"turns":5.0},{"damage":18.0,"enemies":"Snake Plant","floor":30.0,"turns":4.0},{"damage":4.0,"enemies":"Centurion and Healer","floor":31.0,"turns":5.0},{"damage":50,"enemies":"Collector","floor":33,"turns":6}],"seed_played":"-3369450699062219877","potions_obtained":[{"floor":3.0,"key":"Strength Potion"},{"floor":4.0,"key":"Block Potion"},{"floor":5.0,"key":"Fire Potion"},{"floor":13.0,"key":"Regen Potion"},{"floor":16.0,"key":"Explosive Potion"}],"is_trial":false,"path_per_floor":["M","$","M","M","M","R","M","E","T","R","$","M","M","?","R","B",null,"M","?","$","?","?","E","?","M","T","R","M","E","M","M","R","B"],"character_chosen":"IRONCLAD","items_purchased":["Blind","Entrench"],"campfire_rested":0,"item_purchase_floors":[2,20],"current_hp_per_floor":[72,72,72,72,71,71,72,66,66,66,66,71,72,72,72,72,72,72,72,72,72,72,66,66,72,72,72,68,49,37,39,39,0],"gold":268,"neow_bonus":"REMOVE_TWO","is_prod":false,"is_daily":false,"chose_seed":false,"campfire_upgraded":5,"win_rate":0,"timestamp":1563032917,"path_taken":["M","$","M","M","?","R","M","E","T","R","$","M","M","?","R","BOSS","M","?","$","?","?","E","?","M","T","R","M","E","?","M","R","BOSS"],"build_version":"2019-07-05","purchased_purges":1,"victory":false,"max_hp_per_floor":[72,72,72,72,72,72,72,72,72,72,72,72,72,72,72,72,72,72,72,72,72,72,72,72,72,72,72,72,72,72,72,72,72],"card_choices":[{"not_picked":["Pommel Strike","Carnage"],"picked":"Armaments","floor":1.0},{"not_picked":["Feel No Pain","Armaments","Warcry"],"picked":"SKIP","floor":3.0},{"not_picked":["Flex","Power Through","Armaments"],"picked":"SKIP","floor":4.0},{"not_picked":["Perfected Strike","Carnage"],"picked":"Shrug It Off","floor":5.0},{"not_picked":["Whirlwind","Twin Strike"],"picked":"Juggernaut","floor":7.0},{"not_picked":["Shockwave","Uppercut"],"picked":"Evolve","floor":8.0},{"not_picked":["Havoc","Thunderclap","True Grit"],"picked":"SKIP","floor":12.0},{"not_picked":["Spot Weakness","Shockwave"],"picked":"Body Slam","floor":13.0},{"not_picked":["Brutality+1","Feed"],"picked":"Juggernaut+1","floor":16.0},{"not_picked":["Armaments+1","Pummel","Spot Weakness"],"picked":"SKIP","floor":18.0},{"not_picked":["Armaments","Warcry"],"picked":"Juggernaut+1","floor":23.0},{"not_picked":["Hemokinesis+1","Cleave","Bloodletting"],"picked":"SKIP","floor":25.0},{"not_picked":["Flex","Armaments","Intimidate"],"picked":"SKIP","floor":28.0},{"not_picked":["Twin Strike+1","Fire Breathing+1","Pommel Strike"],"picked":"SKIP","floor":29.0},{"not_picked":["Hemokinesis+1","Perfected Strike+1","Wild Strike"],"picked":"SKIP","floor":30.0},{"not_picked":["Disarm","Pommel Strike"],"picked":"Entrench","floor":31.0}],"player_experience":700234,"relics_obtained":[{"floor":8.0,"key":"Darkstone Periapt"},{"floor":9.0,"key":"Frozen Egg 2"},{"floor":23.0,"key":"Bag of Marbles"},{"floor":26.0,"key":"MawBank"},{"floor":29.0,"key":"StoneCalendar"}],"event_choices":[{"damage_healed":0.0,"max_hp_gain":0.0,"max_hp_loss":0.0,"gold_gain":0.0,"event_name":"The Cleric","player_choice":"Leave","floor":14.0,"gold_loss":0.0,"damage_taken":0.0},{"damage_healed":0.0,"max_hp_gain":0.0,"max_hp_loss":0.0,"gold_gain":0.0,"event_name":"Drug Dealer","player_choice":"Inject Mutagens","floor":19.0,"gold_loss":0.0,"damage_taken":0.0,"relics_obtained":["MutagenicStrength"]},{"cards_removed":["Strike_R"],"damage_healed":0.0,"max_hp_gain":0.0,"max_hp_loss":0.0,"gold_gain":0.0,"event_name":"Beggar","player_choice":"Gave Gold","floor":21.0,"gold_loss":75.0,"damage_taken":0.0},{"damage_healed":0.0,"max_hp_gain":0.0,"max_hp_loss":0.0,"gold_gain":0.0,"event_name":"Back to Basics","player_choice":"Simplicity","floor":22.0,"gold_loss":0.0,"damage_taken":0.0,"cards_upgraded":["Strike_R","Defend_R","Defend_R","Defend_R","Defend_R"]},{"damage_healed":0.0,"max_hp_gain":0.0,"max_hp_loss":0.0,"gold_gain":0.0,"event_name":"Duplicator","player_choice":"Copied","floor":24.0,"gold_loss":0.0,"damage_taken":0.0,"cards_obtained":["Body Slam"]}],"is_beta":false,"boss_relics":[{"not_picked":["Velvet Choker","Empty Cage"],"picked":"Sozu"}],"items_purged_floors":[11],"is_endless":false,"potions_floor_spawned":[3,4,5,13,16,18,23,31],"killed_by":"Collector","ascension_level":0}