{"gold_per_floor":[210,226,301,317,317,345,345,360,387,387],"floor_reached":10,"playtime":473,"items_purged":[],"score":85,"play_id":"41acffd4-d809-45aa-87df-4b448cdbfe03","local_time":"20190713080712","is_ascension_mode":true,"campfire_choices":[{"floor":7,"key":"REST"}],"neow_cost":"NONE","seed_source_timestamp":41398932058691,"circlet_count":0,"master_deck":["Strike_G","Strike_G","Strike_G","Strike_G","Strike_G","Defend_G","Defend_G","Defend_G","Defend_G","Defend_G","Survivor","Neutralize","Dodge and Roll","Blur","Dagger Spray","PiercingWail"],"relics":["Ring of the Snake","Smiling Mask","Bag of Preparation"],"potions_floor_usage":[6,8],"damage_taken":[{"damage":0,"enemies":"Jaw Worm","floor":1,"turns":5},{"damage":0,"enemies":"2 Louse","floor":2,"turns":3},{"damage":0,"enemies":"Small Slimes","floor":4,"turns":5},{"damage":37,"enemies":"Gremlin Nob","floor":6,"turns":5},{"damage":0,"enemies":"3 Louse","floor":8,"turns":5},{"damage":50,"enemies":"Lagavulin","floor":10,"turns":8}],"seed_played":"2896492585330035254","potions_obtained":[{"floor":4,"key":"Poison Potion"},{"floor":6,"key":"EssenceOfSteel"}],"is_trial":false,"path_per_floor":["M","M","?","M","?","E","R","M","T","E"],"character_chosen":"THE_SILENT","items_purchased":[],"campfire_rested":1,"item_purchase_floors":[],"current_hp_per_floor":[70,70,59,59,59,22,43,43,43,0],"gold":387,"neow_bonus":"HUNDRED_GOLD","is_prod":false,"is_daily":false,"chose_seed":false,"campfire_upgraded":0,"win_rate":0,"timestamp":1562998032,"path_taken":["M","M","?","M","?","E","R","M","T","E"],"build_version":"2019-07-05","purchased_purges":0,"victory":false,"max_hp_per_floor":[70,70,70,70,70,70,70,70,70,70],"card_choices":[{"not_picked":["Tactician","Distraction"],"picked":"Dodge and Roll","floor":1},{"not_picked":["Flying Knee","Deflect"],"picked":"Blur","floor":2},{"not_picked":["Bane","Endless Agony"],"picked":"Dagger Spray","floor":4},{"not_picked":["Prepared","Catalyst"],"picked":"PiercingWail","floor":6},{"not_picked":["Dodge and Roll","Dagger Throw","Skewer"],"picked":"SKIP","floor":8}],"player_experience":354499,"relics_obtained":[{"floor":6,"key":"Smiling Mask"},{"floor":9,"key":"Bag of Preparation"}],"event_choices":[{"damage_healed":0,"gold_gain":75,"player_choice":"Gather Gold","damage_taken":11,"max_hp_gain":0,"max_hp_loss":0,"event_name":"World of Goop","floor":3,"gold_loss":0},{"damage_healed":0,"gold_gain":0,"player_choice":"Ignored","damage_taken":0,"max_hp_gain":0,"max_hp_loss":0,"event_name":"Liars Game","floor":5,"gold_loss":0}],"is_beta":false,"boss_relics":[],"items_purged_floors":[],"is_endless":false,"potions_floor_spawned":[4,6],"killed_by":"Lagavulin","ascension_level":5}