{"gold_per_floor":[118,42,42,42,142,142,158,158,185,196,196,231,246,267,267,362,362,379,478,506,506,520,520,538,538,538,387,403,59,73,98,98,202,202,215,226,226,226],"floor_reached":39,"playtime":1576,"items_purged":["Defend_G","Strike_G"],"score":647,"play_id":"d97655c3-799c-464e-beb8-08bbfd78765c","local_time":"20190721013418","is_ascension_mode":false,"campfire_choices":[{"data":"Neutralize","floor":6.0,"key":"SMITH"},{"data":"Cloak And Dagger","floor":8.0,"key":"SMITH"},{"data":"Deadly Poison","floor":11.0,"key":"SMITH"},{"data":"Bouncing Flask","floor":15.0,"key":"SMITH"},{"data":"Dash","floor":23.0,"key":"SMITH"},{"data":"Survivor","floor":25.0,"key":"SMITH"},{"floor":32,"key":"REST"}],"neow_cost":"NONE","seed_source_timestamp":0,"circlet_count":0,"master_deck":["Strike_G","Strike_G","Strike_G","Strike_G","Defend_G","Defend_G","Defend_G","Defend_G","Survivor+1","Neutralize+1","Deflect","Crippling Poison+1","Cloak And Dagger+1","Deadly Poison+1","Bouncing Flask+1","Dash+1","Backstab+1","Footwork","Backflip","Blade Dance","Bane+1","Cloak And Dagger","Crippling Poison","Dodge and Roll+1"],"special_seed":0,"relics":["Lizard Tail","Strawberry","Snake Skull","Pantograph","Odd Mushroom","Busted Crown","Red Mask","Shuriken","Membership Card","Vajra","Gremlin Horn","Philosopher\u0027s Stone"],"potions_floor_usage":[30,38],"damage_taken":[{"damage":0.0,"enemies":"Small Slimes","floor":1.0,"turns":4.0},{"damage":3.0,"enemies":"2 Louse","floor":7.0,"turns":3.0},{"damage":4.0,"enemies":"Cultist","floor":10.0,"turns":3.0},{"damage":15.0,"enemies":"3 Sentries","floor":12.0,"turns":12.0},{"damage":5.0,"enemies":"2 Fungi Beasts","floor":13.0,"turns":4.0},{"damage":3.0,"enemies":"The Mushroom Lair","floor":14.0,"turns":2.0},{"damage":10.0,"enemies":"Slime Boss","floor":16.0,"turns":11.0},{"damage":0.0,"enemies":"Chosen","floor":18.0,"turns":4.0},{"damage":21.0,"enemies":"Masked Bandits","floor":20.0,"turns":4.0},{"damage":0.0,"enemies":"3 Byrds","floor":22.0,"turns":3.0},{"damage":5.0,"enemies":"Snecko","floor":24.0,"turns":5.0},{"damage":10,"enemies":"Shelled Parasite and Fungi","floor":28,"turns":5},{"damage":6,"enemies":"Snake Plant","floor":30,"turns":3},{"damage":20,"enemies":"Gremlin Leader","floor":31,"turns":6},{"damage":42,"enemies":"Automaton","floor":33,"turns":9},{"damage":2,"enemies":"3 Darklings","floor":35,"turns":4},{"damage":5,"enemies":"Orb Walker","floor":36,"turns":3},{"damage":95,"enemies":"Donu and Deca","floor":38,"turns":11}],"seed_played":"305820845410692922","potions_obtained":[{"floor":10.0,"key":"Energy Potion"},{"floor":12.0,"key":"SteroidPotion"},{"floor":14.0,"key":"PowerPotion"},{"floor":20.0,"key":"Poison Potion"},{"floor":24.0,"key":"Ancient Potion"},{"floor":28,"key":"Block Potion"}],"is_trial":false,"path_per_floor":["M","$","?","?","?","R","M","R","T","M","R","E","M","?","R","B",null,"M","?","?","?","M","R","M","R","T","$","M","$","M","E","R","B",null,"M","M","?","B",null],"character_chosen":"THE_SILENT","items_purchased":["Crippling Poison","Footwork","Membership Card","Vajra","Blade Dance"],"campfire_rested":1,"item_purchase_floors":[2,27,29,29,29],"current_hp_per_floor":[70,70,70,70,70,70,67,67,67,63,63,48,43,40,40,55,77,77,77,56,56,56,56,51,51,51,51,41,41,35,15,38,21,77,75,70,70,20],"gold":226,"neow_bonus":"BOSS_RELIC","is_prod":false,"is_daily":false,"chose_seed":false,"campfire_upgraded":6,"win_rate":0,"timestamp":1563694458,"path_taken":["M","$","?","?","?","R","M","R","T","M","R","E","?","?","R","BOSS","M","?","?","?","?","R","M","R","T","$","M","?","M","E","R","BOSS","M","M","?","BOSS"],"build_version":"2019-07-17","purchased_purges":2,"victory":true,"max_hp_per_floor":[70,70,70,77,77,77,77,77,77,77,77,77,77,77,77,77,77,77,77,77,77,77,77,77,77,77,77,77,77,77,77,77,77,77,77,77,77,77],"card_choices":[{"not_picked":["Reflex","Flying Knee"],"picked":"Deflect","floor":1.0},{"not_picked":["Dagger Spray","Cloak And Dagger","Expertise"],"picked":"SKIP","floor":7.0},{"not_picked":["Dagger Spray","Expertise"],"picked":"Cloak And Dagger","floor":7.0},{"not_picked":["Quick Slash","Dagger Spray"],"picked":"Deadly Poison","floor":10.0},{"not_picked":["Bane","Slice"],"picked":"Bouncing Flask","floor":12.0},{"not_picked":["Well Laid Plans","Blur"],"picked":"Dash","floor":13.0},{"not_picked":["Outmaneuver"],"picked":"SKIP","floor":18.0},{"not_picked":["Flying Knee"],"picked":"SKIP","floor":22.0},{"not_picked":[],"picked":"Backstab+1","floor":24.0},{"not_picked":[],"picked":"Backflip","floor":28},{"not_picked":[],"picked":"Bane+1","floor":30},{"not_picked":[],"picked":"Cloak And Dagger","floor":31},{"not_picked":[],"picked":"Crippling Poison","floor":35},{"not_picked":[],"picked":"Dodge and Roll+1","floor":36}],"player_experience":1557810,"relics_obtained":[{"floor":9.0,"key":"Snake Skull"},{"floor":12.0,"key":"Pantograph"},{"floor":14.0,"key":"Odd Mushroom"},{"floor":20.0,"key":"Red Mask"},{"floor":26.0,"key":"Shuriken"},{"floor":31,"key":"Gremlin Horn"}],"event_choices":[{"damage_healed":0.0,"max_hp_gain":0.0,"max_hp_loss":0.0,"gold_gain":0.0,"event_name":"Living Wall","player_choice":"Grow","floor":3.0,"gold_loss":0.0,"damage_taken":0.0,"cards_upgraded":["Crippling Poison"]},{"damage_healed":0.0,"max_hp_gain":0.0,"max_hp_loss":0.0,"gold_gain":0.0,"event_name":"Scrap Ooze","player_choice":"Success","floor":4.0,"gold_loss":0.0,"damage_taken":7.0,"relics_obtained":["Strawberry"]},{"damage_healed":0.0,"max_hp_gain":0.0,"max_hp_loss":0.0,"gold_gain":100.0,"event_name":"Golden Shrine","player_choice":"Pray","floor":5.0,"gold_loss":0.0,"damage_taken":0.0},{"damage_healed":0.0,"max_hp_gain":0.0,"max_hp_loss":0.0,"gold_gain":0.0,"event_name":"Mushrooms","player_choice":"Fought Mushrooms","floor":14.0,"gold_loss":0.0,"damage_taken":0.0},{"damage_healed":0.0,"max_hp_gain":0.0,"max_hp_loss":0.0,"gold_gain":99.0,"event_name":"Nest","player_choice":"Stole From Cult","floor":19.0,"gold_loss":0.0,"damage_taken":0.0},{"damage_healed":0.0,"max_hp_gain":0.0,"max_hp_loss":0.0,"gold_gain":0.0,"event_name":"Masked Bandits","player_choice":"Fought Bandits","floor":20.0,"gold_loss":0.0,"damage_taken":0.0},{"damage_healed":0.0,"max_hp_gain":0.0,"max_hp_loss":0.0,"gold_gain":0.0,"event_name":"Ghosts","player_choice":"Ignored","floor":21.0,"gold_loss":0.0,"damage_taken":0.0},{"damage_healed":0,"gold_gain":0,"player_choice":"Took Portal","damage_taken":0,"max_hp_gain":0,"max_hp_loss":0,"event_name":"SecretPortal","floor":37,"gold_loss":0}],"is_beta":false,"boss_relics":[{"not_picked":["WristBlade","Empty Cage"],"picked":"Busted Crown"},{"not_picked":["Fusion Hammer","Orrery"],"picked":"Philosopher\u0027s Stone"}],"items_purged_floors":[27,29],"is_endless":false,"potions_floor_spawned":[10,12,14,20,24,28],"ascension_level":0}