{"path_per_floor":["M","?","$","M","M","E","R","E","T","E","M","?","$","M","R","B",null,"M","M","?","M","$","R","M","M","T","R","M","$","M","?","R","B",null,"M","M","?","?","?","M","R","$","T","M","R","M","M","M","R"],"character_chosen":"THE_SILENT","items_purchased":["Blur","Finesse","Bag of Preparation","Deflect"],"gold_per_floor":[112,112,37,54,66,95,95,129,129,155,165,165,97,110,110,212,212,232,247,337,355,0,0,10,26,26,26,39,39,55,55,55,150,150,160,177,177,177,177,191,191,43,88,104,104,123,143,162,162],"floor_reached":50,"campfire_rested":0,"playtime":6250,"current_hp_per_floor":[67,64,64,64,64,53,53,44,44,46,48,34,34,36,36,38,70,70,69,55,57,57,57,56,40,40,40,38,38,39,39,39,30,70,67,69,69,69,69,70,70,70,70,70,70,65,67,69,69],"items_purged":["Defend_G","Strike_G","Corpse Explosion"],"gold":162,"play_id":"06a9eb51-43e1-408a-8dda-c28b46162d01","is_prod":false,"is_daily":false,"is_ascension_mode":true,"campfire_upgraded":8,"path_taken":["M","?","$","M","M","E","R","E","T","E","?","?","$","?","R","BOSS","M","?","?","?","$","R","M","M","T","R","M","?","M","?","R","BOSS","M","M","?","?","?","M","R","$","T","M","R","M","M","M","R","BOSS"],"build_version":"2018-01-26-BETA1","purchased_purges":3,"victory":false,"master_deck":["Defend_G","Defend_G","Defend_G","Survivor+1","Neutralize+1","Finisher+1","Dash+1","Backflip+1","Deflect+1","Adrenaline","Blur+1","A Thousand Cuts+1","Deflect","Deflect","Flying Knee","Slice+1","Well Laid Plans","Finesse","Prepared+1","Bullet Time+1","Venomology+1","Reflex+1","Expertise+1","Blade Dance+1","Blade Dance+1","Deflect"],"max_hp_per_floor":[70,70,70,70,70,70,70,70,70,70,70,70,70,70,70,70,70,70,70,70,70,70,70,70,70,70,70,70,70,70,70,70,70,70,70,70,70,70,70,70,70,70,70,70,70,70,70,70,70],"relics":["Ring of the Snake","Bronze Scales","Anchor","Blood Vial","Ice Cream","Gremlin Horn","Orrery","Bag of Preparation","Juzu Bracelet","Astrolabe","Molten Egg"],"card_choices":[{"not_picked":["Malaise","Bane"],"picked":"Dash"},{"not_picked":["Malaise","All Out Attack"],"picked":"Backflip"},{"not_picked":["Prepared","Riddle With Holes"],"picked":"Deflect"},{"not_picked":["Dodge and Roll","Dagger Throw"],"picked":"Adrenaline"},{"not_picked":["Phantasmal Killer","Night Terror"],"picked":"A Thousand Cuts"},{"not_picked":["Bane","Expertise"],"picked":"Deflect"},{"not_picked":["Slice","Deadly Poison"],"picked":"Deflect"},{"not_picked":["Riddle With Holes","Poisoned Stab"],"picked":"Flying Knee"},{"not_picked":["Malaise","Poisoned Stab"],"picked":"Slice"},{"not_picked":["Crippling Poison","Deadly Poison"],"picked":"Well Laid Plans"},{"not_picked":["Dodge and Roll","Choke"],"picked":"Prepared"},{"not_picked":["Unload","Envenom"],"picked":"Bullet Time"},{"not_picked":["PiercingWail","Sucker Punch"],"picked":"Expertise"},{"not_picked":["Backflip","Backstab"],"picked":"Blade Dance"},{"not_picked":["Noxious Fumes","Heel Hook"],"picked":"Blade Dance"}],"player_experience":32240,"potions_floor_usage":[6,10,19,21,25,36,40,46,46,48,50,50,50,50],"damage_taken":[{"damage":3,"enemies":"Jaw Worm","floor":1,"turns":7},{"damage":0,"enemies":"2 Louse","floor":4,"turns":3},{"damage":0,"enemies":"Cultist","floor":5,"turns":4},{"damage":11,"enemies":"3 Sentries","floor":6,"turns":9},{"damage":9,"enemies":"Gremlin Nob","floor":8,"turns":5},{"damage":0,"enemies":"3 Sentries","floor":10,"turns":7},{"damage":0,"enemies":"Gremlin Gang","floor":11,"turns":1},{"damage":0,"enemies":"Exordium Thugs","floor":14,"turns":3},{"damage":0,"enemies":"The Guardian","floor":16,"turns":12},{"damage":0,"enemies":"3 Byrds","floor":18,"turns":2},{"damage":1,"enemies":"2 Thieves","floor":19,"turns":3},{"damage":0,"enemies":"Chosen and Byrds","floor":21,"turns":4},{"damage":3,"enemies":"Sentry and Sphere","floor":24,"turns":4},{"damage":18,"enemies":"Centurion and Healer","floor":25,"turns":6},{"damage":4,"enemies":"Snake Plant","floor":28,"turns":4},{"damage":1,"enemies":"3 Cultists","floor":30,"turns":5},{"damage":11,"enemies":"Collector","floor":33,"turns":11},{"damage":3,"enemies":"3 Shapes","floor":35,"turns":4},{"damage":0,"enemies":"Flame Bruiser 1 Orb","floor":36,"turns":3},{"damage":0,"enemies":"Maw","floor":40,"turns":7},{"damage":0,"enemies":"Sphere and 2 Shapes","floor":44,"turns":3},{"damage":5,"enemies":"4 Shapes","floor":46,"turns":4},{"damage":0,"enemies":"Flame Bruiser 2 Orb","floor":47,"turns":3},{"damage":0,"enemies":"Spire Growth","floor":48,"turns":4},{"damage":73,"enemies":"Time Eater","floor":50,"turns":17}],"event_choices":[{"event_name":"Scrap Ooze","player_choice":"success","floor":2,"damage_taken":3},{"event_name":"Shining Light","player_choice":"Entered Light","floor":12,"damage_taken":0},{"event_name":"Knowing Skull","player_choice":"GOLD ","floor":20,"damage_taken":0},{"event_name":"Vampires","player_choice":"Ignored","floor":31,"damage_taken":0},{"event_name":"Mysterious Sphere","player_choice":"Ignore","floor":38,"damage_taken":0},{"event_name":"Accursed Blacksmith","player_choice":"Ignore","floor":39,"damage_taken":0}],"boss_relics":[{"not_picked":["Runic Pyramid","Philosopher\u0027s Stone"],"picked":"Orrery"},{"not_picked":["The Specimen","Lizard Tail"],"picked":"Astrolabe"}],"potions_floor_spawned":[1,6,8,10,19,24,33,35,40,48],"seed_played":"-1316713738714045519","killed_by":"Time Eater","ascension_level":2,"is_trial":false}