{"path_per_floor":["M","M","?","$","M","R","?","R","T","M","M","M","?","M","R","B",null,"M","M","M","M","M","R","?","?","T","M","$","M","?","M","R"],"character_chosen":"IRONCLAD","items_purchased":["Shrug It Off"],"gold_per_floor":[111,123,123,1,16,16,16,16,16,33,45,59,59,75,75,170,170,181,168,184,204,218,218,218,143,143,162,62,72,72,88,88],"floor_reached":33,"campfire_rested":2,"playtime":3636,"current_hp_per_floor":[80,80,72,72,78,78,78,78,78,55,63,69,69,76,76,64,80,64,54,35,9,15,39,39,39,39,39,39,48,48,20,44],"items_purged":["Strike_R","Strike_R"],"gold":88,"play_id":"7a646e16-91f3-4f66-b03a-bdda539bd91c","is_prod":false,"is_daily":false,"is_ascension_mode":false,"campfire_upgraded":3,"path_taken":["M","?","?","$","M","R","?","R","T","M","M","M","?","M","R","BOSS","M","M","M","M","M","R","?","?","T","M","$","M","?","M","R","BOSS"],"build_version":"2018-02-01-BETA1","purchased_purges":2,"victory":false,"master_deck":["Strike_R+1","Strike_R+1","Defend_R+1","Defend_R+1","Defend_R+1","Defend_R+1","Bash","Impervious","Pommel Strike+1","Shrug It Off+1","Metallicize+1","Shrug It Off+1","Rampage","Headbutt","Evolve","Good Instincts","Immolate","Armaments","Iron Wave","Inflame","Disarm+1"],"max_hp_per_floor":[80,80,80,80,80,80,80,80,80,80,80,80,80,80,80,80,80,80,80,80,80,80,80,80,80,80,80,80,80,80,80,80],"relics":["Burning Blood","Bird Faced Urn","Orrery","Du-Vu Doll"],"card_choices":[{"not_picked":["Warcry","Perfected Strike"],"picked":"Impervious"},{"not_picked":["Seeing Red","Wild Strike"],"picked":"Pommel Strike"},{"not_picked":["Shrug It Off","Heavy Blade"],"picked":"Metallicize"},{"not_picked":["Twin Strike","Immolate"],"picked":"Shrug It Off"},{"not_picked":["Shrug It Off","Flame Barrier"],"picked":"Rampage"},{"not_picked":["Body Slam","Clash"],"picked":"Headbutt"},{"not_picked":["Double Tap","Reaper"],"picked":"Immolate"},{"not_picked":["Havoc","Heavy Blade"],"picked":"Armaments"},{"not_picked":["Spot Weakness","Flex"],"picked":"Iron Wave"},{"not_picked":["Flex","Shrug It Off"],"picked":"Inflame"},{"not_picked":["Clash","Havoc"],"picked":"Disarm"}],"player_experience":201016,"potions_floor_usage":[10,16,16,19,21,27,27,29,29,31],"damage_taken":[{"damage":6,"enemies":"Blue Slaver","floor":1,"turns":4},{"damage":5,"enemies":"Cultist","floor":2,"turns":4},{"damage":0,"enemies":"2 Louse","floor":5,"turns":3},{"damage":29,"enemies":"Gremlin Gang","floor":10,"turns":5},{"damage":0,"enemies":"Looter","floor":11,"turns":4},{"damage":0,"enemies":"2 Fungi Beasts","floor":12,"turns":5},{"damage":1,"enemies":"Lots of Slimes","floor":14,"turns":4},{"damage":22,"enemies":"Slime Boss","floor":16,"turns":12},{"damage":24,"enemies":"Chosen","floor":18,"turns":6},{"damage":30,"enemies":"2 Thieves","floor":19,"turns":4},{"damage":31,"enemies":"Centurion and Healer","floor":20,"turns":9},{"damage":36,"enemies":"Cultist and Chosen","floor":21,"turns":9},{"damage":6,"enemies":"Snecko","floor":22,"turns":6},{"damage":12,"enemies":"Snake Plant","floor":27,"turns":8},{"damage":3,"enemies":"Slaver and Parasite","floor":29,"turns":14},{"damage":38,"enemies":"Chosen and Byrds","floor":31,"turns":11},{"damage":53,"enemies":"Collector","floor":33,"turns":5}],"event_choices":[{"event_name":"Wheel of Change","player_choice":"Damage","floor":3,"damage_taken":0},{"event_name":"Accursed Blacksmith","player_choice":"Forge","floor":7,"damage_taken":0},{"event_name":"Match and Keep!","player_choice":"2 cards matched","floor":13,"damage_taken":0},{"event_name":"The Lab","player_choice":"Got Potions","floor":24,"damage_taken":0},{"event_name":"Beggar","player_choice":"Gave Gold","floor":25,"damage_taken":0},{"event_name":"Back to Basics","player_choice":"Simplicity","floor":30,"damage_taken":0}],"boss_relics":[{"not_picked":["Runic Pyramid","Pandora\u0027s Box"],"picked":"Orrery"}],"potions_floor_spawned":[5,10,11,16,19,22,27,29],"seed_played":"-8913404853521537129","killed_by":"Collector","ascension_level":0,"is_trial":false}