{"gold_per_floor":[116,127,52,69,86,112,112,142,142,157,169,169,183,198,198,300,300,315,215,229,239,256,256,268,268,294,169,169,120,120,150,150,246,246,257,272,290,87,87,117,117,130,157,157,169,181,31,41,41,41],"floor_reached":51,"playtime":1544,"items_purged":["Strike_R","Strike_R","Strike_R","Strike_R"],"score":740,"play_id":"23a80b84-18f4-4480-91a3-eac357a31268","local_time":"20181021125037","is_ascension_mode":false,"campfire_choices":[{"data":"1","floor":12,"key":"LIFT"},{"data":"2","floor":15,"key":"LIFT"},{"data":"3","floor":23,"key":"LIFT"},{"data":"Double Tap","floor":28,"key":"SMITH"},{"data":"Rampage","floor":30,"key":"SMITH"},{"data":"Inflame","floor":32,"key":"SMITH"},{"floor":41,"key":"REST"},{"floor":49,"key":"REST"}],"neow_cost":"NONE","seed_source_timestamp":33108287460935,"circlet_count":0,"master_deck":["Strike_R","Defend_R","Defend_R","Defend_R","Defend_R","Bash","Rampage+1","Inflame+1","Cleave","Rampage+1","Double Tap+1","Pommel Strike+1","Shrug It Off","Shrug It Off","Shrug It Off","Battle Trance+1"],"relics":["Burning Blood","Strawberry","Nunchaku","Girya","Velvet Choker","MutagenicStrength","Oddly Smooth Stone","Meat on the Bone","Fusion Hammer","Anchor","Bird Faced Urn","Matryoshka","Regal Pillow","Orichalcum","Ancient Tea Set","Bottled Flame"],"potions_floor_usage":[6,6,16,33,37,50,50],"damage_taken":[{"damage":6,"enemies":"Cultist","floor":1,"turns":3},{"damage":0,"enemies":"2 Louse","floor":2,"turns":2},{"damage":0,"enemies":"Small Slimes","floor":4,"turns":2},{"damage":16,"enemies":"Red Slaver","floor":5,"turns":3},{"damage":22,"enemies":"3 Sentries","floor":6,"turns":5},{"damage":28,"enemies":"Gremlin Nob","floor":8,"turns":4},{"damage":6,"enemies":"2 Fungi Beasts","floor":10,"turns":3},{"damage":5,"enemies":"Looter","floor":11,"turns":3},{"damage":14,"enemies":"Red Slaver","floor":13,"turns":5},{"damage":0,"enemies":"Large Slime","floor":14,"turns":3},{"damage":21,"enemies":"Hexaghost","floor":16,"turns":7},{"damage":15,"enemies":"3 Byrds","floor":18,"turns":4},{"damage":5,"enemies":"Chosen","floor":20,"turns":2},{"damage":12,"enemies":"Snecko","floor":21,"turns":4},{"damage":7,"enemies":"3 Cultists","floor":22,"turns":3},{"damage":16,"enemies":"Snake Plant","floor":24,"turns":3},{"damage":17,"enemies":"Slavers","floor":31,"turns":3},{"damage":49,"enemies":"Automaton","floor":33,"turns":8},{"damage":3,"enemies":"3 Shapes","floor":35,"turns":4},{"damage":1,"enemies":"Orb Walker","floor":36,"turns":2},{"damage":0,"enemies":"3 Darklings","floor":37,"turns":2},{"damage":28,"enemies":"Mind Bloom Boss Battle","floor":39,"turns":5},{"damage":26,"enemies":"Nemesis","floor":40,"turns":5},{"damage":7,"enemies":"Writhing Mass","floor":42,"turns":4},{"damage":0,"enemies":"Sphere and 2 Shapes","floor":45,"turns":4},{"damage":12,"enemies":"Maw","floor":46,"turns":6},{"damage":10,"enemies":"4 Shapes","floor":48,"turns":5},{"damage":58,"enemies":"Awakened One","floor":50,"turns":10}],"seed_played":"-3046595459503263624","potions_obtained":[{"floor":2,"key":"LiquidBronze"},{"floor":4,"key":"Explosive Potion"},{"floor":8,"key":"Regen Potion"},{"floor":10,"key":"FearPotion"},{"floor":16,"key":"Strength Potion"},{"floor":21,"key":"Fire Potion"},{"floor":36,"key":"Energy Potion"},{"floor":40,"key":"Ancient Potion"}],"is_trial":false,"path_per_floor":["M","M","$","M","M","E","?","E","T","M","M","R","M","M","R","B",null,"M","$","M","M","M","R","M","?","T","$","R","$","R","E","R","B",null,"M","M","M","$","?","E","R","M","T","T","M","M","$","M","R","B"],"character_chosen":"IRONCLAD","items_purchased":["Shrug It Off","Anchor","Shrug It Off"],"campfire_rested":2,"item_purchase_floors":[29,38,38],"current_hp_per_floor":[80,80,80,80,70,61,61,39,39,39,40,40,32,38,38,23,87,78,78,79,73,72,72,62,62,62,62,62,62,62,51,51,20,87,87,87,87,87,65,59,85,86,86,86,87,81,81,79,87,51],"gold":41,"neow_bonus":"THREE_CARDS","is_prod":false,"is_daily":false,"chose_seed":false,"campfire_upgraded":3,"win_rate":0,"timestamp":1540115437,"path_taken":["M","M","$","?","M","E","?","E","T","M","?","R","M","M","R","BOSS","M","$","M","M","M","R","M","?","T","$","R","$","R","E","R","BOSS","M","M","M","$","?","E","R","M","T","?","M","M","$","M","R","BOSS"],"build_version":"2018-10-18","purchased_purges":4,"victory":true,"max_hp_per_floor":[80,80,80,80,80,87,87,87,87,87,87,87,87,87,87,87,87,87,87,87,87,87,87,87,87,87,87,87,87,87,87,87,87,87,87,87,87,87,87,87,87,87,87,87,87,87,87,87,87,87],"card_choices":[{"not_picked":["Flex","Thunderclap"],"picked":"Rampage","floor":0},{"not_picked":["Clothesline","Anger","Fire Breathing"],"picked":"SKIP","floor":1},{"not_picked":["Heavy Blade","Twin Strike"],"picked":"Inflame","floor":2},{"not_picked":["Wild Strike","Sever Soul","Dropkick"],"picked":"SKIP","floor":4},{"not_picked":["Wild Strike","Headbutt"],"picked":"Cleave","floor":5},{"not_picked":["Wild Strike","Barricade"],"picked":"Rampage","floor":6},{"not_picked":["Searing Blow","Feel No Pain","Iron Wave"],"picked":"SKIP","floor":8},{"not_picked":["Body Slam","Power Through","Cleave"],"picked":"SKIP","floor":10},{"not_picked":["Twin Strike","Warcry","Clash"],"picked":"SKIP","floor":11},{"not_picked":["Cleave","Entrench","Sword Boomerang"],"picked":"SKIP","floor":13},{"not_picked":["Flex","Infernal Blade","Fiend Fire"],"picked":"SKIP","floor":14},{"not_picked":["Fiend Fire","Brutality"],"picked":"Double Tap","floor":16},{"not_picked":["Blood for Blood","Heavy Blade+1"],"picked":"Pommel Strike+1","floor":18},{"not_picked":["Battle Trance","Whirlwind+1"],"picked":"Shrug It Off","floor":20},{"not_picked":["Cleave","Bloodletting","Iron Wave"],"picked":"SKIP","floor":21},{"not_picked":["Headbutt","Iron Wave","Clothesline+1"],"picked":"SKIP","floor":22},{"not_picked":["Anger","Seeing Red","Evolve"],"picked":"SKIP","floor":24},{"not_picked":["Bloodletting","Bludgeon","Armaments"],"picked":"SKIP","floor":31},{"not_picked":["Clothesline+1","Anger","Iron Wave+1"],"picked":"SKIP","floor":35},{"not_picked":["Iron Wave","Wild Strike","Intimidate"],"picked":"SKIP","floor":36},{"not_picked":["Fiend Fire","Clash+1","Dropkick+1"],"picked":"SKIP","floor":37},{"not_picked":["Bloodletting+1","Wild Strike+1","Thunderclap+1"],"picked":"SKIP","floor":40},{"not_picked":["Spot Weakness","Clash"],"picked":"Battle Trance+1","floor":42},{"not_picked":["Disarm+1","Headbutt+1","Rupture"],"picked":"SKIP","floor":45},{"not_picked":["Corruption+1","Intimidate+1","Pommel Strike"],"picked":"SKIP","floor":46},{"not_picked":["Burning Pact","Anger+1","Entrench"],"picked":"SKIP","floor":48}],"player_experience":413052,"relics_obtained":[{"floor":6,"key":"Strawberry"},{"floor":8,"key":"Nunchaku"},{"floor":9,"key":"Girya"},{"floor":26,"key":"Oddly Smooth Stone"},{"floor":31,"key":"Meat on the Bone"},{"floor":39,"key":"Bird Faced Urn"},{"floor":40,"key":"Matryoshka"},{"floor":43,"key":"Regal Pillow"},{"floor":43,"key":"Orichalcum"},{"floor":44,"key":"Ancient Tea Set"},{"floor":44,"key":"Bottled Flame"}],"event_choices":[{"damage_healed":0,"gold_gain":0,"player_choice":"Grow","damage_taken":0,"max_hp_gain":0,"max_hp_loss":0,"event_name":"Living Wall","floor":7,"gold_loss":0,"cards_upgraded":["Rampage"]},{"damage_healed":0,"gold_gain":0,"player_choice":"Inject Mutagens","damage_taken":0,"relics_obtained":["MutagenicStrength"],"max_hp_gain":0,"max_hp_loss":0,"event_name":"Drug Dealer","floor":25,"gold_loss":0},{"damage_healed":0,"gold_gain":0,"player_choice":"Fight","damage_taken":0,"max_hp_gain":0,"max_hp_loss":0,"event_name":"MindBloom","floor":39,"gold_loss":0}],"is_beta":false,"boss_relics":[{"not_picked":["Runic Dome","Lizard Tail"],"picked":"Velvet Choker"},{"not_picked":["Orrery","Tiny House"],"picked":"Fusion Hammer"}],"items_purged_floors":[3,19,27,47],"is_endless":false,"potions_floor_spawned":[2,4,8,10,16,21,22,36,40,42,45,46],"ascension_level":0}