{"path_per_floor":["M","?","T","$","M","R","E","R","T","M","T","M","$","E","R","B",null,"M","M","?","$","M","R","M","R","T","R","M","M","R","$","R","B",null,"M","?","?","T","$","E","R","M","T","M","M","M","R","M","R"],"character_chosen":"THE_SILENT","items_purchased":["Cloak And Dagger","Accuracy","Escape Plan","Finesse"],"gold_per_floor":[10,10,60,13,24,24,50,50,102,121,175,195,39,68,68,164,164,182,202,202,24,41,41,54,54,77,77,97,117,117,27,27,125,125,138,138,138,138,13,42,42,60,60,78,92,102,102,117,117],"floor_reached":50,"campfire_rested":3,"playtime":4762,"current_hp_per_floor":[62,67,67,67,67,67,45,45,45,45,45,45,45,48,48,33,82,76,76,60,60,56,56,62,62,62,62,51,38,62,62,82,57,82,80,80,80,80,80,68,76,76,76,65,60,51,59,49,81],"items_purged":["Strike_G","Strike_G","Strike_G"],"gold":117,"play_id":"e399f4a7-9b14-40a4-a7cd-76f1b38c5973","is_prod":false,"is_daily":false,"is_ascension_mode":true,"campfire_upgraded":8,"path_taken":["M","?","?","$","M","R","E","R","T","M","?","M","$","E","R","BOSS","M","M","?","$","M","R","M","R","T","R","M","M","R","$","R","BOSS","M","?","?","?","$","E","R","?","T","?","M","M","R","M","R","BOSS"],"build_version":"2018-01-26-BETA1","purchased_purges":3,"victory":false,"master_deck":["Defend_G","Defend_G","Defend_G","Defend_G","Defend_G","Survivor+1","Neutralize+1","Cloak And Dagger+1","Cloak And Dagger+1","A Thousand Cuts+1","Dagger Throw+1","Slice","Caltrops+1","Accuracy+1","Escape Plan","Tactician+1","Acrobatics+1","Necronomicurse","Escape Plan","Finesse","Prepared+1"],"max_hp_per_floor":[70,75,75,75,75,75,75,75,75,75,75,75,75,82,82,82,82,82,82,82,82,82,82,82,82,82,82,82,82,82,82,82,82,82,82,82,82,82,82,82,82,82,82,82,82,82,82,82,82],"relics":["Ring of the Snake","Lantern","Toxic Egg","Molten Egg","Bronze Scales","Strawberry","White Beast Statue","Necronomicon","Happy Flower","Eternal Feather","Ninja Scroll","Bag of Marbles","Ice Cream"],"card_choices":[{"not_picked":["Quick Slash","Dagger Throw"],"picked":"Cloak And Dagger"},{"not_picked":["Bouncing Flask","Slice"],"picked":"A Thousand Cuts"},{"not_picked":["PiercingWail","Outmaneuver"],"picked":"Dagger Throw"},{"not_picked":["Finisher","Acrobatics"],"picked":"Slice"},{"not_picked":["Dagger Throw","Flying Knee"],"picked":"Caltrops"},{"not_picked":["Acrobatics","Backstab"],"picked":"Escape Plan"},{"not_picked":["Unload","Burst"],"picked":"Tactician"},{"not_picked":["Heel Hook","Dodge and Roll"],"picked":"Acrobatics"},{"not_picked":["Cloak And Dagger","Slice"],"picked":"Infinite Blades"},{"not_picked":["Endless Agony","Underhanded Strike"],"picked":"Prepared"}],"player_experience":45275,"potions_floor_usage":[14,14,16,22,22,24,29,33,40,42,44,45,46,48,50,50,50],"damage_taken":[{"damage":8,"enemies":"Cultist","floor":1,"turns":7},{"damage":0,"enemies":"2 Louse","floor":5,"turns":3},{"damage":22,"enemies":"3 Sentries","floor":7,"turns":7},{"damage":0,"enemies":"Jaw Worm","floor":10,"turns":2},{"damage":0,"enemies":"2 Fungi Beasts","floor":12,"turns":2},{"damage":13,"enemies":"Gremlin Nob","floor":14,"turns":4},{"damage":15,"enemies":"The Guardian","floor":16,"turns":9},{"damage":6,"enemies":"Spheric Guardian","floor":18,"turns":3},{"damage":0,"enemies":"3 Byrds","floor":19,"turns":2},{"damage":4,"enemies":"Slaver and Parasite","floor":22,"turns":4},{"damage":6,"enemies":"Snecko","floor":24,"turns":5},{"damage":11,"enemies":"Centurion and Healer","floor":28,"turns":6},{"damage":13,"enemies":"Snake Plant","floor":29,"turns":4},{"damage":25,"enemies":"Collector","floor":33,"turns":7},{"damage":2,"enemies":"Flame Bruiser 1 Orb","floor":35,"turns":5},{"damage":12,"enemies":"Giant Head","floor":40,"turns":7},{"damage":0,"enemies":"Orb Walker","floor":42,"turns":2},{"damage":23,"enemies":"Spire Growth","floor":44,"turns":4},{"damage":5,"enemies":"3 Darklings","floor":45,"turns":2},{"damage":9,"enemies":"Maw","floor":46,"turns":5},{"damage":10,"enemies":"Flame Bruiser 2 Orb","floor":48,"turns":3},{"damage":96,"enemies":"Time Eater","floor":50,"turns":12}],"event_choices":[{"event_name":"Big Fish","player_choice":"Donut","floor":2,"damage_taken":0},{"event_name":"Cursed Tome","player_choice":"Obtained Book","floor":20,"damage_taken":0},{"event_name":"Mysterious Sphere","player_choice":"Ignore","floor":37,"damage_taken":0}],"boss_relics":[{"not_picked":["Runic Dome","Orrery"],"picked":"White Beast Statue"},{"not_picked":["Black Star","Runic Pyramid"],"picked":"Eternal Feather"}],"potions_floor_spawned":[7,10,12,18,19,22,24,28,29,33,35,40,42,44,45,46,48],"seed_played":"7034946796326536944","killed_by":"Time Eater","ascension_level":3,"is_trial":false}