{"gold_per_floor":[109,122,122,140,153,165,165,57,81,99,133,150,170,190,190,190],"floor_reached":16,"playtime":509,"items_purged":["Strike_R"],"score":106,"play_id":"fbc1621b-3b23-4d9b-b0e3-5c0076c221a6","local_time":"20190622051618","is_ascension_mode":false,"campfire_choices":[{"data":"Flame Barrier","floor":7,"key":"SMITH"},{"data":"Body Slam","floor":15,"key":"SMITH"}],"neow_cost":"NONE","seed_source_timestamp":714084906866300,"circlet_count":0,"master_deck":["Strike_R","Strike_R","Strike_R","Strike_R","Defend_R","Defend_R","Defend_R","Defend_R+1","Bash","Flame Barrier+1","Shrug It Off","Inflame","Inflame","Body Slam+1"],"relics":["Burning Blood","Red Skull","Lantern","Odd Mushroom"],"potions_floor_usage":[],"damage_taken":[{"damage":0,"enemies":"Small Slimes","floor":1,"turns":3},{"damage":9,"enemies":"Cultist","floor":2,"turns":5},{"damage":1,"enemies":"Jaw Worm","floor":4,"turns":5},{"damage":0,"enemies":"Blue Slaver","floor":5,"turns":6},{"damage":12,"enemies":"Looter","floor":6,"turns":4},{"damage":5,"enemies":"Exordium Wildlife","floor":10,"turns":5},{"damage":31,"enemies":"Lagavulin","floor":11,"turns":7},{"damage":12,"enemies":"Gremlin Gang","floor":12,"turns":6},{"damage":9,"enemies":"The Mushroom Lair","floor":13,"turns":6},{"damage":21,"enemies":"Large Slime","floor":14,"turns":5},{"damage":26,"enemies":"Hexaghost","floor":16,"turns":9}],"seed_played":"642399649399083994","potions_obtained":[{"floor":1,"key":"Swift Potion"},{"floor":4,"key":"Regen Potion"},{"floor":10,"key":"Energy Potion"}],"is_trial":false,"path_per_floor":["M","M","$","M","M","M","R","$","T","M","E","M","?","M","R","B"],"character_chosen":"IRONCLAD","items_purchased":["Inflame"],"campfire_rested":0,"item_purchase_floors":[8],"current_hp_per_floor":[80,77,77,80,80,74,74,74,74,75,50,44,41,26,26,0],"gold":190,"neow_bonus":"UPGRADE_CARD","is_prod":false,"is_daily":false,"chose_seed":false,"campfire_upgraded":2,"win_rate":0,"timestamp":1561169778,"path_taken":["M","M","$","M","M","M","R","$","T","M","E","M","?","M","R","BOSS"],"build_version":"2019-01-23","purchased_purges":1,"victory":false,"max_hp_per_floor":[80,80,80,80,80,80,80,80,80,80,80,80,80,80,80,80],"card_choices":[{"not_picked":["True Grit","Clash"],"picked":"Flame Barrier","floor":1},{"not_picked":["Sever Soul","Wild Strike","Uppercut"],"picked":"SKIP","floor":2},{"not_picked":["Second Wind","Headbutt","Disarm"],"picked":"SKIP","floor":4},{"not_picked":["Clothesline","Power Through"],"picked":"Shrug It Off","floor":5},{"not_picked":["Combust","Thunderclap","Seeing Red"],"picked":"SKIP","floor":6},{"not_picked":["Reckless Charge","Armaments"],"picked":"Inflame","floor":10},{"not_picked":["Clothesline","Burning Pact","Combust"],"picked":"SKIP","floor":11},{"not_picked":["Seeing Red","Havoc","Ghostly Armor"],"picked":"SKIP","floor":12},{"not_picked":["Cleave","Heavy Blade"],"picked":"Body Slam","floor":13},{"not_picked":["Twin Strike","Clothesline","Pummel"],"picked":"SKIP","floor":14}],"player_experience":646629,"relics_obtained":[{"floor":9,"key":"Red Skull"},{"floor":11,"key":"Lantern"},{"floor":13,"key":"Odd Mushroom"}],"event_choices":[{"damage_healed":0,"gold_gain":0,"player_choice":"Fought Mushrooms","damage_taken":0,"max_hp_gain":0,"max_hp_loss":0,"event_name":"Mushrooms","floor":13,"gold_loss":0}],"is_beta":false,"boss_relics":[],"items_purged_floors":[8],"is_endless":false,"potions_floor_spawned":[1,4,10,13],"killed_by":"Hexaghost","ascension_level":0}