{"gold_per_floor":[119,119,136,154,10,10,21,21,46,46,56,71,83,158,158,253,253,253],"floor_reached":18,"playtime":346,"items_purged":[],"score":179,"play_id":"14d41786-8dd6-450c-a60c-b43b9e7681b2","local_time":"20190126173430","is_ascension_mode":false,"campfire_choices":[{"data":"Armaments","floor":6,"key":"SMITH"},{"data":"Double Tap","floor":8,"key":"SMITH"},{"data":"Inflame","floor":10,"key":"SMITH"},{"data":"Demon Form","floor":15,"key":"SMITH"}],"neow_cost":"NONE","seed_source_timestamp":590997288017351,"circlet_count":0,"master_deck":["Strike_R","Strike_R","Strike_R","Strike_R","Strike_R","Defend_R","Defend_R","Defend_R","Defend_R","Bash","Inflame+1","Armaments+1","Double Tap+1","Demon Form+1"],"relics":["Burning Blood","Strawberry","Juzu Bracelet","Busted Crown"],"potions_floor_usage":[16],"damage_taken":[{"damage":6,"enemies":"Cultist","floor":1,"turns":3},{"damage":2,"enemies":"Small Slimes","floor":3,"turns":3},{"damage":6,"enemies":"Jaw Worm","floor":4,"turns":3},{"damage":10,"enemies":"Looter","floor":7,"turns":3},{"damage":4,"enemies":"Gremlin Gang","floor":11,"turns":5},{"damage":21,"enemies":"Large Slime","floor":12,"turns":7},{"damage":14,"enemies":"Blue Slaver","floor":13,"turns":3},{"damage":34,"enemies":"Hexaghost","floor":16,"turns":7},{"damage":5,"enemies":"3 Byrds","floor":18,"turns":2}],"seed_played":"-4067135179153968856","potions_obtained":[{"floor":1,"key":"EssenceOfSteel"},{"floor":3,"key":"Dexterity Potion"},{"floor":13,"key":"SkillPotion"},{"floor":16,"key":"LiquidBronze"}],"is_trial":false,"path_per_floor":["M","?","M","M","$","R","M","R","T","R","M","M","M","?","R","B",null,"M"],"character_chosen":"IRONCLAD","items_purchased":["Double Tap"],"campfire_rested":0,"item_purchase_floors":[5],"current_hp_per_floor":[88,83,87,87,87,87,83,83,83,83,85,70,62,51,51,23,95,90],"gold":253,"neow_bonus":"TEN_PERCENT_HP_BONUS","is_prod":false,"is_daily":false,"chose_seed":false,"campfire_upgraded":4,"win_rate":0,"timestamp":1548516870,"path_taken":["M","?","M","M","$","R","M","R","T","R","M","M","M","?","R","BOSS","M"],"build_version":"2019-01-23","purchased_purges":0,"victory":false,"max_hp_per_floor":[88,95,95,95,95,95,95,95,95,95,95,95,95,95,95,95,95,95],"card_choices":[{"not_picked":["Hemokinesis","Body Slam"],"picked":"Inflame","floor":1},{"not_picked":["Carnage","Wild Strike","Headbutt"],"picked":"SKIP","floor":3},{"not_picked":["Dropkick","Pommel Strike"],"picked":"Armaments","floor":4},{"not_picked":["Shockwave","Havoc","Heavy Blade"],"picked":"SKIP","floor":7},{"not_picked":["Thunderclap","Infernal Blade","Clothesline"],"picked":"SKIP","floor":11},{"not_picked":["True Grit","Power Through","Clash"],"picked":"SKIP","floor":12},{"not_picked":["True Grit","Power Through"],"picked":"Demon Form","floor":13}],"player_experience":580632,"relics_obtained":[{"floor":9,"key":"Juzu Bracelet"}],"event_choices":[{"damage_healed":0,"gold_gain":0,"player_choice":"Success","damage_taken":12,"relics_obtained":["Strawberry"],"max_hp_gain":0,"max_hp_loss":0,"event_name":"Scrap Ooze","floor":2,"gold_loss":0},{"damage_healed":0,"gold_gain":75,"player_choice":"Gather Gold","damage_taken":11,"max_hp_gain":0,"max_hp_loss":0,"event_name":"World of Goop","floor":14,"gold_loss":0}],"is_beta":false,"boss_relics":[{"not_picked":["Lizard Tail","Eternal Feather"],"picked":"Busted Crown"}],"items_purged_floors":[],"is_endless":false,"potions_floor_spawned":[1,3,13,16],"killed_by":"3 Byrds","ascension_level":0}