{"gold_per_floor":[114,130,130,150,59,83,83,158,184,14,30,63,63,63],"floor_reached":14,"playtime":420,"items_purged":[],"score":90,"play_id":"5f4a0cd5-2710-48d5-b35e-5222bcec015e","local_time":"20190428065025","is_ascension_mode":false,"campfire_choices":[{"floor":13,"key":"REST"}],"neow_cost":"NONE","seed_source_timestamp":950700515054795,"circlet_count":0,"master_deck":["Strike_B","Strike_B","Strike_B","Strike_B","Defend_B","Defend_B","Defend_B","Defend_B","Zap","Dualcast","Genetic Algorithm","Force Field+1","Loop","Steam+1","Loop","Blind"],"relics":["Cracked Core","Golden Idol","War Paint","Orichalcum"],"potions_floor_usage":[11,14,14],"damage_taken":[{"damage":7,"enemies":"Small Slimes","floor":1,"turns":3},{"damage":4,"enemies":"Jaw Worm","floor":2,"turns":4},{"damage":0,"enemies":"2 Louse","floor":4,"turns":3},{"damage":4,"enemies":"Exordium Wildlife","floor":6,"turns":5},{"damage":12,"enemies":"Gremlin Gang","floor":11,"turns":6},{"damage":19,"enemies":"3 Sentries","floor":12,"turns":9},{"damage":37,"enemies":"Gremlin Nob","floor":14,"turns":5}],"seed_played":"-6149928424384323984","potions_obtained":[{"floor":2,"key":"PowerPotion"},{"floor":4,"key":"Strength Potion"},{"floor":12,"key":"Ancient Potion"}],"is_trial":false,"path_per_floor":["M","M","?","M","$","M","?","?","T","$","M","E","R","E"],"character_chosen":"DEFECT","items_purchased":["Loop","Steam","Loop","Blind"],"campfire_rested":1,"item_purchase_floors":[5,5,10,10],"current_hp_per_floor":[75,71,51,51,51,47,47,36,36,36,24,5,29,0],"gold":63,"neow_bonus":"TEN_PERCENT_HP_BONUS","is_prod":false,"is_daily":false,"chose_seed":false,"campfire_upgraded":0,"win_rate":0,"timestamp":1556423425,"path_taken":["M","M","?","M","$","M","?","?","T","$","M","E","R","E"],"build_version":"2019-01-23","purchased_purges":0,"victory":false,"max_hp_per_floor":[82,82,82,82,82,82,82,82,82,82,82,82,82,82],"card_choices":[{"not_picked":["Turbo","Heatsinks"],"picked":"Genetic Algorithm","floor":1},{"not_picked":["Scrape","Sweeping Beam","Coolheaded"],"picked":"SKIP","floor":2},{"not_picked":["Barrage","Cold Snap"],"picked":"Force Field","floor":4},{"not_picked":["Redo","Cold Snap","Lockon"],"picked":"SKIP","floor":6},{"not_picked":["Stack","Hyperbeam","Redo"],"picked":"SKIP","floor":11},{"not_picked":["Beam Cell","Cold Snap","Doom and Gloom"],"picked":"SKIP","floor":12}],"player_experience":595004,"relics_obtained":[{"floor":9,"key":"War Paint"},{"floor":12,"key":"Orichalcum"}],"event_choices":[{"damage_healed":0,"gold_gain":0,"player_choice":"Take Damage","damage_taken":20,"relics_obtained":["Golden Idol"],"max_hp_gain":0,"max_hp_loss":0,"event_name":"Golden Idol","floor":3,"gold_loss":0},{"damage_healed":0,"gold_gain":0,"player_choice":"Ignored","damage_taken":0,"max_hp_gain":0,"max_hp_loss":0,"event_name":"Golden Wing","floor":7,"gold_loss":0},{"damage_healed":0,"gold_gain":75,"player_choice":"Gather Gold","damage_taken":11,"max_hp_gain":0,"max_hp_loss":0,"event_name":"World of Goop","floor":8,"gold_loss":0}],"is_beta":false,"boss_relics":[],"items_purged_floors":[],"is_endless":false,"potions_floor_spawned":[2,4,12],"killed_by":"Gremlin Nob","ascension_level":0}