{"gold_per_floor":[116,116,127,26,101,101,101,26,97,111,128,78,78,90,90,194,194,211,211,136,153,68,68,338,338,338,350,5,36,47,58,58,58],"floor_reached":33,"playtime":9197,"items_purged":["Strike_R","Strike_R"],"score":255,"play_id":"65ed10a8-6282-4acd-96d7-d36bc0e686a7","local_time":"20190728172534","is_ascension_mode":false,"campfire_choices":[{"data":"Flex","floor":6.0,"key":"SMITH"},{"data":"Bash","floor":13.0,"key":"SMITH"},{"data":"Cleave","floor":15.0,"key":"SMITH"},{"data":"Whirlwind","floor":23.0,"key":"SMITH"},{"data":"Uppercut","floor":25.0,"key":"SMITH"},{"floor":32.0,"key":"REST"}],"neow_cost":"CURSE","seed_source_timestamp":0,"circlet_count":0,"master_deck":["Strike_R","Strike_R","Defend_R","Defend_R","Defend_R","Defend_R","Bash+1","Cleave+1","Cleave+1","Flex+1","Sword Boomerang+1","Clash","Clash","Clash","Immolate","Thunderclap","Whirlwind+1","Uppercut+1","True Grit+1","Heavy Blade","Blood for Blood","Whirlwind","Flex+1"],"special_seed":0,"relics":["Burning Blood","Thread and Needle","Gremlin Horn","Mercury Hourglass","Snecko Eye","Paper Frog","Toxic Egg 2","Vajra","Mummified Hand"],"potions_floor_usage":[33,33,33],"damage_taken":[{"damage":4.0,"enemies":"2 Louse","floor":1.0,"turns":2.0},{"damage":0.0,"enemies":"Small Slimes","floor":3.0,"turns":3.0},{"damage":2.0,"enemies":"Jaw Worm","floor":10.0,"turns":3.0},{"damage":0.0,"enemies":"Blue Slaver","floor":11.0,"turns":1.0},{"damage":6.0,"enemies":"Exordium Thugs","floor":14.0,"turns":3.0},{"damage":45.0,"enemies":"The Guardian","floor":16.0,"turns":8.0},{"damage":0.0,"enemies":"Spheric Guardian","floor":18.0,"turns":1.0},{"damage":14.0,"enemies":"2 Thieves","floor":21.0,"turns":3.0},{"damage":2.0,"enemies":"Cultist and Chosen","floor":27.0,"turns":4.0},{"damage":14.0,"enemies":"Gremlin Leader","floor":29.0,"turns":4.0},{"damage":3.0,"enemies":"Snake Plant","floor":30.0,"turns":2.0},{"damage":6.0,"enemies":"Chosen and Byrds","floor":31.0,"turns":2.0},{"damage":81,"enemies":"Champ","floor":33,"turns":7}],"seed_played":"-6326662356598906398","potions_obtained":[{"floor":14.0,"key":"SteroidPotion"},{"floor":16.0,"key":"Regen Potion"},{"floor":18.0,"key":"Poison Potion"},{"floor":27.0,"key":"Poison Potion"},{"floor":30.0,"key":"Strength Potion"}],"is_trial":false,"path_per_floor":["M","?","M","$","?","R","?","$","T","M","M","?","R","M","R","B",null,"M","?","?","M","?","R","?","R","T","M","$","E","M","M","R","B"],"character_chosen":"IRONCLAD","items_purchased":["Flex","Sword Boomerang","Vajra","Heavy Blade","Blood for Blood"],"campfire_rested":1,"item_purchase_floors":[4,4,28,28,28],"current_hp_per_floor":[80,68,74,74,63,63,47,47,47,51,57,57,57,57,57,18,80,80,80,80,72,72,72,40,40,40,44,44,36,39,39,63,0],"gold":58,"neow_bonus":"ONE_RARE_RELIC","is_prod":false,"is_daily":false,"chose_seed":false,"campfire_upgraded":5,"win_rate":0,"timestamp":1564356334,"path_taken":["M","?","M","$","?","R","?","$","T","M","M","?","R","M","R","BOSS","M","?","?","?","?","R","?","R","T","M","$","E","M","?","R","BOSS"],"build_version":"2019-07-17","purchased_purges":2,"victory":false,"max_hp_per_floor":[80,80,80,80,80,80,80,80,80,80,80,80,80,80,80,80,80,80,80,80,80,80,80,80,80,80,80,80,80,80,80,80,80],"card_choices":[{"not_picked":["Pommel Strike","Perfected Strike"],"picked":"Cleave","floor":1.0},{"not_picked":["True Grit","Perfected Strike"],"picked":"Cleave","floor":3.0},{"not_picked":["Searing Blow","Body Slam"],"picked":"Clash","floor":10.0},{"not_picked":["Havoc","Cleave"],"picked":"Clash","floor":11.0},{"not_picked":["Shrug It Off","Thunderclap"],"picked":"Clash","floor":14.0},{"not_picked":["Offering","Berserk"],"picked":"Immolate","floor":16.0},{"not_picked":["Clothesline","Anger"],"picked":"Thunderclap","floor":18.0},{"not_picked":["Thunderclap","Iron Wave+1"],"picked":"Uppercut","floor":21.0},{"not_picked":["Body Slam","Dropkick"],"picked":"True Grit+1","floor":27.0},{"not_picked":["Dropkick","Sword Boomerang"],"picked":"Whirlwind","floor":29.0},{"not_picked":["Twin Strike","Wild Strike","Body Slam+1"],"picked":"SKIP","floor":30.0},{"not_picked":["Warcry+1","Wild Strike"],"picked":"Flex+1","floor":31.0}],"player_experience":1572766,"relics_obtained":[{"floor":9.0,"key":"Mercury Hourglass"},{"floor":26.0,"key":"Toxic Egg 2"},{"floor":29.0,"key":"Mummified Hand"}],"event_choices":[{"damage_healed":0.0,"max_hp_gain":0.0,"max_hp_loss":0.0,"gold_gain":0.0,"event_name":"Scrap Ooze","player_choice":"Success","floor":2.0,"gold_loss":0.0,"damage_taken":12.0,"relics_obtained":["Gremlin Horn"]},{"damage_healed":0.0,"max_hp_gain":0.0,"max_hp_loss":0.0,"gold_gain":75.0,"event_name":"World of Goop","player_choice":"Gather Gold","floor":5.0,"gold_loss":0.0,"damage_taken":11.0},{"damage_healed":0.0,"max_hp_gain":0.0,"max_hp_loss":0.0,"gold_gain":0.0,"event_name":"Shining Light","player_choice":"Entered Light","floor":7.0,"gold_loss":0.0,"damage_taken":16.0,"cards_upgraded":["Cleave","Sword Boomerang"]},{"cards_removed":["Clumsy"],"damage_healed":0.0,"max_hp_gain":0.0,"max_hp_loss":0.0,"gold_gain":0.0,"event_name":"The Cleric","player_choice":"Card Removal","floor":12.0,"gold_loss":50.0,"damage_taken":0.0},{"damage_healed":0.0,"max_hp_gain":0.0,"max_hp_loss":0.0,"gold_gain":0.0,"event_name":"The Library","player_choice":"Read","floor":19.0,"gold_loss":0.0,"damage_taken":0.0,"cards_obtained":["Whirlwind"]},{"cards_removed":["Strike_R"],"damage_healed":0.0,"max_hp_gain":0.0,"max_hp_loss":0.0,"gold_gain":0.0,"event_name":"Beggar","player_choice":"Gave Gold","floor":20.0,"gold_loss":75.0,"damage_taken":0.0},{"damage_healed":0.0,"max_hp_gain":0.0,"max_hp_loss":0.0,"gold_gain":0.0,"event_name":"Addict","player_choice":"Obtained Relic","floor":22.0,"gold_loss":85.0,"damage_taken":0.0,"relics_obtained":["Paper Frog"]},{"damage_healed":0.0,"max_hp_gain":0.0,"max_hp_loss":0.0,"gold_gain":270.0,"event_name":"Knowing Skull","player_choice":"GOLD GOLD GOLD ","floor":24.0,"potions_obtained":[],"gold_loss":0.0,"damage_taken":32.0,"cards_obtained":[]}],"is_beta":false,"boss_relics":[{"not_picked":["Mark of Pain","Eternal Feather"],"picked":"Snecko Eye"}],"items_purged_floors":[8,28],"is_endless":false,"potions_floor_spawned":[14,16,18,27,30],"killed_by":"Champ","ascension_level":0}