{"gold_per_floor":[117,130,130,130,32,32,67,67,67,139,169,33,33,33,33,131,131,148,76,90,106,106,106,121,134,134,154,100,114,146,164,164,266,266,286,161,174,191,191,191,226,238,263,263,61,61,77,7,7,7],"floor_reached":51,"playtime":2051,"items_purged":["Doubt"],"score":747,"play_id":"d5eadd66-f9b0-4e1a-be34-e7506f3649f4","local_time":"20180727123006","is_ascension_mode":false,"campfire_choices":[{"floor":6,"key":"REST"},{"data":"Dodge and Roll","floor":8,"key":"SMITH"},{"data":"Cloak And Dagger","floor":13,"key":"SMITH"},{"floor":15,"key":"REST"},{"data":"Deflect","floor":23,"key":"SMITH"},{"data":"Deadly Poison","floor":32,"key":"SMITH"},{"data":"Dodge and Roll","floor":40,"key":"SMITH"},{"floor":49,"key":"REST"}],"neow_cost":"CURSE","seed_source_timestamp":57202058023772,"circlet_count":0,"master_deck":["Defend_G","Defend_G","Defend_G","Defend_G","Defend_G","Strike_G","Strike_G","Strike_G","Strike_G","Survivor","Neutralize+1","Dodge and Roll+1","Deflect+1","Cloak And Dagger+1","Footwork+1","After Image+1","Footwork+1","Caltrops+1","Crippling Poison+1","Deflect+1","Doubt","Deadly Poison+1","Corpse Explosion","Well Laid Plans+1","Dodge and Roll+1","Deadly Poison+1","Caltrops+1"],"relics":["Ring of the Snake","Mango","Frozen Egg 2","Singing Bowl","MawBank","Anchor","Cursed Key","Snake Skull","Juzu Bracelet","Busted Crown","Omamori","Orichalcum","DollysMirror"],"potions_floor_usage":[10,50,50,50],"damage_taken":[{"damage":0,"enemies":"2 Louse","floor":1,"turns":3},{"damage":1,"enemies":"Jaw Worm","floor":2,"turns":6},{"damage":16,"enemies":"3 Sentries","floor":7,"turns":15},{"damage":42,"enemies":"Gremlin Nob","floor":10,"turns":8},{"damage":0,"enemies":"Small Slimes","floor":11,"turns":5},{"damage":35,"enemies":"The Guardian","floor":16,"turns":23},{"damage":0,"enemies":"Spheric Guardian","floor":18,"turns":12},{"damage":0,"enemies":"Shell Parasite","floor":20,"turns":9},{"damage":0,"enemies":"Centurion and Healer","floor":21,"turns":15},{"damage":0,"enemies":"Slaver and Parasite","floor":24,"turns":9},{"damage":0,"enemies":"Snake Plant","floor":25,"turns":5},{"damage":0,"enemies":"3 Cultists","floor":27,"turns":5},{"damage":5,"enemies":"Cultist and Chosen","floor":29,"turns":7},{"damage":12,"enemies":"Book of Stabbing","floor":30,"turns":6},{"damage":6,"enemies":"Snecko","floor":31,"turns":6},{"damage":70,"enemies":"Champ","floor":33,"turns":17},{"damage":0,"enemies":"3 Shapes","floor":35,"turns":2},{"damage":11,"enemies":"3 Darklings","floor":37,"turns":5},{"damage":11,"enemies":"Transient","floor":38,"turns":5},{"damage":5,"enemies":"2 Orb Walkers","floor":41,"turns":4},{"damage":0,"enemies":"Maw","floor":42,"turns":9},{"damage":0,"enemies":"4 Shapes","floor":47,"turns":3},{"damage":30,"enemies":"Time Eater","floor":50,"turns":14}],"seed_played":"-3191320988943202104","potions_obtained":[{"floor":1,"key":"Block Potion"},{"floor":10,"key":"Dexterity Potion"},{"floor":11,"key":"GamblersBrew"},{"floor":16,"key":"Regen Potion"},{"floor":18,"key":"LiquidBronze"}],"is_trial":false,"path_per_floor":["M","M","?","?","$","R","E","R","T","?","M","$","R","$","R","B",null,"M","$","M","M","?","R","M","M","T","M","$","M","E","M","R","B",null,"M","$","M","M","?","R","E","M","T","?","$","?","M","$","R","B"],"character_chosen":"THE_SILENT","items_purchased":["Dodge and Roll","Deflect","Footwork+1","Caltrops+1","Deadly Poison","Well Laid Plans+1","Dodge and Roll","DollysMirror","Caltrops+1"],"campfire_rested":3,"item_purchase_floors":[5,5,12,19,28,36,36,45,48],"current_hp_per_floor":[84,83,66,54,54,79,65,65,65,23,25,25,25,25,51,16,88,88,88,90,90,90,90,92,92,92,94,94,91,79,75,75,7,100,102,102,93,84,84,84,81,83,83,85,85,85,87,87,114,99],"gold":7,"neow_bonus":"ONE_RARE_RELIC","is_prod":false,"is_daily":false,"chose_seed":false,"campfire_upgraded":5,"win_rate":0,"timestamp":1532683806,"path_taken":["M","M","?","?","$","R","E","R","T","?","?","$","R","?","R","BOSS","M","$","M","M","?","R","M","M","T","M","$","M","E","M","R","BOSS","M","$","M","M","?","R","E","M","T","?","$","?","M","$","R","BOSS"],"build_version":"2018-07-26","purchased_purges":1,"victory":true,"max_hp_per_floor":[84,84,84,84,84,84,86,86,86,86,88,88,88,88,88,88,88,88,88,90,90,90,90,92,92,92,94,94,96,96,98,98,100,100,102,102,104,106,106,106,108,110,110,112,112,112,114,114,114,114],"card_choices":[{"not_picked":["Endless Agony","Sucker Punch","Slice"],"picked":"SKIP","floor":1},{"not_picked":["Infinite Blades","Endless Agony","Bane"],"picked":"SKIP","floor":2},{"not_picked":["Choke","Prepared","Acrobatics"],"picked":"Singing Bowl","floor":7},{"not_picked":["Outmaneuver","Acrobatics"],"picked":"Cloak And Dagger","floor":10},{"not_picked":["Dagger Spray","Riddle With Holes","Calculated Gamble"],"picked":"Singing Bowl","floor":11},{"not_picked":["Venomology","Doppelganger"],"picked":"After Image+1","floor":16},{"not_picked":["Deadly Poison","Predator"],"picked":"Footwork+1","floor":18},{"not_picked":["Acrobatics+1","Flying Knee+1","Masterful Stab"],"picked":"Singing Bowl","floor":20},{"not_picked":["Riddle With Holes","Flying Knee+1"],"picked":"Crippling Poison+1","floor":21},{"not_picked":["Heel Hook","All Out Attack","Riddle With Holes"],"picked":"Singing Bowl","floor":24},{"not_picked":["Distraction","Skewer+1"],"picked":"Deflect+1","floor":25},{"not_picked":["Quick Slash+1","Flying Knee","Prepared"],"picked":"Singing Bowl","floor":27},{"not_picked":["Dagger Spray","Endless Agony+1","Accuracy+1"],"picked":"Singing Bowl","floor":29},{"not_picked":["Endless Agony","Distraction"],"picked":"Corpse Explosion","floor":30},{"not_picked":["Prepared","Bane","Concentrate"],"picked":"Singing Bowl","floor":31},{"not_picked":["Glass Knife","Night Terror","Malaise"],"picked":"Singing Bowl","floor":33},{"not_picked":["Riddle With Holes"],"picked":"Singing Bowl","floor":35},{"not_picked":["Slice"],"picked":"Singing Bowl","floor":37},{"not_picked":["Setup+1"],"picked":"Singing Bowl","floor":38},{"not_picked":["Infinite Blades+1"],"picked":"Singing Bowl","floor":41},{"not_picked":["Calculated Gamble+1"],"picked":"Singing Bowl","floor":42},{"not_picked":["Purity"],"picked":"Singing Bowl","floor":44},{"not_picked":["Underhanded Strike"],"picked":"Singing Bowl","floor":47}],"player_experience":237467,"relics_obtained":[{"floor":7,"key":"Singing Bowl"},{"floor":9,"key":"MawBank"},{"floor":10,"key":"Anchor"},{"floor":26,"key":"Snake Skull"},{"floor":30,"key":"Juzu Bracelet"},{"floor":41,"key":"Omamori"},{"floor":43,"key":"Orichalcum"}],"event_choices":[{"event_name":"Shining Light","player_choice":"Entered Light","floor":3,"damage_taken":0},{"event_name":"Scrap Ooze","player_choice":"success","floor":4,"damage_taken":12},{"event_name":"Dead Adventurer","player_choice":"Searched \u00271\u0027 times","floor":10,"damage_taken":0},{"event_name":"Drug Dealer","player_choice":"Ignored","floor":22,"damage_taken":0},{"event_name":"The Woman in Blue","player_choice":"Bought 0 Potions","floor":39,"damage_taken":0},{"event_name":"SensoryStone","player_choice":"Memory 1","floor":44,"damage_taken":0},{"event_name":"Falling","player_choice":"Removed Attack","floor":46,"damage_taken":0}],"is_beta":false,"boss_relics":[{"not_picked":["Runic Pyramid","Tiny House"],"picked":"Cursed Key"},{"not_picked":["WristBlade","HoveringKite"],"picked":"Busted Crown"}],"items_purged_floors":[12],"is_endless":false,"potions_floor_spawned":[1,10,11,16,18,20,21,25,30,47],"ascension_level":0}