{"gold_per_floor":[118,32,107,107,119,119,139,167,244,256,256,221,237,254,254,352,352,367,378,378,115,127,127,138,138,138,157,130,148,74,92,92,190,190,207,221,12,65,65,65,77,90,90,106,126,137,152,172,172,172],"floor_reached":51,"playtime":2173,"items_purged":[],"score":734,"play_id":"18bfabe5-1ce1-431e-8488-1ffe71b337af","local_time":"20180731001041","is_ascension_mode":false,"campfire_choices":[{"data":"Defragment","floor":6.0,"key":"SMITH"},{"data":"Echo Form","floor":11.0,"key":"SMITH"},{"floor":15.0,"key":"REST"},{"data":"Storm","floor":23.0,"key":"SMITH"},{"data":"Echo Form","floor":25.0,"key":"SMITH"},{"data":"Loop","floor":32.0,"key":"SMITH"},{"floor":40,"key":"REST"},{"floor":49,"key":"REST"}],"neow_cost":"NONE","seed_source_timestamp":125247768238125,"circlet_count":0,"master_deck":["Strike_B","Strike_B","Strike_B","Defend_B","Defend_B","Defend_B","Defend_B","Zap","Dualcast","Amplify","Hologram","Capacitor","Steam","Defragment+1","Echo Form+1","Hologram","Undo","Echo Form+1","Conserve Battery","Conserve Battery+1","Self Repair","Leap","Storm+1","Loop+1","Leap","Hologram","Steam","Buffer","Self Repair","Apotheosis","Leap+1","Storm+1","Loop+1","Leap+1","Loop","Steam+1","Conserve Battery+1","Hologram+1","Buffer"],"special_seed":0,"relics":["Cracked Core","Bag of Preparation","Molten Egg 2","Nuclear Battery","Blood Vial","Turnip","Fusion Hammer","Prayer Wheel","Toxic Egg 2"],"potions_floor_usage":[50,50],"damage_taken":[{"damage":5.0,"enemies":"Small Slimes","floor":1.0,"turns":2.0},{"damage":7.0,"enemies":"2 Louse","floor":5.0,"turns":4.0},{"damage":0.0,"enemies":"Cultist","floor":7.0,"turns":4.0},{"damage":27.0,"enemies":"Lagavulin","floor":8.0,"turns":8.0},{"damage":13.0,"enemies":"Looter","floor":10.0,"turns":4.0},{"damage":9.0,"enemies":"Exordium Wildlife","floor":13.0,"turns":5.0},{"damage":14.0,"enemies":"Exordium Thugs","floor":14.0,"turns":6.0},{"damage":32.0,"enemies":"Slime Boss","floor":16.0,"turns":11.0},{"damage":0.0,"enemies":"3 Byrds","floor":18.0,"turns":3.0},{"damage":15.0,"enemies":"Shell Parasite","floor":19.0,"turns":7.0},{"damage":19.0,"enemies":"Snake Plant","floor":22.0,"turns":7.0},{"damage":25.0,"enemies":"Slaver and Parasite","floor":24.0,"turns":5.0},{"damage":35.0,"enemies":"3 Cultists","floor":27.0,"turns":6.0},{"damage":0.0,"enemies":"Centurion and Healer","floor":29.0,"turns":7.0},{"damage":0.0,"enemies":"Snake Plant","floor":31.0,"turns":4.0},{"damage":21.0,"enemies":"Automaton","floor":33.0,"turns":10.0},{"damage":39,"enemies":"3 Darklings","floor":35,"turns":5},{"damage":11,"enemies":"3 Shapes","floor":36,"turns":4},{"damage":38,"floor":38,"turns":6},{"damage":10,"enemies":"Transient","floor":41,"turns":5},{"damage":20,"enemies":"Sphere and 2 Shapes","floor":42,"turns":4},{"damage":11,"enemies":"Flame Bruiser 2 Orb","floor":44,"turns":5},{"damage":18,"enemies":"Spire Growth","floor":45,"turns":3},{"damage":0,"enemies":"Transient","floor":46,"turns":5},{"damage":0,"enemies":"Maw","floor":47,"turns":6},{"damage":16,"enemies":"Spire Growth","floor":48,"turns":2},{"damage":25,"enemies":"Donu and Deca","floor":50,"turns":8}],"seed_played":"4287165246707313626","potions_obtained":[{"floor":10.0,"key":"FocusPotion"},{"floor":13.0,"key":"GamblersBrew"},{"floor":14.0,"key":"LiquidBronze"},{"floor":18.0,"key":"LiquidBronze"},{"floor":22.0,"key":"Weak Potion"}],"is_trial":false,"path_per_floor":["M","$","?","?","M","R","M","E","T","M","R","?","M","M","R","B",null,"M","M","?","$","M","R","M","R","T","M","$","M","$","M","R","B",null,"M","M","$","?","?","R","M","M","T","M","M","M","M","M","R","B"],"character_chosen":"DEFECT","items_purchased":["Capacitor","Steam","Self Repair","Leap","Blood Vial","Leap","Hologram","Steam","Apotheosis"],"campfire_rested":3,"item_purchase_floors":[2,2,21,21,21,28,30,30,37],"current_hp_per_floor":[70,70,59,75,68,68,68,41,41,28,28,46,37,23,45,13,75,75,60,60,60,50,50,41,41,41,22,22,31,31,33,33,21,75,43,41,41,26,26,48,68,75,75,75,67,75,75,66,75,64],"gold":172,"neow_bonus":"ONE_RANDOM_RARE_CARD","is_prod":false,"is_daily":false,"chose_seed":false,"campfire_upgraded":5,"win_rate":0,"timestamp":1532985041,"path_taken":["M","$","?","?","M","R","M","E","T","M","R","?","M","M","R","BOSS","M","M","?","?","M","R","M","R","T","M","$","?","$","M","R","BOSS","M","M","$","?","?","R","M","M","T","M","?","M","M","M","R","BOSS"],"build_version":"2018-07-26","purchased_purges":0,"victory":true,"max_hp_per_floor":[75,75,75,75,75,75,75,75,75,75,75,75,75,75,75,75,75,75,75,75,75,75,75,75,75,75,75,75,75,75,75,75,75,75,75,75,75,75,75,75,75,75,75,75,75,75,75,75,75,75],"card_choices":[{"not_picked":["Storm","Compile Driver"],"picked":"Hologram","floor":1.0},{"not_picked":["Gash","Skim"],"picked":"Defragment","floor":5.0},{"not_picked":["White Noise","Turbo","Sweeping Beam"],"picked":"SKIP","floor":7.0},{"not_picked":["Go for the Eyes","Reinforced Body"],"picked":"Echo Form","floor":8.0},{"not_picked":["Chaos","Steam"],"picked":"Hologram","floor":10.0},{"not_picked":["Genetic Algorithm","Beam Cell+1"],"picked":"Undo","floor":13.0},{"not_picked":["Barrage+1","Sweeping Beam+1","Rebound+1"],"picked":"SKIP","floor":14.0},{"not_picked":["Buffer","Core Surge+1"],"picked":"Echo Form","floor":16.0},{"not_picked":["Beam Cell+1","Turbo+1"],"picked":"Conserve Battery","floor":18.0},{"not_picked":["Steam","Darkness+1"],"picked":"Conserve Battery+1","floor":19.0},{"not_picked":["Chill","Thunder Strike+1"],"picked":"Storm","floor":22.0},{"not_picked":["Cold Snap+1","Turbo+1"],"picked":"Loop","floor":24.0},{"not_picked":["Turbo","Redo","Streamline+1"],"picked":"SKIP","floor":27.0},{"not_picked":["Beam Cell+1","Turbo","Barrage+1"],"picked":"SKIP","floor":29.0},{"not_picked":["FTL+1","Stack+1","Sunder+1"],"picked":"SKIP","floor":31.0},{"not_picked":["Fission","Rainbow"],"picked":"Buffer","floor":33.0},{"not_picked":["Gash+1","Aggregate+1","Beam Cell+1"],"picked":"SKIP","floor":35},{"not_picked":["Recycle+1","Auto Shields+1"],"picked":"Self Repair","floor":36},{"not_picked":["Cold Snap+1","Streamline+1"],"picked":"Leap+1","floor":41},{"not_picked":["Beam Cell+1","Redo","Rainbow"],"picked":"SKIP","floor":41},{"not_picked":["Reprogram+1","Coolheaded"],"picked":"Storm+1","floor":42},{"not_picked":["Multi-Cast","Coolheaded"],"picked":"Loop+1","floor":42},{"not_picked":["Gash+1","Steam+1"],"picked":"Leap+1","floor":44},{"not_picked":["BootSequence+1","Glacier+1","Scrape+1"],"picked":"SKIP","floor":44},{"not_picked":["Blizzard+1","Streamline+1"],"picked":"Loop","floor":45},{"not_picked":["Turbo+1","Echo Form"],"picked":"Steam+1","floor":45},{"not_picked":["Compile Driver+1","Storm"],"picked":"Conserve Battery+1","floor":46},{"not_picked":["Go for the Eyes+1","Redo+1"],"picked":"Hologram+1","floor":46},{"not_picked":["Hologram+1","Hello World","Leap+1"],"picked":"SKIP","floor":47},{"not_picked":["Coolheaded+1","Hologram+1","Conserve Battery+1"],"picked":"SKIP","floor":47},{"not_picked":["Rebound+1","Hello World"],"picked":"Buffer","floor":48},{"not_picked":["Sunder+1","Barrage+1","Leap+1"],"picked":"SKIP","floor":48}],"player_experience":274099,"relics_obtained":[{"floor":8.0,"key":"Bag of Preparation"},{"floor":9.0,"key":"Molten Egg 2"},{"floor":26.0,"key":"Turnip"},{"floor":38,"key":"Prayer Wheel"},{"floor":43,"key":"Toxic Egg 2"}],"event_choices":[{"event_name":"World of Goop","player_choice":"Gather Gold","floor":3.0,"damage_taken":0.0},{"event_name":"Big Fish","player_choice":"Banana","floor":4.0,"damage_taken":0.0},{"event_name":"The Cleric","player_choice":"Healed","floor":12.0,"damage_taken":0.0},{"event_name":"Bonfire Elementals","player_choice":"BASIC","floor":20.0,"damage_taken":0.0},{"event_name":"Mysterious Sphere","player_choice":"Fight","floor":38,"damage_taken":0},{"event_name":"The Woman in Blue","player_choice":"Bought 0 Potions","floor":39,"damage_taken":0}],"is_beta":false,"boss_relics":[{"not_picked":["Snecko Eye","Ectoplasm"],"picked":"Nuclear Battery"},{"not_picked":["Tiny House","Runic Pyramid"],"picked":"Fusion Hammer"}],"items_purged_floors":[],"is_endless":false,"potions_floor_spawned":[10,13,14,18,22,27,29,31,35,38,42,46,47,48],"ascension_level":0}