{"gold_per_floor":[113,124,124,143,161,195,195,215,215,229,249,249,28,47,47,143,143,159,171,183,201,214,214,239,239,317,346,346,360,395,405,405,502,502,516,526,541,561,5,5,22,38,118,118,138,138,163,177,177,177,177,177,13,41,41],"floor_reached":55,"playtime":27028,"items_purged":["Normality","Regret","Decay"],"score":921,"play_id":"54b3c97c-465e-4026-9893-15d850d2a5f8","local_time":"20190630004829","is_ascension_mode":false,"campfire_choices":[{"floor":12.0,"key":"REST"},{"data":"Chill","floor":15.0,"key":"SMITH"},{"floor":25.0,"key":"RECALL"},{"data":"Machine Learning","floor":32,"key":"SMITH"},{"data":"Double Energy","floor":40,"key":"SMITH"},{"data":"Double Energy","floor":44,"key":"SMITH"},{"data":"White Noise","floor":49,"key":"SMITH"},{"data":"Defragment","floor":52,"key":"SMITH"}],"neow_cost":"CURSE","seed_source_timestamp":0,"circlet_count":0,"master_deck":["Strike_B","Strike_B","Strike_B","Strike_B","Defend_B","Defend_B","Defend_B","Defend_B","Zap","Dualcast","Beam Cell","Hello World","Gash","Stack","Amplify","Gash","Self Repair","Reboot","Stack","White Noise","White Noise","Defragment+1","Ball Lightning","Gash","Chaos","Darkness","Chaos","Chill+1","Machine Learning+1","Beam Cell+1","Double Energy+1","Storm","Darkness","White Noise","Sweeping Beam","Stack+1","Reprogram+1","Gash","Go for the Eyes","Gash","Go for the Eyes","Steam","Gash","Turbo","Glacier","Loop","Reboot","Steam+1","Glacier+1","Sweeping Beam+1","Rebound+1","Sweeping Beam+1","Go for the Eyes+1","Lockon+1","White Noise+1","Double Energy+1","Defragment","Steam","Gash+1","Chaos+1","Reboot","Redo+1","Dark Shackles","Melter+1","Scrape+1","Aggregate","Static Discharge","Steam+1"],"special_seed":0,"relics":["Cracked Core","Prayer Wheel","Anchor","Orichalcum","Bag of Preparation","Cursed Key","Mercury Hourglass","Gremlin Horn","Darkstone Periapt","MutagenicStrength","Bronze Scales","Eternal Feather","Unceasing Top","Molten Egg 2","Vajra","Boot"],"potions_floor_usage":[33,33,33,38,50,55],"damage_taken":[{"damage":5.0,"enemies":"Cultist","floor":1.0,"turns":4.0},{"damage":7.0,"enemies":"Small Slimes","floor":2.0,"turns":3.0},{"damage":9.0,"enemies":"2 Louse","floor":4.0,"turns":3.0},{"damage":10.0,"enemies":"Looter","floor":5.0,"turns":4.0},{"damage":29.0,"enemies":"Lagavulin","floor":6.0,"turns":7.0},{"damage":3.0,"enemies":"Blue Slaver","floor":8.0,"turns":5.0},{"damage":3.0,"enemies":"2 Fungi Beasts","floor":10.0,"turns":4.0},{"damage":5.0,"enemies":"Looter","floor":11.0,"turns":3.0},{"damage":6.0,"enemies":"Exordium Thugs","floor":14.0,"turns":4.0},{"damage":5.0,"enemies":"Hexaghost","floor":16.0,"turns":8.0},{"damage":0.0,"enemies":"Chosen","floor":18.0,"turns":4.0},{"damage":0.0,"enemies":"3 Byrds","floor":19.0,"turns":5.0},{"damage":6.0,"enemies":"Snecko","floor":20.0,"turns":8.0},{"damage":5.0,"enemies":"Snake Plant","floor":21.0,"turns":2.0},{"damage":0.0,"enemies":"Centurion and Healer","floor":22.0,"turns":3.0},{"damage":15.0,"enemies":"Book of Stabbing","floor":24.0,"turns":6.0},{"damage":0.0,"enemies":"Slavers","floor":27.0,"turns":4.0},{"damage":1.0,"enemies":"Chosen and Byrds","floor":29.0,"turns":4.0},{"damage":16,"enemies":"Book of Stabbing","floor":30,"turns":4},{"damage":11,"enemies":"Snecko","floor":31,"turns":5},{"damage":8,"enemies":"Collector","floor":33,"turns":6},{"damage":8,"enemies":"Orb Walker","floor":35,"turns":3},{"damage":0,"enemies":"3 Shapes","floor":36,"turns":3},{"damage":19,"enemies":"Transient","floor":37,"turns":5},{"damage":3,"enemies":"Sphere and 2 Shapes","floor":38,"turns":4},{"damage":25,"enemies":"Writhing Mass","floor":41,"turns":3},{"damage":12,"enemies":"4 Shapes","floor":42,"turns":3},{"damage":10,"enemies":"Jaw Worm Horde","floor":45,"turns":3},{"damage":0,"enemies":"Reptomancer","floor":47,"turns":4},{"damage":4,"enemies":"Sphere and 2 Shapes","floor":48,"turns":4},{"damage":80,"enemies":"Time Eater","floor":50,"turns":11},{"damage":24,"enemies":"Shield and Spear","floor":54,"turns":3},{"damage":59,"enemies":"The Heart","floor":55,"turns":5}],"seed_played":"-3145341454876897285","potions_obtained":[{"floor":6.0,"key":"Block Potion"},{"floor":10.0,"key":"SkillPotion"},{"floor":11.0,"key":"Swift Potion"},{"floor":16.0,"key":"PowerPotion"},{"floor":21.0,"key":"EssenceOfSteel"},{"floor":22.0,"key":"PowerPotion"},{"floor":24.0,"key":"FocusPotion"},{"floor":29.0,"key":"SpeedPotion"},{"floor":30,"key":"Dexterity Potion"},{"floor":31,"key":"Fire Potion"},{"floor":35,"key":"SpeedPotion"},{"floor":42,"key":"LiquidBronze"},{"floor":47,"key":"SkillPotion"}],"is_trial":false,"path_per_floor":["M","M","?","M","M","E","?","M","T","M","M","R","$","M","R","B",null,"M","M","M","M","M","?","E","R","T","E","?","M","E","M","R","B",null,"M","M","M","M","$","R","M","M","T","R","M","?","E","M","R","B",null,"R","$","E","B"],"character_chosen":"DEFECT","items_purchased":["Bag of Preparation","Unceasing Top","Double Energy","Defragment","Steam","Static Discharge"],"campfire_rested":1,"item_purchase_floors":[13,39,39,39,39,53],"current_hp_per_floor":[70,63,63,54,51,36,33,37,37,34,29,51,51,45,45,40,75,75,75,75,70,75,75,67,67,67,67,67,73,71,60,60,59,75,67,67,55,59,59,75,50,38,44,80,77,77,77,80,81,1,81,81,81,57,0],"gold":41,"neow_bonus":"ONE_RARE_RELIC","is_prod":false,"is_daily":false,"chose_seed":false,"campfire_upgraded":6,"win_rate":1,"timestamp":1561873709,"path_taken":["M","M","?","?","M","E","?","M","T","M","M","R","$","M","R","BOSS","M","M","M","M","M","?","E","R","T","E","?","M","E","M","R","BOSS","M","M","M","M","$","R","M","M","T","R","M","?","E","M","R","BOSS","R","$","E","BOSS"],"build_version":"2019-01-23","purchased_purges":3,"victory":false,"max_hp_per_floor":[75,75,75,75,75,75,75,75,75,75,75,75,75,75,75,75,75,75,75,75,75,75,75,75,75,75,75,75,75,75,75,75,75,75,75,75,75,75,75,75,75,75,81,81,81,81,81,81,81,81,81,81,81,81,81],"card_choices":[{"not_picked":["Hologram","Cold Snap"],"picked":"Beam Cell","floor":1.0},{"not_picked":["Capacitor","Leap"],"picked":"Hello World","floor":1.0},{"not_picked":["Heatsinks","Electrodynamics"],"picked":"Gash","floor":2.0},{"not_picked":["Sweeping Beam","Go for the Eyes"],"picked":"Stack","floor":2.0},{"not_picked":["Streamline","White Noise"],"picked":"Gash","floor":4.0},{"not_picked":["Coolheaded","Fusion"],"picked":"Self Repair","floor":4.0},{"not_picked":["Hologram","Compile Driver"],"picked":"Reboot","floor":5.0},{"not_picked":["Cold Snap","Rebound"],"picked":"Stack","floor":5.0},{"not_picked":["BootSequence","Beam Cell"],"picked":"White Noise","floor":6.0},{"not_picked":["Sweeping Beam","Machine Learning"],"picked":"White Noise","floor":8.0},{"not_picked":["Steam","Cold Snap"],"picked":"Defragment","floor":8.0},{"not_picked":["Beam Cell","Sweeping Beam"],"picked":"Ball Lightning","floor":10.0},{"not_picked":["Biased Cognition","Capacitor"],"picked":"Gash","floor":10.0},{"not_picked":["Reinforced Body","Steam Power"],"picked":"Chaos","floor":11.0},{"not_picked":["Cold Snap","Coolheaded"],"picked":"Darkness","floor":11.0},{"not_picked":["Sweeping Beam","Rebound"],"picked":"Chaos","floor":14.0},{"not_picked":["Lockon","Consume"],"picked":"Chill","floor":14.0},{"not_picked":["Reboot","Fission"],"picked":"Machine Learning","floor":16.0},{"not_picked":["Barrage","Steam"],"picked":"Beam Cell+1","floor":18.0},{"not_picked":["Seek","Rebound"],"picked":"Double Energy","floor":18.0},{"not_picked":["Leap","Go for the Eyes"],"picked":"Storm","floor":19.0},{"not_picked":["Streamline","Auto Shields"],"picked":"Darkness","floor":19.0},{"not_picked":["Ball Lightning","Cold Snap"],"picked":"White Noise","floor":20.0},{"not_picked":["Barrage","Auto Shields"],"picked":"Sweeping Beam","floor":20.0},{"not_picked":["Ball Lightning","Leap"],"picked":"Stack+1","floor":21.0},{"not_picked":["Compile Driver","Conserve Battery"],"picked":"Reprogram+1","floor":21.0},{"not_picked":["Cold Snap","Hologram"],"picked":"Gash","floor":22.0},{"not_picked":["Multi-Cast","Rebound"],"picked":"Go for the Eyes","floor":22.0},{"not_picked":["Steam Power","Genetic Algorithm+1"],"picked":"Gash","floor":24.0},{"not_picked":["Hologram","Barrage+1"],"picked":"Go for the Eyes","floor":27.0},{"not_picked":["Cold Snap","Undo+1"],"picked":"Steam","floor":29.0},{"not_picked":["Chill","Doom and Gloom"],"picked":"Gash","floor":29.0},{"not_picked":["Sweeping Beam","Coolheaded"],"picked":"Turbo","floor":30},{"not_picked":["Hologram","Streamline"],"picked":"Glacier","floor":31},{"not_picked":["Doom and Gloom","Barrage"],"picked":"Loop","floor":31},{"not_picked":["Buffer","Multi-Cast"],"picked":"Reboot","floor":33},{"not_picked":["Doom and Gloom","Sweeping Beam"],"picked":"Steam+1","floor":35},{"not_picked":["Reinforced Body+1","Heatsinks"],"picked":"Glacier+1","floor":35},{"not_picked":["Cold Snap+1","Glacier"],"picked":"Sweeping Beam+1","floor":36},{"not_picked":["Barrage","Turbo+1"],"picked":"Rebound+1","floor":36},{"not_picked":["Leap","Compile Driver"],"picked":"Sweeping Beam+1","floor":37},{"not_picked":["Rip and Tear+1","Coolheaded"],"picked":"Go for the Eyes+1","floor":37},{"not_picked":["Ball Lightning+1","Gash"],"picked":"Lockon+1","floor":38},{"not_picked":["Conserve Battery+1","Leap+1"],"picked":"White Noise","floor":38},{"not_picked":["Darkness+1","Skim+1"],"picked":"Gash+1","floor":41},{"not_picked":["Leap+1","Streamline"],"picked":"Chaos+1","floor":41},{"not_picked":["Stack","Hologram"],"picked":"Reboot","floor":42},{"not_picked":["Cold Snap","Barrage","Stack"],"picked":"SKIP","floor":42},{"not_picked":["Consume+1","Barrage+1"],"picked":"Redo+1","floor":45},{"not_picked":["Skim+1","Ball Lightning+1","Leap"],"picked":"SKIP","floor":45},{"not_picked":["Skim+1","Ball Lightning+1","Leap"],"picked":"SKIP","floor":45},{"not_picked":["Jack Of All Trades","Metamorphosis"],"picked":"Dark Shackles","floor":46},{"not_picked":["Storm","Barrage+1"],"picked":"Melter+1","floor":47},{"not_picked":["Go for the Eyes+1","Darkness+1"],"picked":"Scrape+1","floor":48},{"not_picked":["Leap+1","Skim+1"],"picked":"Aggregate","floor":48},{"not_picked":["Sunder+1","Reinforced Body"],"picked":"Steam+1","floor":54}],"player_experience":50033,"relics_obtained":[{"floor":6.0,"key":"Anchor"},{"floor":24.0,"key":"Mercury Hourglass"},{"floor":26.0,"key":"Gremlin Horn"},{"floor":27.0,"key":"Darkstone Periapt"},{"floor":30,"key":"Bronze Scales"},{"floor":43,"key":"Molten Egg 2"},{"floor":47,"key":"Vajra"},{"floor":54,"key":"Boot"}],"event_choices":[{"damage_healed":0.0,"max_hp_gain":0.0,"max_hp_loss":0.0,"gold_gain":0.0,"event_name":"Match and Keep!","player_choice":"1 cards matched","floor":3.0,"gold_loss":0.0,"damage_taken":0.0,"cards_obtained":["Amplify"]},{"damage_healed":0.0,"max_hp_gain":0.0,"max_hp_loss":0.0,"gold_gain":0.0,"event_name":"Scrap Ooze","player_choice":"Success","floor":7.0,"gold_loss":0.0,"damage_taken":3.0,"relics_obtained":["Orichalcum"]},{"damage_healed":0.0,"max_hp_gain":0.0,"max_hp_loss":0.0,"gold_gain":0.0,"event_name":"Ghosts","player_choice":"Ignored","floor":23.0,"gold_loss":0.0,"damage_taken":0.0},{"damage_healed":0.0,"max_hp_gain":0.0,"max_hp_loss":0.0,"gold_gain":0.0,"event_name":"Drug Dealer","player_choice":"Inject Mutagens","floor":28.0,"gold_loss":0.0,"damage_taken":0.0,"relics_obtained":["MutagenicStrength"]},{"damage_healed":0,"gold_gain":0,"player_choice":"Memory 1","damage_taken":0,"max_hp_gain":0,"max_hp_loss":0,"event_name":"SensoryStone","floor":46,"gold_loss":0}],"is_beta":false,"boss_relics":[{"not_picked":["Runic Pyramid","Orrery"],"picked":"Cursed Key"},{"not_picked":["Coffee Dripper","Snecko Eye"],"picked":"Eternal Feather"}],"items_purged_floors":[13,39,53],"is_endless":false,"potions_floor_spawned":[6,10,11,16,21,22,24,29,30,31,35,42,47],"killed_by":"The Heart","ascension_level":0}