{"gold_per_floor":[16,26,26,44,60,89,89,109,109,109,127,147,147,167,167,271,271,287,305,318,42,62,73,20,20,20,20],"floor_reached":27,"playtime":1008,"items_purged":[],"score":271,"play_id":"30a5505a-9365-472c-94d4-990c759c2981","local_time":"20180801030939","is_ascension_mode":false,"campfire_choices":[{"data":"Accuracy","floor":7.0,"key":"SMITH"},{"data":"Storm of Steel","floor":10.0,"key":"SMITH"},{"data":"Noxious Fumes","floor":13.0,"key":"SMITH"},{"data":"Acrobatics","floor":15.0,"key":"SMITH"}],"neow_cost":"NO_GOLD","seed_source_timestamp":23146137322951,"circlet_count":0,"master_deck":["Defend_G+1","Defend_G","Defend_G+1","Defend_G","Defend_G","Strike_G","Strike_G","Strike_G","Strike_G","Strike_G","Survivor","Neutralize","Phantasmal Killer","Flying Knee","Deflect","Accuracy+1","Storm of Steel+1","Leg Sweep","Noxious Fumes+1","Acrobatics+1","Deflect+1","Reflex","Blur","Infinite Blades","Deflect+1","Cloak And Dagger"],"special_seed":0,"relics":["Ring of the Snake","Meat on the Bone","War Paint","Fusion Hammer","TwistedFunnel","Bottled Lightning"],"potions_floor_usage":[],"damage_taken":[{"damage":0.0,"enemies":"Cultist","floor":1.0,"turns":4.0},{"damage":0.0,"enemies":"2 Louse","floor":2.0,"turns":3.0},{"damage":0.0,"enemies":"Jaw Worm","floor":4.0,"turns":4.0},{"damage":5.0,"enemies":"Large Slime","floor":5.0,"turns":7.0},{"damage":44.0,"enemies":"Gremlin Nob","floor":6.0,"turns":6.0},{"damage":5.0,"enemies":"Lots of Slimes","floor":8.0,"turns":5.0},{"damage":0.0,"enemies":"Exordium Wildlife","floor":11.0,"turns":2.0},{"damage":8.0,"enemies":"3 Louse","floor":12.0,"turns":3.0},{"damage":7.0,"enemies":"Blue Slaver","floor":14.0,"turns":5.0},{"damage":0.0,"enemies":"Slime Boss","floor":16.0,"turns":9.0},{"damage":7.0,"enemies":"2 Thieves","floor":18.0,"turns":4.0},{"damage":21.0,"enemies":"3 Byrds","floor":19.0,"turns":7.0},{"damage":20.0,"enemies":"Slaver and Parasite","floor":20.0,"turns":7.0},{"damage":14.0,"enemies":"Centurion and Healer","floor":22.0,"turns":6.0},{"damage":13.0,"enemies":"Snecko","floor":23.0,"turns":6.0},{"damage":0,"enemies":"Slaver and Parasite","floor":27,"turns":1}],"seed_played":"6916646592621763222","potions_obtained":[{"floor":1.0,"key":"Fire Potion"},{"floor":2.0,"key":"Weak Potion"},{"floor":12.0,"key":"Explosive Potion"},{"floor":16.0,"key":"Regen Potion"},{"floor":18.0,"key":"FearPotion"},{"floor":19.0,"key":"Fruit Juice"}],"is_trial":false,"path_per_floor":["M","M","$","M","M","E","R","M","T","R","M","M","R","M","R","B",null,"M","M","M","$","M","M","$","?","T"],"character_chosen":"THE_SILENT","items_purchased":["TwistedFunnel","Infinite Blades","Cloak And Dagger"],"campfire_rested":0,"item_purchase_floors":[21,21,24],"current_hp_per_floor":[70,70,70,70,65,21,21,28,28,28,40,44,44,37,37,37,70,63,42,39,39,37,36,36,36,36,36],"gold":20,"neow_bonus":"THREE_RARE_CARDS","is_prod":false,"is_daily":false,"chose_seed":false,"campfire_upgraded":4,"win_rate":0,"timestamp":1533082179,"path_taken":["M","M","$","M","M","E","R","M","T","R","M","M","R","M","R","BOSS","M","?","M","$","M","M","$","?","T","M"],"build_version":"2018-07-26","purchased_purges":0,"victory":false,"max_hp_per_floor":[70,70,70,70,70,70,70,70,70,70,70,70,70,70,70,70,70,70,70,75,75,75,75,75,75,75,75],"card_choices":[{"not_picked":["Doppelganger","Night Terror"],"picked":"Phantasmal Killer","floor":0.0},{"not_picked":["Expertise","Backflip"],"picked":"Flying Knee","floor":1.0},{"not_picked":["PiercingWail","Deadly Poison"],"picked":"Deflect","floor":2.0},{"not_picked":["PiercingWail","Masterful Stab","Outmaneuver"],"picked":"SKIP","floor":4.0},{"not_picked":["Underhanded Strike","Sucker Punch"],"picked":"Accuracy","floor":5.0},{"not_picked":["Die Die Die","Acrobatics"],"picked":"Storm of Steel","floor":6.0},{"not_picked":["Flying Knee","Poisoned Stab","Slice"],"picked":"SKIP","floor":8.0},{"not_picked":["Underhanded Strike","Eviscerate"],"picked":"Leg Sweep","floor":11.0},{"not_picked":["Quick Slash","Dagger Spray"],"picked":"Noxious Fumes","floor":12.0},{"not_picked":["Flechettes","Caltrops"],"picked":"Acrobatics","floor":14.0},{"not_picked":["Bane","Acrobatics"],"picked":"Deflect+1","floor":18.0},{"not_picked":["Bane","Caltrops"],"picked":"Reflex","floor":19.0},{"not_picked":["Dagger Spray","Dodge and Roll"],"picked":"Blur","floor":20.0},{"not_picked":["Poisoned Stab+1","Bane","Burst"],"picked":"SKIP","floor":22.0},{"not_picked":["Dodge and Roll","Underhanded Strike"],"picked":"Deflect+1","floor":23.0}],"player_experience":283504,"relics_obtained":[{"floor":6.0,"key":"Meat on the Bone"},{"floor":9.0,"key":"War Paint"},{"floor":26.0,"key":"Bottled Lightning"}],"event_choices":[{"event_name":"Vampires","player_choice":"Ignored","floor":25.0,"damage_taken":0.0}],"is_beta":false,"boss_relics":[{"not_picked":["Empty Cage","White Beast Statue"],"picked":"Fusion Hammer"}],"items_purged_floors":[],"is_endless":false,"potions_floor_spawned":[1,2,12,16,18,19],"killed_by":"Slaver and Parasite","ascension_level":0}