{"path_per_floor":["M","M","?","$","?","R","E","R","T","M","E","$","M","M","R","B",null,"M","M","M","M","?","E","R","$","T","R","M","M","$","E","R","B",null,"M","M","M","$","M","R","E","$","T","M","M","?","M","?","R","B"],"character_chosen":"IRONCLAD","items_purchased":["Evolve","Anchor","Offering","Vajra","Immolate","Spot Weakness","Singing Bowl","Whirlwind"],"gold_per_floor":[359,378,378,264,229,229,262,262,285,300,333,108,123,133,133,229,229,243,255,269,285,285,318,318,27,52,52,69,86,47,78,78,173,173,188,200,213,26,36,36,69,69,94,112,122,122,139,0,0,0],"floor_reached":51,"campfire_rested":0,"playtime":1469,"item_purchase_floors":[],"current_hp_per_floor":[78,80,55,55,75,75,61,61,61,66,44,44,41,47,47,30,80,79,76,65,57,57,46,46,46,46,46,45,47,47,40,40,18,80,80,80,75,75,70,70,52,52,52,58,66,86,74,74,74,23],"items_purged":["Injury"],"gold":0,"score":731,"play_id":"f75c623a-4e4d-4972-ac3c-a8bcf6f5ec9d","local_time":"20180618051418","is_prod":false,"is_daily":false,"chose_seed":false,"is_ascension_mode":false,"campfire_upgraded":8,"win_rate":0,"timestamp":1529288058,"campfire_choices":[{"data":"Evolve","floor":6.0,"key":"SMITH"},{"data":"Armaments","floor":8.0,"key":"SMITH"},{"data":"Offering","floor":15.0,"key":"SMITH"},{"data":"Limit Break","floor":24.0,"key":"SMITH"},{"data":"Flame Barrier","floor":27.0,"key":"SMITH"},{"data":"Spot Weakness","floor":32.0,"key":"SMITH"},{"data":"Double Tap","floor":40.0,"key":"SMITH"},{"data":"Inflame","floor":49,"key":"SMITH"}],"path_taken":["M","M","?","$","?","R","E","R","T","M","E","$","M","M","R","BOSS","M","M","M","M","?","E","R","$","T","R","M","M","$","E","R","BOSS","M","M","M","$","M","R","E","$","T","M","M","?","M","?","R","BOSS"],"build_version":"2018-06-14v2","seed_source_timestamp":214354145883105,"purchased_purges":1,"victory":true,"master_deck":["Strike_R+1","Strike_R+1","Strike_R","Strike_R","Strike_R","Defend_R","Defend_R","Defend_R+1","Defend_R","Bash","Cleave","Spot Weakness+1","Evolve+1","Armaments+1","Offering+1","Thunderclap","Limit Break+1","Clothesline+1","Shrug It Off","Flame Barrier+1","Immolate","Sword Boomerang","Spot Weakness+1","Double Tap+1","Whirlwind","Inflame+1","Writhe"],"max_hp_per_floor":[80,80,80,80,80,80,80,80,80,80,80,80,80,80,80,80,80,80,80,80,80,80,80,80,80,80,80,80,80,80,80,80,80,80,80,80,80,80,82,82,82,82,82,84,86,86,88,88,88,88],"special_seed":0,"relics":["Burning Blood","War Paint","Lantern","Bronze Scales","Boot","Anchor","Coffee Dripper","Smiling Mask","Vajra","Juzu Bracelet","Kunai","Busted Crown","Singing Bowl","Dream Catcher","Whetstone","Red Mask"],"card_choices":[{"not_picked":["Clothesline","Rage"],"picked":"Cleave","floor":1.0},{"not_picked":["Second Wind","Thunderclap"],"picked":"Spot Weakness","floor":2.0},{"not_picked":["Uppercut","Entrench"],"picked":"Armaments","floor":7.0},{"not_picked":["Pommel Strike","Clothesline","Corruption"],"picked":"SKIP","floor":10.0},{"not_picked":["Sever Soul","Disarm","Burning Pact"],"picked":"SKIP","floor":11.0},{"not_picked":["Combust","Clash"],"picked":"Thunderclap","floor":13.0},{"not_picked":["Anger","Wild Strike","Bludgeon"],"picked":"SKIP","floor":14.0},{"not_picked":["Immolate","Brutality"],"picked":"Limit Break","floor":16.0},{"not_picked":["Havoc","Heavy Blade+1","Clash"],"picked":"SKIP","floor":18.0},{"not_picked":["Flex","Iron Wave"],"picked":"Clothesline+1","floor":19.0},{"not_picked":["Sword Boomerang","Cleave"],"picked":"Shrug It Off","floor":20.0},{"not_picked":["Wild Strike","Sever Soul","Dual Wield"],"picked":"SKIP","floor":21.0},{"not_picked":["Wild Strike","Offering"],"picked":"Flame Barrier","floor":23.0},{"not_picked":["Sentinel","Sever Soul","Body Slam+1"],"picked":"SKIP","floor":28.0},{"not_picked":["Sever Soul","Heavy Blade"],"picked":"Sword Boomerang","floor":29.0},{"not_picked":["Thunderclap+1","Pommel Strike","Warcry"],"picked":"SKIP","floor":31.0},{"not_picked":["Exhume","Fiend Fire"],"picked":"Double Tap","floor":33.0},{"not_picked":["Bloodletting+1"],"picked":"SKIP","floor":35.0},{"not_picked":["Headbutt+1"],"picked":"SKIP","floor":36.0},{"not_picked":["Clothesline+1"],"picked":"SKIP","floor":37.0},{"not_picked":["Clothesline+1"],"picked":"Singing Bowl","floor":39.0},{"not_picked":[],"picked":"Inflame","floor":41.0},{"not_picked":["Body Slam+1"],"picked":"Singing Bowl","floor":44.0},{"not_picked":["Whirlwind"],"picked":"Singing Bowl","floor":45.0},{"not_picked":["Body Slam+1"],"picked":"Singing Bowl","floor":47}],"player_experience":145977,"potions_floor_usage":[50,50,50],"damage_taken":[{"damage":8.0,"enemies":"Small Slimes","floor":1.0,"turns":4.0},{"damage":0.0,"enemies":"2 Louse","floor":2.0,"turns":2.0},{"damage":20.0,"enemies":"Gremlin Nob","floor":7.0,"turns":4.0},{"damage":1.0,"enemies":"Cultist","floor":10.0,"turns":3.0},{"damage":28.0,"enemies":"Lagavulin","floor":11.0,"turns":5.0},{"damage":9.0,"enemies":"Large Slime","floor":13.0,"turns":3.0},{"damage":0.0,"enemies":"Exordium Thugs","floor":14.0,"turns":3.0},{"damage":23.0,"enemies":"The Guardian","floor":16.0,"turns":8.0},{"damage":7.0,"enemies":"3 Byrds","floor":18.0,"turns":2.0},{"damage":9.0,"enemies":"Shell Parasite","floor":19.0,"turns":3.0},{"damage":17.0,"enemies":"Cultist and Chosen","floor":20.0,"turns":6.0},{"damage":14.0,"enemies":"Snake Plant","floor":21.0,"turns":3.0},{"damage":17.0,"enemies":"Slavers","floor":23.0,"turns":3.0},{"damage":7.0,"enemies":"Centurion and Healer","floor":28.0,"turns":2.0},{"damage":4.0,"enemies":"Cultist and Chosen","floor":29.0,"turns":5.0},{"damage":13.0,"enemies":"Gremlin Leader","floor":31.0,"turns":5.0},{"damage":28.0,"enemies":"Automaton","floor":33.0,"turns":10.0},{"damage":0.0,"enemies":"Orb Walker","floor":35.0,"turns":2.0},{"damage":4.0,"enemies":"3 Darklings","floor":36.0,"turns":4.0},{"damage":11.0,"enemies":"Sphere and 2 Shapes","floor":37.0,"turns":4.0},{"damage":13.0,"enemies":"Maw","floor":39.0,"turns":6.0},{"damage":24.0,"enemies":"Nemesis","floor":41.0,"turns":5.0},{"damage":2.0,"enemies":"4 Shapes","floor":44.0,"turns":2.0},{"damage":0.0,"enemies":"3 Darklings","floor":45.0,"turns":1.0},{"damage":20,"enemies":"Maw","floor":47,"turns":5},{"damage":57,"enemies":"Time Eater","floor":50,"turns":8}],"relics_obtained":[{"floor":7.0,"key":"Lantern"},{"floor":9.0,"key":"Bronze Scales"},{"floor":11.0,"key":"Boot"},{"floor":23.0,"key":"Smiling Mask"},{"floor":26.0,"key":"Juzu Bracelet"},{"floor":31.0,"key":"Kunai"},{"floor":41.0,"key":"Dream Catcher"},{"floor":43.0,"key":"Whetstone"}],"event_choices":[{"event_name":"Scrap Ooze","player_choice":"success","floor":3.0,"damage_taken":25.0},{"event_name":"The Cleric","player_choice":"Healed","floor":5.0,"damage_taken":0.0},{"event_name":"Ghosts","player_choice":"Ignored","floor":22.0,"damage_taken":0.0},{"event_name":"Winding Halls","player_choice":"Writhe","floor":46.0,"damage_taken":0.0},{"event_name":"Tomb of Lord Red Mask","player_choice":"Paid","floor":48,"damage_taken":0}],"boss_relics":[{"not_picked":["Tiny House","Snecko Eye"],"picked":"Coffee Dripper"},{"not_picked":["Calling Bell","Pandora\u0027s Box"],"picked":"Busted Crown"}],"items_purged_floors":[],"is_endless":false,"potions_floor_spawned":[1,7,13,14,18,28,29,31,37,41,45],"seed_played":"4390713113741840408","ascension_level":0,"potions_obtained":[{"floor":1.0,"key":"Poison Potion"},{"floor":7.0,"key":"Energy Potion"},{"floor":13.0,"key":"LiquidBronze"},{"floor":14.0,"key":"Energy Potion"},{"floor":18.0,"key":"AttackPotion"},{"floor":28.0,"key":"Poison Potion"},{"floor":29.0,"key":"SteroidPotion"},{"floor":31.0,"key":"Strength Potion"},{"floor":37.0,"key":"Dexterity Potion"},{"floor":41.0,"key":"Ancient Potion"},{"floor":45.0,"key":"SpeedPotion"}],"is_trial":false}