{"path_per_floor":["M","$","M","?","M","R","E","M","T","R","E","$","M","M","R","B",null,"M","?","M","?","?","R","E","R","T","R","$","R","M","M","R","B",null,"M","M","M","$","M","R","?","M","T","$","R","?","$","M","R","B"],"character_chosen":"THE_SILENT","items_purchased":["Dagger Spray","Well Laid Plans","Footwork","SpeedPotion"],"gold_per_floor":[111,36,47,47,62,62,95,107,130,130,163,9,21,37,37,133,133,147,72,82,82,82,82,114,114,114,114,114,114,127,146,146,248,248,266,278,297,103,120,120,120,136,163,85,85,85,33,52,52,52],"floor_reached":51,"campfire_rested":4,"playtime":3575,"item_purchase_floors":[12,38,44,47],"current_hp_per_floor":[63,63,63,63,63,63,49,49,49,70,42,42,44,46,46,4,54,46,46,40,26,19,40,42,42,42,42,42,42,40,33,54,48,65,67,69,69,69,70,70,70,75,75,75,75,75,75,75,75,75],"items_purged":["Strike_G","Strike_G","Normality"],"gold":52,"score":1065,"play_id":"5384f2f3-93ec-458e-bc41-44e2370dc52d","local_time":"20180626225936","is_prod":false,"is_daily":false,"chose_seed":false,"is_ascension_mode":true,"campfire_upgraded":7,"win_rate":0,"timestamp":1530046776,"campfire_choices":[{"data":"Blur","floor":6.0,"key":"SMITH"},{"floor":10,"key":"REST"},{"data":"Adrenaline","floor":15,"key":"SMITH"},{"floor":23,"key":"REST"},{"data":"Blur","floor":25,"key":"SMITH"},{"data":"Burst","floor":27,"key":"SMITH"},{"data":"Noxious Fumes","floor":29,"key":"SMITH"},{"floor":32,"key":"REST"},{"data":"A Thousand Cuts","floor":40,"key":"SMITH"},{"data":"Footwork","floor":45,"key":"SMITH"},{"floor":49,"key":"REST"}],"path_taken":["M","$","M","?","?","R","E","M","T","R","E","?","M","M","R","BOSS","M","?","M","?","?","R","E","R","T","R","$","R","M","M","R","BOSS","M","M","M","$","M","R","?","M","T","$","R","?","$","M","R","BOSS"],"build_version":"2018-06-21","seed_source_timestamp":0,"purchased_purges":3,"circlet_count":0,"victory":true,"master_deck":["Defend_G+1","Defend_G+1","Defend_G+1","Defend_G+1","Survivor+1","Neutralize+1","Caltrops+1","Deadly Poison+1","Burst+1","Blur+1","Noxious Fumes+1","Bane+1","Adrenaline+1","Dagger Spray+1","Deflect+1","A Thousand Cuts+1","Expertise+1","Blind+1","Blur+1","Backflip+1","Adrenaline+1","Adrenaline+1","Dagger Spray+1","Blur+1","Dash+1","Blur+1","Well Laid Plans+1","Escape Plan+1","Deflect+1","Clumsy","Footwork+1","Catalyst"],"max_hp_per_floor":[70,70,70,70,70,70,70,70,70,70,70,70,70,70,70,70,70,70,70,70,70,70,70,70,70,70,70,70,70,70,70,70,70,70,70,70,70,70,70,70,70,75,75,75,75,75,75,75,75,75],"special_seed":17708,"relics":["Ring of the Snake","Lantern","Dream Catcher","Blood Vial","Cursed Key","Ornamental Fan","Paper Crane","Astrolabe","Anchor","Mark of the Bloom"],"card_choices":[{"not_picked":["Deflect","Flechettes"],"picked":"Caltrops","floor":1.0},{"not_picked":["Heel Hook","PiercingWail"],"picked":"Deadly Poison","floor":3.0},{"not_picked":["Dagger Spray","Slice"],"picked":"Blur","floor":5.0},{"not_picked":["Sucker Punch","Eviscerate","Cloak And Dagger"],"picked":"SKIP","floor":7},{"not_picked":["Dodge and Roll","Terror"],"picked":"Noxious Fumes","floor":8},{"not_picked":["Crippling Poison","Terror"],"picked":"Bane","floor":10},{"not_picked":["Deflect","Concentrate"],"picked":"Adrenaline","floor":11},{"not_picked":["Outmaneuver","Dagger Spray"],"picked":"Deflect","floor":13},{"not_picked":["Skewer","Dagger Throw","Riddle With Holes"],"picked":"SKIP","floor":14},{"not_picked":["Burst","Grand Finale"],"picked":"A Thousand Cuts","floor":16},{"not_picked":["Slice","Dodge and Roll","Cloak And Dagger"],"picked":"SKIP","floor":18},{"not_picked":["Endless Agony","Sucker Punch"],"picked":"Expertise+1","floor":20},{"not_picked":["Predator","Dodge and Roll"],"picked":"Blur","floor":23},{"not_picked":["Accuracy","Deadly Poison","Flying Knee"],"picked":"SKIP","floor":24},{"not_picked":["Bane","Acrobatics","Deadly Poison+1"],"picked":"SKIP","floor":30},{"not_picked":["Acrobatics","Cloak And Dagger+1"],"picked":"Backflip","floor":31},{"not_picked":["Finisher","Concentrate"],"picked":"Adrenaline","floor":32},{"not_picked":["A Thousand Cuts","Burst"],"picked":"Adrenaline","floor":33},{"not_picked":["Quick Slash","Flying Knee"],"picked":"Dash+1","floor":35},{"not_picked":["Cloak And Dagger","Prepared","Skewer+1"],"picked":"SKIP","floor":36},{"not_picked":["Outmaneuver","Quick Slash+1"],"picked":"Blur+1","floor":37},{"not_picked":["Setup","PiercingWail+1"],"picked":"Escape Plan","floor":39},{"not_picked":["Poisoned Stab+1","Doppelganger"],"picked":"Deflect+1","floor":42},{"not_picked":["Deadly Poison","Dagger Spray","Backflip"],"picked":"SKIP","floor":48},{"not_picked":["Deflect+1","PiercingWail+1"],"picked":"Catalyst","floor":49}],"player_experience":520332,"potions_floor_usage":[7,11,16,20,24,42,50,50,50],"damage_taken":[{"damage":0.0,"enemies":"Jaw Worm","floor":1.0,"turns":5.0},{"damage":0.0,"enemies":"2 Louse","floor":3.0,"turns":3.0},{"damage":0.0,"enemies":"Cultist","floor":5.0,"turns":4.0},{"damage":14,"enemies":"3 Sentries","floor":7,"turns":12},{"damage":0,"enemies":"Red Slaver","floor":8,"turns":5},{"damage":28,"enemies":"Gremlin Nob","floor":11,"turns":5},{"damage":0,"enemies":"2 Fungi Beasts","floor":13,"turns":3},{"damage":0,"enemies":"Blue Slaver","floor":14,"turns":4},{"damage":44,"enemies":"Slime Boss","floor":16,"turns":13},{"damage":10,"enemies":"Chosen","floor":18,"turns":5},{"damage":8,"enemies":"Spheric Guardian","floor":20,"turns":5},{"damage":0,"enemies":"Book of Stabbing","floor":24,"turns":6},{"damage":4,"enemies":"Snake Plant","floor":30,"turns":6},{"damage":9,"enemies":"Centurion and Healer","floor":31,"turns":6},{"damage":8,"enemies":"Champ","floor":33,"turns":14},{"damage":0,"enemies":"Flame Bruiser 1 Orb","floor":35,"turns":8},{"damage":0,"enemies":"Orb Walker","floor":36,"turns":5},{"damage":1,"enemies":"Sphere and 2 Shapes","floor":37,"turns":7},{"damage":0,"enemies":"Spire Growth","floor":39,"turns":6},{"damage":0,"enemies":"Maw","floor":42,"turns":9},{"damage":0,"enemies":"4 Shapes","floor":48,"turns":4},{"damage":0,"enemies":"Donu and Deca","floor":50,"turns":9}],"relics_obtained":[{"floor":7,"key":"Lantern"},{"floor":9,"key":"Dream Catcher"},{"floor":11,"key":"Blood Vial"},{"floor":24,"key":"Ornamental Fan"},{"floor":26,"key":"Paper Crane"},{"floor":43,"key":"Anchor"}],"event_choices":[{"event_name":"Living Wall","player_choice":"Change","floor":4.0,"damage_taken":0.0},{"event_name":"Beggar","player_choice":"Gave Gold","floor":19,"damage_taken":0},{"event_name":"Knowing Skull","player_choice":"CARD ","floor":21,"damage_taken":0},{"event_name":"Wheel of Change","player_choice":"Damage","floor":22,"damage_taken":0},{"event_name":"Tomb of Lord Red Mask","player_choice":"Ignored","floor":41,"damage_taken":0},{"event_name":"MindBloom","player_choice":"Upgrade","floor":46,"damage_taken":0}],"boss_relics":[{"not_picked":["Eternal Feather","Busted Crown"],"picked":"Cursed Key"},{"not_picked":["Fusion Hammer","Black Star"],"picked":"Astrolabe"}],"items_purged_floors":[],"is_endless":false,"potions_floor_spawned":[5,8,11,16,20,31,39,48],"seed_played":"-5919724276022166717","ascension_level":7,"potions_obtained":[{"floor":5.0,"key":"Swift Potion"},{"floor":8,"key":"LiquidBronze"},{"floor":11,"key":"Weak Potion"},{"floor":16,"key":"SkillPotion"},{"floor":20,"key":"Swift Potion"},{"floor":31,"key":"AttackPotion"},{"floor":39,"key":"Fruit Juice"},{"floor":48,"key":"SkillPotion"}],"is_trial":false}