{"gold_per_floor":[118,132,152,152,164,164,164,164,164,183,20,55,55,55,55,178,178,191,238,193,208,227,227,270,270,270,301,321,321,354,379,379,502,502,525,549,549,343,366,366,387,387,456,495,495,538,300,59,59,59],"floor_reached":51,"playtime":2072,"items_purged":["Strike_R","Strike_R","Strike_R"],"score":868,"play_id":"51ffe5c2-d2dd-4f53-b197-b1aa9f054e40","local_time":"20181022022344","is_ascension_mode":false,"campfire_choices":[{"data":"Armaments","floor":6.0,"key":"SMITH"},{"data":"Juggernaut","floor":13.0,"key":"SMITH"},{"data":"Metallicize","floor":15.0,"key":"SMITH"},{"floor":23.0,"key":"REST"},{"floor":25.0,"key":"REST"},{"floor":29.0,"key":"REST"},{"floor":32.0,"key":"REST"},{"floor":40.0,"key":"REST"},{"floor":45.0,"key":"REST"},{"floor":49.0,"key":"REST"}],"neow_cost":"NONE","seed_source_timestamp":81248657424603,"circlet_count":0,"master_deck":["Strike_R+1","Defend_R","Defend_R+1","Defend_R","Defend_R","Bash","Juggernaut+1","Armaments+1","Shrug It Off","Metallicize+1","Barricade","Battle Trance","Shrug It Off","Iron Wave+1","Shrug It Off","Impervious","Evolve+1"],"special_seed":0,"relics":["Burning Blood","Mercury Hourglass","Golden Idol","Molten Egg 2","Smiling Mask","Fusion Hammer","Regal Pillow","Red Mask","FossilizedHelix","Omamori","Sundial","Runic Cube","Bronze Scales","Frozen Egg 2","Shuriken","Centennial Puzzle","Bottled Lightning","Oddly Smooth Stone"],"potions_floor_usage":[50],"damage_taken":[{"damage":6.0,"enemies":"2 Louse","floor":1.0,"turns":2.0},{"damage":6.0,"enemies":"Jaw Worm","floor":2.0,"turns":4.0},{"damage":15.0,"enemies":"Small Slimes","floor":3.0,"turns":4.0},{"damage":8.0,"enemies":"2 Fungi Beasts","floor":5.0,"turns":3.0},{"damage":1.0,"enemies":"Large Slime","floor":10.0,"turns":6.0},{"damage":20.0,"enemies":"Gremlin Nob","floor":12.0,"turns":5.0},{"damage":1.0,"enemies":"Hexaghost","floor":16.0,"turns":10.0},{"damage":0.0,"enemies":"3 Byrds","floor":18.0,"turns":3.0},{"damage":5.0,"enemies":"Spheric Guardian","floor":21.0,"turns":4.0},{"damage":2.0,"enemies":"3 Cultists","floor":22.0,"turns":5.0},{"damage":10.0,"enemies":"Masked Bandits","floor":24.0,"turns":4.0},{"damage":0.0,"enemies":"Book of Stabbing","floor":27.0,"turns":6.0},{"damage":0.0,"enemies":"Shelled Parasite and Fungi","floor":28.0,"turns":6.0},{"damage":0.0,"enemies":"Slavers","floor":30.0,"turns":5.0},{"damage":0.0,"enemies":"Cultist and Chosen","floor":31.0,"turns":6.0},{"damage":0.0,"enemies":"Champ","floor":33.0,"turns":13.0},{"damage":0.0,"enemies":"Orb Walker","floor":35.0,"turns":4.0},{"damage":0.0,"enemies":"3 Darklings","floor":36.0,"turns":5.0},{"damage":0.0,"enemies":"Transient","floor":39.0,"turns":5.0},{"damage":0.0,"enemies":"Writhing Mass","floor":41.0,"turns":5.0},{"damage":0.0,"enemies":"Nemesis","floor":44.0,"turns":9.0},{"damage":35.0,"enemies":"Reptomancer","floor":46.0,"turns":6.0},{"damage":17,"enemies":"Donu and Deca","floor":50,"turns":15}],"seed_played":"5815812725993377839","potions_obtained":[{"floor":3.0,"key":"Explosive Potion"},{"floor":10.0,"key":"SkillPotion"},{"floor":12.0,"key":"FairyPotion"},{"floor":16.0,"key":"GamblersBrew"},{"floor":21.0,"key":"Energy Potion"},{"floor":30.0,"key":"Swift Potion"},{"floor":36.0,"key":"Regen Potion"}],"is_trial":false,"path_per_floor":["M","M","M","?","M","R","?","?","T","M","$","E","R","$","R","B",null,"M","T","$","M","M","R","?","R","T","E","M","R","E","M","R","B",null,"M","M","?","$","M","R","M","?","T","E","R","E","$","$","R","B"],"character_chosen":"IRONCLAD","items_purchased":["Shrug It Off","Metallicize","Shrug It Off","Bronze Scales","Bottled Lightning","Oddly Smooth Stone","Evolve+1"],"campfire_rested":7,"item_purchase_floors":[11,11,20,38,47,48,48],"current_hp_per_floor":[80,80,71,53,51,51,51,36,36,41,41,27,27,27,27,32,74,74,74,74,74,74,74,70,74,74,74,74,74,74,74,74,74,74,74,74,74,74,74,74,74,74,74,74,74,45,45,45,74,63],"gold":59,"neow_bonus":"ONE_RANDOM_RARE_CARD","is_prod":false,"is_daily":false,"chose_seed":false,"campfire_upgraded":3,"win_rate":0,"timestamp":1540164224,"path_taken":["M","M","M","?","M","R","?","?","T","?","$","E","R","$","R","BOSS","M","?","$","?","M","R","?","R","T","E","M","R","E","M","R","BOSS","M","M","?","$","M","R","M","?","T","E","R","E","?","$","R","BOSS"],"build_version":"2018-10-18","purchased_purges":3,"victory":true,"max_hp_per_floor":[80,80,80,80,80,80,74,74,74,74,74,74,74,74,74,74,74,74,74,74,74,74,74,74,74,74,74,74,74,74,74,74,74,74,74,74,74,74,74,74,74,74,74,74,74,74,74,74,74,74],"card_choices":[{"not_picked":["Body Slam","Flame Barrier"],"picked":"Armaments","floor":1.0},{"not_picked":["Armaments","Entrench","Perfected Strike"],"picked":"SKIP","floor":2.0},{"not_picked":["True Grit","Armaments","Flex"],"picked":"SKIP","floor":3.0},{"not_picked":["Headbutt","Clothesline","Sever Soul"],"picked":"SKIP","floor":5.0},{"not_picked":["Havoc","Whirlwind+1","Pommel Strike+1"],"picked":"SKIP","floor":10.0},{"not_picked":["Heavy Blade+1","Clothesline+1","Cleave+1"],"picked":"SKIP","floor":12.0},{"not_picked":["Berserk","Bludgeon+1"],"picked":"Barricade","floor":16.0},{"not_picked":["Perfected Strike+1","Flex"],"picked":"Battle Trance","floor":18.0},{"not_picked":["Blood for Blood+1","Sever Soul+1","Combust+1"],"picked":"SKIP","floor":21.0},{"not_picked":["Armaments+1","Dual Wield"],"picked":"Iron Wave+1","floor":22.0},{"not_picked":["Battle Trance","Thunderclap+1","Fire Breathing"],"picked":"SKIP","floor":27.0},{"not_picked":["Dropkick+1","Anger+1","Clothesline+1"],"picked":"SKIP","floor":28.0},{"not_picked":["Double Tap","Flex","True Grit"],"picked":"SKIP","floor":30.0},{"not_picked":["Havoc+1","Heavy Blade+1","Pommel Strike+1"],"picked":"SKIP","floor":31.0},{"not_picked":["Sword Boomerang+1","Anger+1","Clothesline+1"],"picked":"SKIP","floor":35.0},{"not_picked":["Wild Strike+1","Thunderclap+1"],"picked":"Shrug It Off","floor":36.0},{"not_picked":["Sword Boomerang+1","True Grit+1","Sentinel+1"],"picked":"SKIP","floor":39.0},{"not_picked":["Perfected Strike+1","Flame Barrier+1","Searing Blow+1"],"picked":"SKIP","floor":41.0},{"not_picked":["Anger+1","Limit Break","Hemokinesis+1"],"picked":"SKIP","floor":44.0},{"not_picked":["Clash+1","Searing Blow+1"],"picked":"Impervious","floor":46.0}],"player_experience":425004,"relics_obtained":[{"floor":9.0,"key":"Molten Egg 2"},{"floor":12.0,"key":"Smiling Mask"},{"floor":19.0,"key":"Regal Pillow"},{"floor":24.0,"key":"Red Mask"},{"floor":26.0,"key":"FossilizedHelix"},{"floor":27.0,"key":"Omamori"},{"floor":30.0,"key":"Sundial"},{"floor":43.0,"key":"Frozen Egg 2"},{"floor":44.0,"key":"Shuriken"},{"floor":46.0,"key":"Centennial Puzzle"}],"event_choices":[{"damage_healed":0.0,"max_hp_gain":0.0,"max_hp_loss":0.0,"gold_gain":0.0,"event_name":"Scrap Ooze","player_choice":"Success","floor":4.0,"gold_loss":0.0,"damage_taken":18.0,"relics_obtained":["Mercury Hourglass"]},{"damage_healed":0.0,"max_hp_gain":0.0,"max_hp_loss":6.0,"gold_gain":0.0,"event_name":"Golden Idol","player_choice":"Lose Max HP","floor":7.0,"gold_loss":0.0,"damage_taken":0.0,"relics_obtained":["Golden Idol"]},{"damage_healed":0.0,"max_hp_gain":0.0,"max_hp_loss":0.0,"gold_gain":0.0,"event_name":"Shining Light","player_choice":"Entered Light","floor":8.0,"gold_loss":0.0,"damage_taken":15.0,"cards_upgraded":["Strike_R","Defend_R"]},{"damage_healed":0.0,"max_hp_gain":0.0,"max_hp_loss":0.0,"gold_gain":0.0,"event_name":"Masked Bandits","player_choice":"Fought Bandits","floor":24.0,"gold_loss":0.0,"damage_taken":0.0},{"cards_removed":["Strike_R"],"damage_healed":0.0,"max_hp_gain":0.0,"max_hp_loss":0.0,"gold_gain":0.0,"event_name":"Wheel of Change","player_choice":"Card Removal","floor":37.0,"gold_loss":0.0,"damage_taken":0.0},{"damage_healed":0.0,"max_hp_gain":0.0,"max_hp_loss":0.0,"gold_gain":0.0,"event_name":"Transmorgrifier","player_choice":"Ignored","floor":42.0,"gold_loss":0.0,"damage_taken":0.0}],"is_beta":false,"boss_relics":[{"not_picked":["Snecko Eye","Tiny House"],"picked":"Fusion Hammer"},{"not_picked":["Black Star","Lizard Tail"],"picked":"Runic Cube"}],"items_purged_floors":[11,38,48],"is_endless":false,"potions_floor_spawned":[3,10,12,16,21,22,28,30,33,36,41,44],"ascension_level":0}