{"gold_per_floor":[115,129,43,63,73,107,107,136,136,169,181,181,181,257,257,358,358,368,154,154,168,168,168,203,203,255,280,280,78,78,108,108,212,212,228,246,246,246,0,28,28,48,48,98,98,98,22,35,35,35],"floor_reached":51,"playtime":3166,"items_purged":["Strike_R"],"score":921,"play_id":"c77d9b2e-bbe5-4136-9a36-3447544a095b","local_time":"20190713103337","is_ascension_mode":true,"campfire_choices":[{"data":"Flame Barrier","floor":7.0,"key":"SMITH"},{"floor":12.0,"key":"REST"},{"floor":15.0,"key":"REST"},{"data":"Pummel","floor":23,"key":"SMITH"},{"data":"Bite","floor":25,"key":"SMITH"},{"data":"Bite","floor":30,"key":"SMITH"},{"floor":32,"key":"REST"},{"floor":41,"key":"REST"},{"floor":45,"key":"REST"},{"data":"Demon Form","floor":49,"key":"SMITH"}],"neow_cost":"PERCENT_DAMAGE","seed_source_timestamp":47465300733770,"circlet_count":0,"master_deck":["Defend_R","Defend_R","Defend_R","Defend_R","Cleave+1","Inflame","Flame Barrier+1","Twin Strike","Thunderclap","Pummel+1","Ghostly Armor+1","Headbutt","Demon Form+1","Exhume+1","Bite+1","Bite+1","Bite","Bite","Parasite","Shrug It Off+1","Twin Strike","Intimidate+1","Pummel+1","Spot Weakness+1","Writhe"],"special_seed":0,"relics":["Burning Blood","Kunai","Boot","Bottled Lightning","Toxic Egg 2","Cursed Key","Self Forming Clay","Strawberry","Pen Nib","HandDrill","Pear","Busted Crown","Lee\u0027s Waffle","Bottled Tornado","Molten Egg 2","Incense Burner"],"potions_floor_usage":[24,27,36,48,48,50,50],"damage_taken":[{"damage":1.0,"enemies":"Small Slimes","floor":1.0,"turns":5.0},{"damage":9.0,"enemies":"2 Louse","floor":2.0,"turns":3.0},{"damage":0.0,"enemies":"Jaw Worm","floor":4.0,"turns":4.0},{"damage":0.0,"enemies":"Exordium Wildlife","floor":5.0,"turns":4.0},{"damage":26.0,"enemies":"Gremlin Nob","floor":6.0,"turns":4.0},{"damage":35.0,"enemies":"Lagavulin","floor":8.0,"turns":8.0},{"damage":12.0,"enemies":"Gremlin Nob","floor":10.0,"turns":4.0},{"damage":8.0,"enemies":"Exordium Thugs","floor":11.0,"turns":3.0},{"damage":38,"enemies":"Slime Boss","floor":16,"turns":6},{"damage":19,"enemies":"Spheric Guardian","floor":18,"turns":4},{"damage":0,"enemies":"Chosen","floor":21,"turns":3},{"damage":40,"enemies":"Gremlin Leader","floor":24,"turns":7},{"damage":20,"enemies":"Slavers","floor":27,"turns":5},{"damage":46,"enemies":"Gremlin Leader","floor":31,"turns":7},{"damage":64,"enemies":"Collector","floor":33,"turns":10},{"damage":3,"enemies":"Orb Walker","floor":35,"turns":3},{"damage":6,"enemies":"3 Shapes","floor":36,"turns":5},{"damage":69,"enemies":"Giant Head","floor":40,"turns":8},{"damage":15,"enemies":"Spire Growth","floor":42,"turns":5},{"damage":57,"enemies":"2 Orb Walkers","floor":44,"turns":5},{"damage":2,"enemies":"4 Shapes","floor":48,"turns":8},{"damage":65,"enemies":"Time Eater","floor":50,"turns":7}],"seed_played":"-1328372381415741853","potions_obtained":[{"floor":1.0,"key":"SkillPotion"},{"floor":5.0,"key":"PowerPotion"},{"floor":10.0,"key":"Strength Potion"},{"floor":16,"key":"EssenceOfSteel"},{"floor":21,"key":"AttackPotion"},{"floor":33,"key":"AttackPotion"},{"floor":36,"key":"Fire Potion"},{"floor":40,"key":"LiquidBronze"},{"floor":44,"key":"Ancient Potion"},{"floor":48,"key":"Weak Potion"}],"is_trial":false,"path_per_floor":["M","M","$","M","M","E","R","E","T","E","M","R","?","?","R","B",null,"M","$","?","M","$","R","E","R","T","E","?","$","R","E","R","B",null,"M","M","?","$","$","E","R","M","T","?","R","?","$","M","R","B",null],"character_chosen":"IRONCLAD","items_purchased":["Flame Barrier","Twin Strike","Exhume+1","HandDrill","Lee\u0027s Waffle","Spot Weakness+1","Regen Potion"],"campfire_rested":5,"item_purchase_floors":[3,3,19,29,39,39,47],"current_hp_per_floor":[77,74,74,80,86,66,66,37,37,31,29,57,38,38,66,34,81,68,68,67,67,67,67,41,41,48,47,47,47,47,31,56,25,69,76,80,80,80,91,40,67,68,68,26,53,53,53,76,76,27],"gold":35,"neow_bonus":"TWENTY_PERCENT_HP_BONUS","is_prod":false,"is_daily":false,"chose_seed":false,"campfire_upgraded":5,"win_rate":0,"timestamp":1563006817,"path_taken":["M","M","$","M","M","E","R","E","T","E","M","R","?","?","R","BOSS","M","$","?","M","$","R","E","R","T","E","?","?","R","E","R","BOSS","M","M","?","?","$","E","R","?","T","?","R","?","$","M","R","BOSS"],"build_version":"2019-07-05","purchased_purges":1,"victory":true,"max_hp_per_floor":[96,96,96,96,96,96,96,96,96,96,96,96,96,96,96,96,96,96,96,67,67,67,67,67,67,74,74,74,74,74,84,84,84,84,84,84,84,84,91,91,91,91,91,91,91,91,91,91,91,91],"card_choices":[{"not_picked":["Uppercut","Blood for Blood"],"picked":"Cleave","floor":1.0},{"not_picked":["Cleave","Warcry"],"picked":"Inflame","floor":2.0},{"not_picked":["Flame Barrier","Havoc","Hemokinesis"],"picked":"SKIP","floor":4.0},{"not_picked":["Corruption","Flex"],"picked":"Thunderclap","floor":5.0},{"not_picked":["Bludgeon","Rupture"],"picked":"Pummel","floor":6.0},{"not_picked":["Pommel Strike","True Grit"],"picked":"Ghostly Armor","floor":8.0},{"not_picked":["Sever Soul","Thunderclap"],"picked":"Headbutt","floor":10.0},{"not_picked":["Uppercut","Rupture"],"picked":"Seeing Red+1","floor":11.0},{"not_picked":["Double Tap+1","Fiend Fire"],"picked":"Demon Form","floor":16},{"not_picked":["Headbutt+1","Searing Blow","Body Slam"],"picked":"SKIP","floor":18},{"not_picked":["Cleave","Thunderclap","Wild Strike"],"picked":"SKIP","floor":21},{"not_picked":["Warcry+1","Clothesline","Combust"],"picked":"SKIP","floor":24},{"not_picked":["Reaper","Combust+1"],"picked":"Shrug It Off+1","floor":27},{"not_picked":["Headbutt+1","Perfected Strike+1"],"picked":"Pummel+1","floor":31},{"not_picked":["Havoc+1"],"picked":"SKIP","floor":35},{"not_picked":["Thunderclap"],"picked":"SKIP","floor":36},{"not_picked":["Reckless Charge+1"],"picked":"SKIP","floor":40},{"not_picked":["Clothesline+1"],"picked":"SKIP","floor":42},{"not_picked":["Clash+1"],"picked":"SKIP","floor":48}],"player_experience":360029,"relics_obtained":[{"floor":6.0,"key":"Kunai"},{"floor":8.0,"key":"Boot"},{"floor":9.0,"key":"Bottled Lightning"},{"floor":10.0,"key":"Toxic Egg 2"},{"floor":24,"key":"Self Forming Clay"},{"floor":26,"key":"Strawberry"},{"floor":27,"key":"Pen Nib"},{"floor":31,"key":"Pear"},{"floor":40,"key":"Bottled Tornado"},{"floor":43,"key":"Molten Egg 2"},{"floor":44,"key":"Incense Burner"}],"event_choices":[{"damage_healed":0.0,"max_hp_gain":0.0,"max_hp_loss":0.0,"gold_gain":0.0,"event_name":"Shining Light","player_choice":"Entered Light","floor":13.0,"gold_loss":0.0,"damage_taken":19.0,"cards_upgraded":["Cleave","Ghostly Armor"]},{"damage_healed":0.0,"max_hp_gain":0.0,"max_hp_loss":0.0,"gold_gain":76.0,"event_name":"Golden Wing","player_choice":"Gained Gold","floor":14.0,"gold_loss":0.0,"damage_taken":0.0},{"damage_healed":0,"gold_gain":0,"player_choice":"Became a vampire","damage_taken":0,"max_hp_gain":0,"max_hp_loss":29,"event_name":"Vampires","floor":20,"gold_loss":0,"cards_obtained":["Bite","Bite","Bite","Bite","Bite"]},{"damage_healed":0,"gold_gain":0,"cards_transformed":["Bash","Seeing Red"],"player_choice":"Became Test Subject","damage_taken":0,"max_hp_gain":0,"max_hp_loss":0,"event_name":"Drug Dealer","floor":28,"gold_loss":0,"cards_obtained":["Twin Strike","Intimidate"]},{"damage_healed":0,"gold_gain":0,"player_choice":"Ignored","damage_taken":0,"max_hp_gain":0,"max_hp_loss":0,"event_name":"Tomb of Lord Red Mask","floor":37,"gold_loss":0},{"damage_healed":0,"gold_gain":0,"player_choice":"Fight","damage_taken":0,"max_hp_gain":0,"max_hp_loss":0,"event_name":"Mysterious Sphere","floor":44,"gold_loss":0},{"cards_removed":["Bite"],"damage_healed":0,"gold_gain":0,"player_choice":"Removed Attack","damage_taken":0,"max_hp_gain":0,"max_hp_loss":0,"event_name":"Falling","floor":46,"gold_loss":0}],"is_beta":false,"boss_relics":[{"not_picked":["Mark of Pain","Coffee Dripper"],"picked":"Cursed Key"},{"not_picked":["Empty Cage","Runic Cube"],"picked":"Busted Crown"}],"items_purged_floors":[19],"is_endless":false,"potions_floor_spawned":[1,5,10,16,21,33,36,40,44,48],"ascension_level":5}