{"path_per_floor":["M","M","$","?","M","R","M","R","T","M","R","M","M","M","R","B",null,"M","$","M","?","M","E","R","M","T","M","M","M","R","?","R","B",null,"M","M","$","?","?","R","M","?","T","M","R","M","R","M","R"],"character_chosen":"THE_SILENT","items_purchased":["Caltrops","Explosive Potion","Noxious Fumes","Sadistic Nature"],"gold_per_floor":[110,120,0,0,12,12,26,26,26,36,36,52,66,76,76,178,178,192,43,56,56,74,108,108,122,145,164,175,194,194,119,119,224,224,234,249,64,64,0,0,11,11,311,321,321,340,340,355,355],"floor_reached":50,"campfire_rested":6,"playtime":5234,"current_hp_per_floor":[70,70,70,63,61,61,58,58,58,39,60,60,59,59,59,49,70,70,70,70,70,69,61,61,43,43,33,26,7,28,28,49,15,70,64,62,62,62,62,62,37,54,54,46,67,48,69,64,70],"items_purged":["Defend_G"],"gold":355,"play_id":"a41e62bb-6d0b-4d8e-9c76-d918ba27b8fa","is_prod":false,"is_daily":false,"campfire_rituals":0,"campfire_upgraded":5,"is_hardmode":false,"path_taken":["M","?","?","?","M","R","M","R","T","M","R","M","M","M","R","BOSS","M","$","M","?","M","E","R","M","T","M","M","M","R","?","R","BOSS","M","M","$","?","?","R","M","?","T","M","R","M","R","M","R","BOSS"],"build_version":"2018-01-18-PROD4","purchased_purges":2,"victory":false,"master_deck":["Defend_G","Defend_G","Defend_G","Defend_G","Strike_G","Strike_G","Strike_G","Survivor","Neutralize","Dagger Spray","Caltrops","Deadly Poison","Flying Knee","Deadly Poison","Tools of the Trade","Dash","After Image","Noxious Fumes","Bouncing Flask","Prepared","Poisoned Stab","Poisoned Stab","Sadistic Nature","Writhe","Escape Plan","After Image"],"max_hp_per_floor":[70,70,70,70,70,70,70,70,70,70,70,70,70,70,70,70,70,70,70,70,70,70,70,70,70,70,70,70,70,70,70,70,70,70,70,70,70,70,70,70,70,70,70,70,70,70,70,70,70],"relics":["Ring of the Snake","Bronze Scales","Matryoshka","Dream Catcher","Kunai","Velvet Choker","Dodecahedron","Juzu Bracelet","Art of War","The Specimen","Red Mask","Old Coin"],"campfire_meditates":0,"card_choices":[{"not_picked":["Dash","Prepared"],"picked":"Dagger Spray"},{"not_picked":["Finisher","Outmaneuver"],"picked":"Deadly Poison"},{"not_picked":["Outmaneuver","Dodge and Roll"],"picked":"Flying Knee"},{"not_picked":["Infinite Blades","Cloak And Dagger"],"picked":"Deadly Poison"},{"not_picked":["Bane","PiercingWail"],"picked":"Tools of the Trade"},{"not_picked":["Leg Sweep","Malaise"],"picked":"Dash"},{"not_picked":["Unload","Tactician"],"picked":"After Image"},{"not_picked":["Cloak And Dagger","Reflex"],"picked":"Bouncing Flask"},{"not_picked":["PiercingWail","Cloak And Dagger"],"picked":"Prepared"},{"not_picked":["Calculated Gamble","Masterful Stab"],"picked":"Poisoned Stab"},{"not_picked":["Reflex","Acrobatics"],"picked":"Poisoned Stab"},{"not_picked":["Acrobatics","Dodge and Roll"],"picked":"Escape Plan"},{"not_picked":["Heel Hook","Bouncing Flask"],"picked":"After Image"}],"player_experience":129887,"potions_floor_usage":[14,18,20,22,23,29,41,41,41,50],"damage_taken":[{"damage":0,"enemies":"Blue Slaver","floor":1,"turns":5},{"damage":0,"enemies":"Cultist","floor":2,"turns":4},{"damage":2,"enemies":"Small Slimes","floor":5,"turns":3},{"damage":3,"enemies":"Red Slaver","floor":7,"turns":5},{"damage":19,"enemies":"Exordium Wildlife","floor":10,"turns":4},{"damage":0,"enemies":"Large Slime","floor":12,"turns":6},{"damage":1,"enemies":"2 Fungi Beasts","floor":13,"turns":2},{"damage":0,"enemies":"Lots of Slimes","floor":14,"turns":2},{"damage":10,"enemies":"Hexaghost","floor":16,"turns":8},{"damage":0,"enemies":"Shell Parasite","floor":18,"turns":4},{"damage":0,"enemies":"3 Byrds","floor":20,"turns":2},{"damage":1,"enemies":"Centurion and Healer","floor":22,"turns":6},{"damage":8,"enemies":"Gremlin Leader","floor":23,"turns":7},{"damage":18,"enemies":"Snecko","floor":25,"turns":5},{"damage":10,"enemies":"Snake Plant","floor":27,"turns":3},{"damage":7,"enemies":"Chosen and Byrds","floor":28,"turns":4},{"damage":19,"enemies":"Slaver and Parasite","floor":29,"turns":4},{"damage":34,"enemies":"Automaton","floor":33,"turns":9},{"damage":6,"enemies":"3 Shapes","floor":35,"turns":5},{"damage":2,"enemies":"Orb Walker","floor":36,"turns":4},{"damage":25,"enemies":"4 Shapes","floor":41,"turns":5},{"damage":8,"enemies":"Maw","floor":44,"turns":7},{"damage":19,"enemies":"3 Darklings","floor":46,"turns":4},{"damage":5,"enemies":"4 Shapes","floor":48,"turns":5},{"damage":70,"enemies":"Donu and Deca","floor":50,"turns":8}],"event_choices":[{"event_name":"Scrap Ooze","player_choice":"success","floor":4,"damage_taken":7},{"event_name":"Back to Basics","player_choice":"Simplicity","floor":21,"damage_taken":0},{"event_name":"Beggar","player_choice":"Gave Gold","floor":31,"damage_taken":0},{"event_name":"Tomb of Lord Red Mask","player_choice":"Paid","floor":39,"damage_taken":0},{"event_name":"Winding Halls","player_choice":"Writhe","floor":42,"damage_taken":0}],"boss_relics":[{"not_picked":["White Beast Statue","Cursed Key"],"picked":"Velvet Choker"},{"not_picked":["Astrolabe","Sozu"],"picked":"The Specimen"}],"potions_floor_spawned":[2,10,13,16,18,23,27,33,36,48],"seed_played":"-2133921150386159309","killed_by":"Donu and Deca","is_trial":false}