{"gold_per_floor":[115,40,57,75,94,128,128,153,177,177,198,148,176,176,176,273,273,287,299,249,219,124,124,139,165,165,184,184,184,197,231,231,328,328,341,291,291,291],"floor_reached":38,"playtime":15256,"items_purged":["Strike_R","Strike_R","Strike_R","Doubt"],"score":452,"play_id":"f099dc7a-bb7c-4644-8490-03c12223cf57","local_time":"20190704013631","is_ascension_mode":true,"campfire_choices":[{"floor":7,"key":"RECALL"},{"data":"Anger","floor":10,"key":"SMITH"},{"floor":15,"key":"REST"},{"floor":23,"key":"REST"},{"floor":29,"key":"REST"},{"floor":32,"key":"REST"}],"neow_cost":"NONE","seed_source_timestamp":42667414381643,"circlet_count":0,"master_deck":["Defend_R","Defend_R","Defend_R","Defend_R","Bash","Second Wind","Anger+1","Rampage","Power Through","Warcry","Rampage","Impervious","Wild Strike","Brutality","Shrug It Off","Uppercut+1","Shrug It Off","Pommel Strike","Berserk","Writhe","Decay","Evolve","Deep Breath"],"relics":["Burning Blood","Question Card","Bag of Marbles","Odd Mushroom","Smiling Mask","Fusion Hammer","Juzu Bracelet","Boot","Ancient Tea Set","Calling Bell","Vajra","Pantograph","Champion Belt"],"potions_floor_usage":[8,16,16,27,38],"damage_taken":[{"damage":6,"enemies":"2 Louse","floor":1,"turns":3},{"damage":1,"enemies":"Jaw Worm","floor":3,"turns":5},{"damage":4,"enemies":"Cultist","floor":4,"turns":5},{"damage":1,"enemies":"3 Louse","floor":5,"turns":4},{"damage":33,"enemies":"3 Sentries","floor":6,"turns":10},{"damage":27,"enemies":"Gremlin Nob","floor":8,"turns":4},{"damage":9,"enemies":"The Mushroom Lair","floor":11,"turns":5},{"damage":17,"enemies":"3 Sentries","floor":13,"turns":9},{"damage":35,"enemies":"The Guardian","floor":16,"turns":8},{"damage":7,"enemies":"Shell Parasite","floor":18,"turns":6},{"damage":10,"enemies":"3 Byrds","floor":19,"turns":8},{"damage":20,"enemies":"Snake Plant","floor":24,"turns":6},{"damage":29,"enemies":"Book of Stabbing","floor":25,"turns":6},{"damage":9,"enemies":"Snecko","floor":27,"turns":4},{"damage":15,"enemies":"Cultist and Chosen","floor":30,"turns":8},{"damage":23,"enemies":"Gremlin Leader","floor":31,"turns":9},{"damage":34,"enemies":"Champ","floor":33,"turns":12},{"damage":27,"enemies":"3 Darklings","floor":35,"turns":6},{"damage":85,"enemies":"2 Orb Walkers","floor":38,"turns":6}],"seed_played":"1253344158712953440","potions_obtained":[{"floor":1,"key":"Fire Potion"},{"floor":6,"key":"Fire Potion"},{"floor":11,"key":"Strength Potion"},{"floor":13,"key":"Dexterity Potion"},{"floor":18,"key":"EssenceOfSteel"},{"floor":21,"key":"FairyPotion"},{"floor":30,"key":"Weak Potion"}],"is_trial":false,"path_per_floor":["M","$","M","M","M","E","R","E","T","R","?","?","E","?","R","B",null,"M","M","$","?","$","R","M","E","T","M","?","R","M","E","R","B",null,"M","$","?","?"],"character_chosen":"IRONCLAD","items_purchased":["Shrug It Off"],"campfire_rested":4,"item_purchase_floors":[22],"current_hp_per_floor":[88,88,88,88,88,61,61,40,40,40,37,37,26,19,45,16,88,87,83,83,83,83,88,74,51,51,48,31,58,49,32,59,31,93,72,72,72,0],"gold":291,"neow_bonus":"TEN_PERCENT_HP_BONUS","is_prod":false,"is_daily":false,"chose_seed":false,"campfire_upgraded":1,"win_rate":0,"timestamp":1562222191,"path_taken":["M","$","M","M","M","E","R","E","T","R","?","?","E","?","R","BOSS","M","M","$","?","$","R","?","E","T","M","?","R","M","E","R","BOSS","M","$","?","?"],"build_version":"2019-07-01","purchased_purges":4,"victory":false,"max_hp_per_floor":[88,88,88,88,88,88,88,88,88,88,88,88,88,88,88,88,88,88,88,88,88,88,88,88,88,88,88,93,93,93,93,93,93,93,93,93,93,93],"card_choices":[{"not_picked":["Ghostly Armor","Carnage"],"picked":"Second Wind","floor":1},{"not_picked":["Spot Weakness","Iron Wave"],"picked":"Anger","floor":3},{"not_picked":["Second Wind","Disarm"],"picked":"Rampage","floor":4},{"not_picked":["Perfected Strike","Feel No Pain","Hemokinesis"],"picked":"SKIP","floor":5},{"not_picked":["Iron Wave","Whirlwind","Shockwave"],"picked":"SKIP","floor":6},{"not_picked":["Shrug It Off","Twin Strike","Anger"],"picked":"Power Through","floor":8},{"not_picked":["Body Slam","Rupture","Entrench"],"picked":"Warcry","floor":11},{"not_picked":["Spot Weakness","Warcry","Rupture"],"picked":"Rampage","floor":13},{"not_picked":["Bludgeon","Fiend Fire","Limit Break"],"picked":"Impervious","floor":16},{"not_picked":["Thunderclap","Perfected Strike+1","Armaments"],"picked":"Wild Strike","floor":18},{"not_picked":["Pommel Strike","Hemokinesis","Iron Wave"],"picked":"Brutality","floor":19},{"not_picked":["Anger","Cleave+1","Clash"],"picked":"Uppercut+1","floor":24},{"not_picked":["Armaments","Cleave+1","Flex","Limit Break"],"picked":"SKIP","floor":25},{"not_picked":["Bloodletting","Perfected Strike","Anger"],"picked":"Shrug It Off","floor":27},{"not_picked":["Headbutt","Ghostly Armor","Shockwave"],"picked":"Pommel Strike","floor":30},{"not_picked":["Clothesline","Clash+1","Shockwave","Thunderclap"],"picked":"SKIP","floor":31},{"not_picked":["Double Tap","Demon Form","Offering"],"picked":"Berserk","floor":33},{"not_picked":["Second Wind","Reckless Charge+1","Combust"],"picked":"Evolve","floor":35},{"not_picked":["Jack Of All Trades","Dark Shackles","Bandage Up"],"picked":"Deep Breath","floor":37}],"player_experience":210051,"relics_obtained":[{"floor":6,"key":"Question Card"},{"floor":8,"key":"Bag of Marbles"},{"floor":11,"key":"Odd Mushroom"},{"floor":13,"key":"Smiling Mask"},{"floor":25,"key":"Juzu Bracelet"},{"floor":26,"key":"Boot"},{"floor":31,"key":"Ancient Tea Set"},{"floor":34,"key":"Vajra"},{"floor":34,"key":"Pantograph"},{"floor":34,"key":"Champion Belt"}],"event_choices":[{"damage_healed":0,"gold_gain":0,"player_choice":"Fought Mushrooms","damage_taken":0,"max_hp_gain":0,"max_hp_loss":0,"event_name":"Mushrooms","floor":11,"gold_loss":0},{"cards_removed":["Strike_R"],"damage_healed":0,"gold_gain":0,"player_choice":"Card Removal","damage_taken":0,"max_hp_gain":0,"max_hp_loss":0,"event_name":"The Cleric","floor":12,"gold_loss":50},{"cards_removed":["Strike_R"],"damage_healed":0,"gold_gain":0,"player_choice":"Card Removal","damage_taken":7,"max_hp_gain":0,"max_hp_loss":0,"event_name":"Golden Wing","floor":14,"gold_loss":0},{"damage_healed":0,"gold_gain":0,"player_choice":"Bought 2 Potions","damage_taken":0,"max_hp_gain":0,"max_hp_loss":0,"event_name":"The Woman in Blue","floor":21,"gold_loss":0},{"damage_healed":0,"gold_gain":0,"player_choice":"Shed Blood","damage_taken":22,"max_hp_gain":5,"max_hp_loss":0,"event_name":"Forgotten Altar","floor":28,"gold_loss":0},{"damage_healed":0,"gold_gain":0,"player_choice":"Memory 1","damage_taken":0,"max_hp_gain":0,"max_hp_loss":0,"event_name":"SensoryStone","floor":37,"gold_loss":0},{"damage_healed":0,"gold_gain":0,"player_choice":"Fight","damage_taken":0,"max_hp_gain":0,"max_hp_loss":0,"event_name":"Mysterious Sphere","floor":38,"gold_loss":0}],"is_beta":false,"boss_relics":[{"not_picked":["Black Star","Tiny House"],"picked":"Fusion Hammer"},{"not_picked":["Snecko Eye","Runic Pyramid"],"picked":"Calling Bell"}],"items_purged_floors":[2,20,22,36],"is_endless":false,"potions_floor_spawned":[1,6,11,13,18,30,31],"killed_by":"2 Orb Walkers","ascension_level":1}