{"gold_per_floor":[114,128,148,161,13,13,39,39,39,73,86,99,431,431,431,526,526,538,195,195,195,211,211,230,262,262,262,273,243,273,283,283,384,384,404,422,437,486,75,109,109,124,199,232,232,264,264,364,364,364,364,364,12,44,44],"floor_reached":55,"playtime":6450,"items_purged":["Strike_R","Defend_R","Defend_R","Strike_R"],"score":993,"play_id":"52711a83-b133-4113-84e2-45fddac3e24d","local_time":"20190729115802","is_ascension_mode":true,"campfire_choices":[{"data":"Feed","floor":6,"key":"SMITH"},{"floor":8,"key":"REST"},{"floor":15,"key":"REST"},{"data":"Immolate","floor":23,"key":"SMITH"},{"floor":27,"key":"REST"},{"floor":32,"key":"REST"},{"data":"Shockwave","floor":41,"key":"SMITH"},{"floor":45,"key":"REST"},{"floor":47,"key":"REST"},{"floor":49,"key":"RECALL"},{"data":"Double Tap","floor":52,"key":"SMITH"}],"neow_cost":"NONE","seed_source_timestamp":689109631073820,"circlet_count":0,"master_deck":["Strike_R","Defend_R","Defend_R","Bash+1","Wild Strike","Cleave+1","Feed+1","Clothesline+1","Sever Soul","Seeing Red+1","True Grit","Flame Barrier","Inflame","Immolate+1","Body Slam","Shockwave+1","Flex","Ghostly Armor+1","Shrug It Off","RitualDagger","Havoc+1","Pommel Strike+1","Feel No Pain+1","Double Tap+1","Corruption+1","Spot Weakness+1","Feel No Pain","Parasite","Second Wind+1","Burning Pact+1"],"relics":["Burning Blood","Art of War","Red Skull","Pantograph","Old Coin","Orrery","Frozen Eye","Centennial Puzzle","Sundial","Oddly Smooth Stone","Mark of Pain","Medical Kit","Juzu Bracelet","Dodecahedron","Girya","Smiling Mask","Mango","Whetstone","Bronze Scales","FossilizedHelix"],"potions_floor_usage":[7,10,12,16,24,25,25,30,30,33,33,42,44,48,50],"damage_taken":[{"damage":8,"enemies":"Jaw Worm","floor":1,"turns":5},{"damage":0,"enemies":"2 Louse","floor":2,"turns":3},{"damage":11,"enemies":"Small Slimes","floor":3,"turns":3},{"damage":21,"enemies":"Red Slaver","floor":4,"turns":5},{"damage":12,"enemies":"Gremlin Nob","floor":7,"turns":3},{"damage":40,"enemies":"Lagavulin","floor":10,"turns":6},{"damage":11,"enemies":"Blue Slaver","floor":11,"turns":4},{"damage":8,"enemies":"3 Louse","floor":12,"turns":2},{"damage":18,"enemies":"Gremlin Nob","floor":13,"turns":4},{"damage":53,"enemies":"The Guardian","floor":16,"turns":12},{"damage":18,"enemies":"Chosen","floor":18,"turns":6},{"damage":43,"enemies":"3 Byrds","floor":22,"turns":5},{"damage":11,"enemies":"Snake Plant","floor":24,"turns":3},{"damage":44,"enemies":"Slavers","floor":25,"turns":5},{"damage":25,"enemies":"Chosen and Byrds","floor":28,"turns":6},{"damage":2,"enemies":"Gremlin Leader","floor":30,"turns":5},{"damage":14,"enemies":"Centurion and Healer","floor":31,"turns":7},{"damage":63,"enemies":"Collector","floor":33,"turns":10},{"damage":4,"enemies":"3 Shapes","floor":35,"turns":3},{"damage":7,"enemies":"3 Darklings","floor":36,"turns":2},{"damage":5,"enemies":"Sphere and 2 Shapes","floor":37,"turns":3},{"damage":53,"enemies":"Nemesis","floor":40,"turns":9},{"damage":5,"enemies":"Writhing Mass","floor":42,"turns":4},{"damage":33,"enemies":"Reptomancer","floor":44,"turns":7},{"damage":50,"enemies":"Giant Head","floor":46,"turns":10},{"damage":31,"enemies":"Mind Bloom Boss Battle","floor":48,"turns":6},{"damage":83,"enemies":"Time Eater","floor":50,"turns":10},{"damage":115,"enemies":"Shield and Spear","floor":54,"turns":6},{"damage":61,"enemies":"The Heart","floor":55,"turns":3}],"seed_played":"6645810326029882020","potions_obtained":[{"floor":1,"key":"PowerPotion"},{"floor":2,"key":"Energy Potion"},{"floor":4,"key":"Strength Potion"},{"floor":10,"key":"Weak Potion"},{"floor":11,"key":"BloodPotion"},{"floor":12,"key":"Fruit Juice"},{"floor":18,"key":"Poison Potion"},{"floor":24,"key":"Strength Potion"},{"floor":28,"key":"Poison Potion"},{"floor":29,"key":"Block Potion"},{"floor":29,"key":"Explosive Potion"},{"floor":31,"key":"Ancient Potion"},{"floor":35,"key":"Regen Potion"},{"floor":40,"key":"Ancient Potion"},{"floor":46,"key":"LiquidBronze"}],"is_trial":false,"path_per_floor":["M","M","M","M","$","R","E","R","T","E","M","M","E","?","R","B",null,"M","$","?","?","M","R","M","E","T","R","M","?","E","M","R","B",null,"M","M","M","T","$","E","R","M","T","E","R","E","R","?","R","B",null,"R","$","E","B"],"character_chosen":"IRONCLAD","items_purchased":["Sever Soul","Shrug It Off","Frozen Eye","Medical Kit","Feel No Pain","FearPotion","Whetstone","Bronze Scales"],"campfire_rested":6,"item_purchase_floors":[5,19,19,39,39,39,53,53],"current_hp_per_floor":[78,80,75,63,63,63,57,81,81,47,46,53,41,22,50,28,96,84,84,78,78,41,41,36,22,22,50,31,31,35,31,61,33,104,104,103,104,104,104,57,57,58,58,50,82,42,75,89,89,37,126,126,126,17,0],"gold":44,"neow_bonus":"REMOVE_CARD","is_prod":false,"is_daily":false,"chose_seed":false,"campfire_upgraded":4,"win_rate":0,"timestamp":1564419482,"path_taken":["M","M","M","M","$","R","E","R","T","E","M","M","E","?","R","BOSS","M","$","?","?","M","R","?","E","T","R","M","?","E","M","R","BOSS","M","M","M","?","$","E","R","M","T","E","R","E","R","?","R","BOSS","R","$","E","BOSS"],"build_version":"2019-07-17","purchased_purges":4,"victory":false,"max_hp_per_floor":[80,80,80,83,83,83,83,83,83,83,87,96,96,96,96,96,96,96,96,96,96,96,96,96,96,96,96,96,96,96,100,100,104,104,104,104,104,104,104,104,104,104,104,108,108,112,112,126,126,126,126,126,126,126,126],"card_choices":[{"not_picked":["Ghostly Armor","Entrench"],"picked":"Wild Strike","floor":1},{"not_picked":["Bloodletting","Twin Strike"],"picked":"Cleave","floor":2},{"not_picked":["Twin Strike","Second Wind"],"picked":"Feed","floor":3},{"not_picked":["Wild Strike","Whirlwind"],"picked":"Clothesline","floor":4},{"not_picked":["Second Wind","Twin Strike"],"picked":"Seeing Red","floor":7},{"not_picked":["Carnage","Power Through"],"picked":"True Grit","floor":10},{"not_picked":["Clothesline","Seeing Red","Fire Breathing"],"picked":"SKIP","floor":11},{"not_picked":["Clash","Pummel"],"picked":"Flame Barrier","floor":12},{"not_picked":["Power Through","Headbutt"],"picked":"Inflame","floor":13},{"not_picked":["Berserk","Feed"],"picked":"Immolate","floor":16},{"not_picked":["Thunderclap","Heavy Blade"],"picked":"Body Slam","floor":17},{"not_picked":["Clash","Flex"],"picked":"Shockwave","floor":17},{"not_picked":["Heavy Blade","Entrench"],"picked":"Flex","floor":17},{"not_picked":["Havoc","Flame Barrier"],"picked":"Ghostly Armor+1","floor":18},{"not_picked":["Intimidate","Headbutt"],"picked":"Havoc+1","floor":22},{"not_picked":["Shockwave","Headbutt","Hemokinesis"],"picked":"SKIP","floor":24},{"not_picked":["Flex","Anger"],"picked":"Pommel Strike+1","floor":25},{"not_picked":["Warcry","Havoc","Blood for Blood"],"picked":"SKIP","floor":28},{"not_picked":["Thunderclap","Demon Form","Sentinel"],"picked":"SKIP","floor":30},{"not_picked":["Rage","Havoc"],"picked":"Feel No Pain+1","floor":31},{"not_picked":["Feed","Bludgeon"],"picked":"Double Tap","floor":33},{"not_picked":["Clothesline+1","Body Slam"],"picked":"Corruption+1","floor":35},{"not_picked":["Body Slam","Armaments","Anger"],"picked":"SKIP","floor":36},{"not_picked":["Wild Strike+1","Cleave+1"],"picked":"Spot Weakness+1","floor":37},{"not_picked":["Intimidate+1","Searing Blow","Sword Boomerang+1"],"picked":"SKIP","floor":40},{"not_picked":["Blood for Blood+1","Whirlwind+1"],"picked":"Second Wind+1","floor":42},{"not_picked":["Ghostly Armor","Uppercut+1"],"picked":"Burning Pact+1","floor":44},{"not_picked":["Ghostly Armor+1","Thunderclap+1","Impervious"],"picked":"SKIP","floor":46},{"not_picked":["Wild Strike+1","Shockwave","Thunderclap"],"picked":"SKIP","floor":54}],"player_experience":294889,"relics_obtained":[{"floor":7,"key":"Art of War"},{"floor":9,"key":"Red Skull"},{"floor":10,"key":"Pantograph"},{"floor":13,"key":"Old Coin"},{"floor":25,"key":"Centennial Puzzle"},{"floor":26,"key":"Sundial"},{"floor":30,"key":"Oddly Smooth Stone"},{"floor":40,"key":"Juzu Bracelet"},{"floor":43,"key":"Dodecahedron"},{"floor":44,"key":"Girya"},{"floor":46,"key":"Smiling Mask"},{"floor":48,"key":"Mango"},{"floor":54,"key":"FossilizedHelix"}],"event_choices":[{"damage_healed":0,"gold_gain":0,"player_choice":"Entered Light","damage_taken":19,"max_hp_gain":0,"max_hp_loss":0,"event_name":"Shining Light","floor":14,"gold_loss":0,"cards_upgraded":["Seeing Red","Bash"]},{"damage_healed":0,"gold_gain":0,"player_choice":"Joined the Cult","damage_taken":6,"max_hp_gain":0,"max_hp_loss":0,"event_name":"Nest","floor":20,"gold_loss":0,"cards_obtained":["RitualDagger"]},{"cards_removed":["Strike_R"],"damage_healed":0,"gold_gain":0,"player_choice":"Elegance","damage_taken":0,"max_hp_gain":0,"max_hp_loss":0,"event_name":"Back to Basics","floor":21,"gold_loss":0},{"damage_healed":0,"gold_gain":0,"player_choice":"Bought 2 Potions","damage_taken":0,"max_hp_gain":0,"max_hp_loss":0,"event_name":"The Woman in Blue","floor":29,"gold_loss":0},{"damage_healed":0,"gold_gain":0,"player_choice":"Fight","damage_taken":0,"max_hp_gain":0,"max_hp_loss":0,"event_name":"MindBloom","floor":48,"gold_loss":0}],"is_beta":false,"boss_relics":[{"not_picked":["Runic Cube","Black Star"],"picked":"Orrery"},{"not_picked":["Pandora\u0027s Box","Calling Bell"],"picked":"Mark of Pain"}],"items_purged_floors":[5,19,39,53],"is_endless":false,"potions_floor_spawned":[1,2,4,10,11,12,18,24,28,31,35,40,46],"killed_by":"The Heart","ascension_level":4}