{"gold_per_floor":[117,117,117,142,156,156,197,216,216,216,232,232,250,250,250,343,343,311,332,34,34,71,83,95,22,87,26,42,62,10,33,33,33],"floor_reached":33,"playtime":1247,"items_purged":["Injury"],"score":411,"play_id":"631b5d4b-159c-405d-9baf-bd2b31dda2cc","local_time":"20190727234606","is_ascension_mode":true,"campfire_choices":[{"data":"Noxious Fumes","floor":6,"key":"SMITH"},{"floor":10,"key":"REST"},{"data":"Adrenaline","floor":15,"key":"SMITH"},{"floor":23,"key":"REST"},{"floor":32,"key":"REST"}],"neow_cost":"NONE","seed_source_timestamp":18026499554570,"circlet_count":0,"master_deck":["AscendersBane","Strike_G","Strike_G","Strike_G","Strike_G","Strike_G","Defend_G","Defend_G","Defend_G","Defend_G","Defend_G","Survivor","Neutralize","Poisoned Stab","Noxious Fumes+1","Bane","Adrenaline+1","Parasite","Deadly Poison","Malaise","Deadly Poison","Caltrops","Well Laid Plans","Backstab","Writhe","Footwork","Deadly Poison","Venomology","PiercingWail","Backflip"],"relics":["Ring of the Snake","Snake Skull","Golden Idol","Shuriken","Letter Opener","Mummified Hand","Lizard Tail","Bronze Scales","MawBank","Molten Egg 2","Boot","Bag of Preparation"],"potions_floor_usage":[16,22,22,31,33,33],"damage_taken":[{"damage":5,"enemies":"Small Slimes","floor":1,"turns":4},{"damage":2,"enemies":"Jaw Worm","floor":4,"turns":4},{"damage":0,"enemies":"2 Louse","floor":5,"turns":3},{"damage":29,"enemies":"3 Sentries","floor":7,"turns":9},{"damage":4,"enemies":"Looter","floor":8,"turns":4},{"damage":11,"enemies":"Lots of Slimes","floor":11,"turns":3},{"damage":0,"enemies":"3 Louse","floor":13,"turns":4},{"damage":36,"enemies":"The Guardian","floor":16,"turns":9},{"damage":29,"enemies":"2 Thieves","floor":18,"turns":5},{"damage":13,"enemies":"Shell Parasite","floor":19,"turns":6},{"damage":18,"enemies":"Centurion and Healer","floor":22,"turns":5},{"damage":27,"enemies":"Sentry and Sphere","floor":28,"turns":5},{"damage":14,"enemies":"Snecko","floor":29,"turns":6},{"damage":0,"enemies":"Chosen and Byrds","floor":31,"turns":4},{"damage":42,"enemies":"Collector","floor":33,"turns":5}],"seed_played":"-7121647351229731606","potions_obtained":[{"floor":4,"key":"Dexterity Potion"},{"floor":8,"key":"FearPotion"},{"floor":13,"key":"EssenceOfSteel"},{"floor":18,"key":"Poison Potion"},{"floor":28,"key":"Energy Potion"},{"floor":29,"key":"Block Potion"}],"is_trial":false,"path_per_floor":["M","?","?","M","M","R","E","M","T","R","M","?","M","T","R","B",null,"M","M","$","T","M","R","?","?","T","$","M","M","$","M","R","B"],"character_chosen":"THE_SILENT","items_purchased":["Well Laid Plans","Bronze Scales","Footwork","PiercingWail"],"campfire_rested":3,"item_purchase_floors":[20,20,27,30],"current_hp_per_floor":[58,58,58,56,56,56,27,23,23,44,33,50,50,50,50,14,56,27,14,14,14,33,54,54,54,54,54,27,13,13,13,34,0],"gold":33,"neow_bonus":"RANDOM_COMMON_RELIC","is_prod":false,"is_daily":false,"chose_seed":false,"campfire_upgraded":2,"win_rate":0,"timestamp":1564289166,"path_taken":["M","?","?","M","M","R","E","M","T","R","M","?","M","?","R","BOSS","M","?","$","?","?","R","?","?","T","$","M","M","$","M","R","BOSS"],"build_version":"2019-07-17","purchased_purges":1,"victory":false,"max_hp_per_floor":[70,70,70,70,70,70,70,70,70,70,70,70,70,70,70,70,70,70,70,70,70,70,70,70,70,70,70,70,70,70,70,70,70],"card_choices":[{"not_picked":["Backflip","Prepared"],"picked":"Poisoned Stab","floor":1},{"not_picked":["Dash","Predator"],"picked":"Noxious Fumes","floor":4},{"not_picked":["Acrobatics","Underhanded Strike"],"picked":"Bane","floor":5},{"not_picked":["Acrobatics","Bane","Prepared"],"picked":"SKIP","floor":7},{"not_picked":["Well Laid Plans","Prepared"],"picked":"Adrenaline","floor":8},{"not_picked":["Sucker Punch","Quick Slash","Finisher"],"picked":"SKIP","floor":11},{"not_picked":["Bane","Concentrate"],"picked":"Deadly Poison","floor":13},{"not_picked":["Doppelganger","Adrenaline"],"picked":"Malaise","floor":16},{"not_picked":["Flying Knee","Eviscerate"],"picked":"Deadly Poison","floor":18},{"not_picked":["Slice","Deflect"],"picked":"Caltrops","floor":19},{"not_picked":["Predator","Blade Dance"],"picked":"Backstab","floor":22},{"not_picked":["Prepared+1","Flying Knee+1"],"picked":"Deadly Poison","floor":28},{"not_picked":["Heel Hook+1","Deadly Poison"],"picked":"Venomology","floor":29},{"not_picked":["Concentrate","Eviscerate+1"],"picked":"Backflip","floor":31}],"player_experience":246282,"relics_obtained":[{"floor":7,"key":"Shuriken"},{"floor":9,"key":"Letter Opener"},{"floor":14,"key":"Mummified Hand"},{"floor":21,"key":"MawBank"},{"floor":26,"key":"Bag of Preparation"}],"event_choices":[{"damage_healed":0,"gold_gain":0,"player_choice":"Ignored","damage_taken":0,"max_hp_gain":0,"max_hp_loss":0,"event_name":"Golden Wing","floor":2,"gold_loss":0},{"damage_healed":0,"gold_gain":0,"player_choice":"Take Wound","damage_taken":0,"relics_obtained":["Golden Idol"],"max_hp_gain":0,"max_hp_loss":0,"event_name":"Golden Idol","floor":3,"gold_loss":0,"cards_obtained":["Injury"]},{"damage_healed":17,"gold_gain":0,"player_choice":"Healed and dodged fight","damage_taken":0,"max_hp_gain":0,"max_hp_loss":0,"event_name":"Mushrooms","floor":12,"gold_loss":0,"cards_obtained":["Parasite"]},{"damage_healed":0,"gold_gain":0,"player_choice":"Opened","damage_taken":0,"relics_obtained":["Molten Egg 2"],"max_hp_gain":0,"max_hp_loss":0,"event_name":"The Mausoleum","floor":24,"gold_loss":0,"cards_obtained":["Writhe"]},{"damage_healed":0,"gold_gain":0,"player_choice":"Obtained Relic","damage_taken":0,"relics_obtained":["Boot"],"max_hp_gain":0,"max_hp_loss":0,"event_name":"Addict","floor":25,"gold_loss":85}],"is_beta":false,"boss_relics":[{"not_picked":["HoveringKite","Busted Crown"],"picked":"Lizard Tail"}],"items_purged_floors":[20],"is_endless":false,"potions_floor_spawned":[4,8,11,13,18,28,29],"killed_by":"Collector","ascension_level":13}