{"gold_per_floor":[114,214,232,232,243,270,286,198,222,249,249,272,272,447,447,576,576,596,609,609,454,469,469,487,487,487,522,538,538,562,587,587,713,713,736,492,511,265,280,280,301,301,301,325,344,359,384,402,402,402],"floor_reached":50,"playtime":1582,"items_purged":[],"score":507,"play_id":"de650b2b-0c83-4a16-b57e-d217fbd4bf46","local_time":"20180726092021","is_ascension_mode":false,"campfire_choices":[{"data":"Armaments","floor":15.0,"key":"SMITH"},{"data":"Limit Break","floor":23.0,"key":"SMITH"},{"floor":25.0,"key":"REST"},{"floor":29.0,"key":"REST"},{"floor":32.0,"key":"REST"},{"floor":40.0,"key":"REST"},{"floor":49.0,"key":"REST"}],"neow_cost":"NONE","seed_source_timestamp":54598864544542,"circlet_count":0,"master_deck":["Strike_R","Strike_R","Strike_R","Strike_R","Strike_R","Defend_R","Defend_R","Defend_R","Defend_R","Bash","Twin Strike","Armaments+1","Ghostly Armor","Blind","Shrug It Off","Twin Strike","Limit Break+1","Flex","Spot Weakness","Thunderclap+1","Twin Strike","Double Tap","Whirlwind+1","Sword Boomerang+1","Sword Boomerang+1","Perfected Strike+1","Shrug It Off"],"special_seed":0,"relics":["Burning Blood","Blood Vial","Omamori","Happy Flower","Red Skull","Golden Idol","Mark of Pain","Charon\u0027s Ashes","Oddly Smooth Stone","Dead Branch","Smiling Mask","Velvet Choker","Gremlin Horn","Pear","Thread and Needle","The Courier"],"potions_floor_usage":[50,50,50],"damage_taken":[{"damage":6.0,"enemies":"Cultist","floor":1.0,"turns":3.0},{"damage":11.0,"enemies":"Jaw Worm","floor":3.0,"turns":2.0},{"damage":2.0,"enemies":"2 Louse","floor":5.0,"turns":2.0},{"damage":26.0,"enemies":"3 Sentries","floor":6.0,"turns":10.0},{"damage":11.0,"enemies":"Blue Slaver","floor":7.0,"turns":4.0},{"damage":42.0,"enemies":"Gremlin Nob","floor":10.0,"turns":5.0},{"damage":2.0,"enemies":"Exordium Thugs","floor":12.0,"turns":3.0},{"damage":12.0,"enemies":"Slime Boss","floor":16.0,"turns":11.0},{"damage":2.0,"enemies":"Shell Parasite","floor":18.0,"turns":6.0},{"damage":37.0,"enemies":"Chosen","floor":19.0,"turns":10.0},{"damage":31.0,"enemies":"3 Cultists","floor":22.0,"turns":7.0},{"damage":6.0,"enemies":"Centurion and Healer","floor":24.0,"turns":6.0},{"damage":24.0,"enemies":"Slavers","floor":27.0,"turns":5.0},{"damage":16.0,"enemies":"Snake Plant","floor":28.0,"turns":4.0},{"damage":13.0,"enemies":"Cultist and Chosen","floor":30.0,"turns":5.0},{"damage":17.0,"enemies":"Snecko","floor":31.0,"turns":5.0},{"damage":25.0,"enemies":"Champ","floor":33.0,"turns":7.0},{"damage":40.0,"enemies":"3 Darklings","floor":35.0,"turns":12.0},{"damage":6.0,"enemies":"3 Shapes","floor":37.0,"turns":1.0},{"damage":49.0,"enemies":"Sphere and 2 Shapes","floor":39.0,"turns":4.0},{"damage":11.0,"enemies":"3 Darklings","floor":41.0,"turns":4.0},{"damage":0.0,"floor":42.0,"turns":3.0},{"damage":5.0,"enemies":"Flame Bruiser 2 Orb","floor":44.0,"turns":3.0},{"damage":5.0,"enemies":"Transient","floor":45.0,"turns":5.0},{"damage":26.0,"enemies":"Spire Growth","floor":46.0,"turns":4.0},{"damage":16.0,"enemies":"Sphere and 2 Shapes","floor":47.0,"turns":3.0},{"damage":0.0,"enemies":"Transient","floor":48.0,"turns":5.0},{"damage":75,"enemies":"Time Eater","floor":50,"turns":7}],"seed_played":"1428552105960225284","potions_obtained":[{"floor":1.0,"key":"Swift Potion"},{"floor":10.0,"key":"Weak Potion"},{"floor":12.0,"key":"Dexterity Potion"},{"floor":16.0,"key":"Explosive Potion"},{"floor":31.0,"key":"SteroidPotion"},{"floor":35.0,"key":"SkillPotion"},{"floor":45.0,"key":"Swift Potion"},{"floor":46.0,"key":"SteroidPotion"}],"is_trial":false,"path_per_floor":["M","?","M","$","M","E","M","$","T","E","?","M","$","?","R","B",null,"M","M","?","$","M","R","M","R","T","E","M","R","M","M","R","B",null,"M","$","M","$","M","R","M","?","T","M","M","M","M","M","R"],"character_chosen":"IRONCLAD","items_purchased":["Blind","Oddly Smooth Stone","Gremlin Horn","Pear"],"campfire_rested":5,"item_purchase_floors":[8,21,36,38],"current_hp_per_floor":[80,80,75,75,80,60,57,57,57,23,23,29,29,29,29,25,74,74,43,43,43,20,20,22,44,44,28,20,42,37,28,50,33,74,40,40,42,52,11,36,33,41,41,44,47,29,21,29,54,0],"gold":402,"neow_bonus":"RANDOM_COMMON_RELIC","is_prod":false,"is_daily":false,"chose_seed":false,"campfire_upgraded":2,"win_rate":0,"timestamp":1532586021,"path_taken":["M","?","?","$","M","E","M","$","T","E","?","M","?","?","R","BOSS","M","M","?","$","M","R","M","R","T","E","M","R","M","M","R","BOSS","M","$","M","$","M","R","M","?","T","M","M","?","M","M","R","BOSS"],"build_version":"2018-07-19v2","purchased_purges":0,"victory":false,"max_hp_per_floor":[80,80,80,80,80,80,80,80,80,80,74,74,74,74,74,74,74,74,74,74,74,74,74,74,74,74,74,74,74,74,74,74,74,74,74,74,74,84,84,84,84,84,84,84,84,84,84,84,84,84],"card_choices":[{"not_picked":["Flex","Perfected Strike"],"picked":"Twin Strike","floor":1.0},{"not_picked":["Rage","Cleave"],"picked":"Armaments","floor":3.0},{"not_picked":["Corruption","Heavy Blade","Flex"],"picked":"SKIP","floor":5.0},{"not_picked":["Hemokinesis","Flex","Seeing Red"],"picked":"SKIP","floor":6.0},{"not_picked":["Brutality","Dropkick"],"picked":"Ghostly Armor","floor":7.0},{"not_picked":["Anger","Burning Pact"],"picked":"Shrug It Off","floor":10.0},{"not_picked":["Cleave","Perfected Strike"],"picked":"Twin Strike","floor":12.0},{"not_picked":["Feed","Reaper"],"picked":"Limit Break","floor":16.0},{"not_picked":["Disarm","Pommel Strike"],"picked":"Flex","floor":18.0},{"not_picked":["Dropkick","Blood for Blood","Disarm+1"],"picked":"SKIP","floor":19.0},{"not_picked":["Heavy Blade+1","Flex+1"],"picked":"Spot Weakness","floor":22.0},{"not_picked":["Disarm","Wild Strike"],"picked":"Thunderclap+1","floor":24.0},{"not_picked":["Flex","Thunderclap","Searing Blow"],"picked":"SKIP","floor":27.0},{"not_picked":["Heavy Blade","Cleave"],"picked":"Twin Strike","floor":28.0},{"not_picked":["Shockwave+1","Wild Strike","Twin Strike+1"],"picked":"SKIP","floor":30.0},{"not_picked":["Pommel Strike+1","Feel No Pain","True Grit"],"picked":"SKIP","floor":31.0},{"not_picked":["Juggernaut","Immolate"],"picked":"Double Tap","floor":33.0},{"not_picked":["Iron Wave","Fire Breathing+1"],"picked":"Whirlwind+1","floor":35.0},{"not_picked":["Pummel","Infernal Blade"],"picked":"Sword Boomerang+1","floor":37.0},{"not_picked":["Infernal Blade","Fire Breathing+1","Intimidate"],"picked":"SKIP","floor":39.0},{"not_picked":["Flex+1","Shrug It Off"],"picked":"Sword Boomerang+1","floor":41.0},{"not_picked":["Headbutt+1","Whirlwind+1"],"picked":"Perfected Strike+1","floor":42.0},{"not_picked":["Infernal Blade+1","Body Slam","Twin Strike"],"picked":"SKIP","floor":44.0},{"not_picked":["Clash","True Grit+1","Bloodletting"],"picked":"SKIP","floor":45.0},{"not_picked":["Iron Wave+1","Clash+1"],"picked":"Shrug It Off","floor":46.0},{"not_picked":["Wild Strike","Evolve","Exhume"],"picked":"SKIP","floor":47.0},{"not_picked":["Headbutt","Cleave","True Grit+1"],"picked":"SKIP","floor":48.0}],"player_experience":220099,"relics_obtained":[{"floor":6.0,"key":"Omamori"},{"floor":9.0,"key":"Happy Flower"},{"floor":10.0,"key":"Red Skull"},{"floor":26.0,"key":"Dead Branch"},{"floor":27.0,"key":"Smiling Mask"},{"floor":42.0,"key":"Thread and Needle"},{"floor":43.0,"key":"The Courier"}],"event_choices":[{"event_name":"Golden Shrine","player_choice":"Pray","floor":2.0,"damage_taken":0.0},{"event_name":"Golden Idol","player_choice":"Lose Max HP","floor":11.0,"damage_taken":0.0},{"event_name":"Liars Game","player_choice":"agreed","floor":14.0,"damage_taken":0.0},{"event_name":"The Mausoleum","player_choice":"Yes","floor":20.0,"damage_taken":0.0},{"event_name":"MindBloom","player_choice":"Fight","floor":42.0,"damage_taken":0.0}],"is_beta":false,"boss_relics":[{"not_picked":["Lizard Tail","Snecko Eye"],"picked":"Mark of Pain"},{"not_picked":["Sozu","Black Star"],"picked":"Velvet Choker"}],"items_purged_floors":[],"is_endless":false,"potions_floor_spawned":[1,10,12,16,22,27,30,31,35,45,46,48],"killed_by":"Time Eater","ascension_level":0}