{"gold_per_floor":[114,41,41,61,80,98,139,139,187,225,16,31,31],"floor_reached":13,"playtime":428,"items_purged":[],"score":95,"play_id":"95e2156a-089f-48e4-bcb2-67cbdb623183","local_time":"20190716172825","is_ascension_mode":false,"campfire_choices":[{"data":"Madness","floor":8,"key":"SMITH"}],"neow_cost":"NONE","seed_source_timestamp":192301832276400,"circlet_count":0,"master_deck":["Strike_G","Strike_G","Strike_G","Strike_G","Strike_G+1","Defend_G","Defend_G","Defend_G","Defend_G","Defend_G","Survivor","Neutralize+1","Madness+1","Deadly Poison","Blur","Injury","Bane","Backflip","Deflect","Bouncing Flask","Blind"],"relics":["Ring of the Snake","Golden Idol","Molten Egg 2","Whetstone","Boot"],"potions_floor_usage":[10,10],"damage_taken":[{"damage":2,"enemies":"Small Slimes","floor":1,"turns":5},{"damage":0,"enemies":"Cultist","floor":4,"turns":4},{"damage":0,"enemies":"Jaw Worm","floor":5,"turns":6},{"damage":2,"enemies":"Blue Slaver","floor":6,"turns":6},{"damage":37,"enemies":"Gremlin Nob","floor":7,"turns":5},{"damage":18,"enemies":"Lagavulin","floor":10,"turns":7},{"damage":0,"enemies":"Large Slime","floor":12,"turns":8},{"damage":13,"enemies":"Gremlin Nob","floor":13,"turns":3}],"seed_played":"726669952297661243","potions_obtained":[{"floor":1,"key":"SkillPotion"},{"floor":4,"key":"SpeedPotion"}],"is_trial":false,"path_per_floor":["M","$","?","M","M","M","E","R","T","E","$","M","E"],"character_chosen":"THE_SILENT","items_purchased":["Blur","Deflect","Bouncing Flask","Blind"],"campfire_rested":0,"item_purchase_floors":[2,11,11,11],"current_hp_per_floor":[68,68,68,68,68,66,29,29,29,11,11,11,0],"gold":31,"neow_bonus":"RANDOM_COLORLESS","is_prod":false,"is_daily":false,"chose_seed":false,"campfire_upgraded":1,"win_rate":0,"timestamp":1563287305,"path_taken":["M","$","?","M","M","M","E","R","T","E","$","M","E"],"build_version":"2019-07-10","purchased_purges":0,"victory":false,"max_hp_per_floor":[70,70,70,70,70,70,70,70,70,70,70,70,70],"card_choices":[{"not_picked":["Cloak And Dagger","Outmaneuver"],"picked":"Deadly Poison","floor":1},{"not_picked":["Accuracy","Terror","Endless Agony"],"picked":"SKIP","floor":4},{"not_picked":["Quick Slash","Masterful Stab","Choke"],"picked":"SKIP","floor":5},{"not_picked":["Dagger Spray","Acrobatics"],"picked":"Bane","floor":6},{"not_picked":["Eviscerate","Endless Agony"],"picked":"Backflip","floor":7},{"not_picked":["Dagger Throw+1","Burst","All Out Attack+1"],"picked":"SKIP","floor":10},{"not_picked":["Prepared","Sucker Punch+1","Distraction"],"picked":"SKIP","floor":12}],"player_experience":164496,"relics_obtained":[{"floor":7,"key":"Molten Egg 2"},{"floor":9,"key":"Whetstone"},{"floor":10,"key":"Boot"}],"event_choices":[{"damage_healed":0,"gold_gain":0,"player_choice":"Take Wound","damage_taken":0,"relics_obtained":["Golden Idol"],"max_hp_gain":0,"max_hp_loss":0,"event_name":"Golden Idol","floor":3,"gold_loss":0,"cards_obtained":["Injury"]}],"is_beta":true,"boss_relics":[],"items_purged_floors":[],"is_endless":false,"potions_floor_spawned":[1,4],"killed_by":"Gremlin Nob","ascension_level":0}