{"gold_per_floor":[20,32,48,48,68,68,100,100,178,198,198,226,245,261,261,359,359,371,383,55,71,71,96,96,106,106,106,124,49,65,65],"floor_reached":31,"playtime":1191,"items_purged":["Strike_B"],"score":296,"play_id":"2b7d4acb-38cf-4eb0-856c-8b9b6d780a40","local_time":"20190707171348","is_ascension_mode":false,"campfire_choices":[{"data":"Static Discharge","floor":6.0,"key":"SMITH"},{"data":"Zap","floor":8.0,"key":"SMITH"},{"data":"Hologram","floor":11.0,"key":"SMITH"},{"data":"Loop","floor":15.0,"key":"SMITH"},{"data":"Defragment","floor":24,"key":"SMITH"}],"neow_cost":"NO_GOLD","seed_source_timestamp":61502109337800,"circlet_count":0,"master_deck":["Strike_B","Strike_B","Strike_B","Defend_B","Defend_B","Defend_B","Defend_B","Zap+1","Dualcast","Seek","Hologram+1","Static Discharge+1","Go for the Eyes","Loop+1","Stack","Machine Learning","Capacitor","Defragment+1","Leap+1","Auto Shields+1"],"special_seed":0,"relics":["Cracked Core","Gambling Chip","Pear","Art of War","Nuclear Battery","Singing Bowl","Bottled Tornado","Orichalcum"],"potions_floor_usage":[21,23,23],"damage_taken":[{"damage":0.0,"enemies":"Cultist","floor":1.0,"turns":4.0},{"damage":0.0,"enemies":"2 Louse","floor":2.0,"turns":3.0},{"damage":5.0,"enemies":"Small Slimes","floor":3.0,"turns":3.0},{"damage":2.0,"enemies":"Looter","floor":5.0,"turns":3.0},{"damage":18.0,"enemies":"Lagavulin","floor":7.0,"turns":7.0},{"damage":6.0,"enemies":"Exordium Wildlife","floor":10.0,"turns":2.0},{"damage":16.0,"enemies":"3 Sentries","floor":12.0,"turns":4.0},{"damage":0.0,"enemies":"Blue Slaver","floor":13.0,"turns":3.0},{"damage":0.0,"enemies":"Exordium Thugs","floor":14.0,"turns":4.0},{"damage":18,"enemies":"Hexaghost","floor":16,"turns":8},{"damage":19,"enemies":"2 Thieves","floor":18,"turns":4},{"damage":9,"enemies":"Shell Parasite","floor":19,"turns":4},{"damage":18,"enemies":"Shelled Parasite and Fungi","floor":21,"turns":7},{"damage":14,"enemies":"Gremlin Leader","floor":23,"turns":7},{"damage":8,"enemies":"Snecko","floor":25,"turns":5},{"damage":16,"enemies":"Centurion and Healer","floor":28,"turns":7},{"damage":14,"enemies":"Snake Plant","floor":30,"turns":5},{"damage":10,"enemies":"Cultist and Chosen","floor":31,"turns":4}],"seed_played":"-4782653787120422082","potions_obtained":[{"floor":3.0,"key":"Energy Potion"},{"floor":5.0,"key":"Regen Potion"},{"floor":12.0,"key":"Block Potion"},{"floor":23,"key":"Energy Potion"}],"is_trial":false,"path_per_floor":["M","M","M","$","M","R","E","R","T","M","R","E","M","M","R","B",null,"M","M","$","M","?","E","R","M","T","?","M","$","M","M"],"character_chosen":"DEFECT","items_purchased":["Singing Bowl","Defragment"],"campfire_rested":0,"item_purchase_floors":[20,20],"current_hp_per_floor":[75,75,70,70,68,68,50,50,60,54,54,38,38,38,38,20,85,66,57,57,41,41,44,44,38,38,38,22,22,8,0],"gold":65,"neow_bonus":"THREE_RARE_CARDS","is_prod":false,"is_daily":false,"chose_seed":false,"campfire_upgraded":5,"win_rate":0,"timestamp":1562508828,"path_taken":["M","M","M","$","M","R","E","R","T","M","R","E","M","M","R","BOSS","M","?","$","M","?","E","R","M","T","?","?","$","M","M"],"build_version":"2019-07-05","purchased_purges":1,"victory":false,"max_hp_per_floor":[75,75,75,75,75,75,75,75,85,85,85,85,85,85,85,85,85,85,85,85,87,87,89,89,91,91,91,91,91,91,91],"card_choices":[{"not_picked":["Reboot","All For One"],"picked":"Seek","floor":0.0},{"not_picked":["Barrage","Beam Cell","Stack"],"picked":"SKIP","floor":1.0},{"not_picked":["Barrage","FTL"],"picked":"Hologram","floor":2.0},{"not_picked":["Compile Driver","Sunder","Skim"],"picked":"SKIP","floor":3.0},{"not_picked":["Gash","Aggregate"],"picked":"Static Discharge","floor":5.0},{"not_picked":["Lockon","Rebound","Cold Snap"],"picked":"SKIP","floor":7.0},{"not_picked":["Redo","Multi-Cast","Tempest"],"picked":"SKIP","floor":10.0},{"not_picked":["Cold Snap","Chill"],"picked":"Go for the Eyes","floor":12.0},{"not_picked":["Reinforced Body","Chill"],"picked":"Loop","floor":13.0},{"not_picked":["Ball Lightning","Turbo"],"picked":"Stack","floor":14.0},{"not_picked":["Reboot","Creative AI"],"picked":"Machine Learning","floor":16},{"not_picked":["Barrage","Coolheaded","Ball Lightning"],"picked":"SKIP","floor":18},{"not_picked":["Reprogram","Redo"],"picked":"Capacitor","floor":19},{"not_picked":["Turbo","Coolheaded","Skim"],"picked":"Singing Bowl","floor":21},{"not_picked":["Stack","Meteor Strike","Streamline"],"picked":"Singing Bowl","floor":23},{"not_picked":["Redo","Fusion","Coolheaded"],"picked":"Singing Bowl","floor":25},{"not_picked":["Consume","Undo+1"],"picked":"Leap+1","floor":28},{"not_picked":["Steam","Sweeping Beam"],"picked":"Auto Shields+1","floor":30}],"player_experience":678106,"relics_obtained":[{"floor":7.0,"key":"Gambling Chip"},{"floor":9.0,"key":"Pear"},{"floor":12.0,"key":"Art of War"},{"floor":23,"key":"Bottled Tornado"},{"floor":26,"key":"Orichalcum"}],"event_choices":[{"damage_healed":0,"gold_gain":0,"player_choice":"Ignored","damage_taken":0,"max_hp_gain":0,"max_hp_loss":0,"event_name":"Vampires","floor":22,"gold_loss":0},{"damage_healed":0,"gold_gain":0,"player_choice":"Ignored","damage_taken":0,"max_hp_gain":0,"max_hp_loss":0,"event_name":"NoteForYourself","floor":27,"gold_loss":0}],"is_beta":false,"boss_relics":[{"not_picked":["Orrery","White Beast Statue"],"picked":"Nuclear Battery"}],"items_purged_floors":[29],"is_endless":false,"potions_floor_spawned":[3,5,12,13,16,18,23],"killed_by":"Cultist and Chosen","ascension_level":0}