{"gold_per_floor":[110,126,144,160,11,39,39,39,39,51,51,64,64,64,64,64],"floor_reached":16,"playtime":571,"items_purged":[],"score":102,"play_id":"0400450b-65e8-4a42-b813-54f9ca01923e","local_time":"20181201090031","is_ascension_mode":false,"campfire_choices":[{"data":"Twin Strike","floor":7,"key":"SMITH"},{"data":"Spot Weakness","floor":11,"key":"SMITH"},{"data":"Battle Trance","floor":13,"key":"SMITH"},{"data":"Bash","floor":15,"key":"SMITH"}],"neow_cost":"NONE","seed_source_timestamp":388083647028823,"circlet_count":0,"master_deck":["Strike_R","Strike_R","Strike_R","Strike_R","Defend_R","Defend_R","Defend_R","Defend_R","Bash+1","Twin Strike+1","Spot Weakness+1","Battle Trance+1","Parasite"],"relics":["Burning Blood","Bag of Preparation","Mummified Hand","Letter Opener"],"potions_floor_usage":[6,10,16],"damage_taken":[{"damage":13,"enemies":"Jaw Worm","floor":1,"turns":3},{"damage":2,"enemies":"Small Slimes","floor":2,"turns":7},{"damage":6,"enemies":"Cultist","floor":3,"turns":3},{"damage":6,"enemies":"Blue Slaver","floor":4,"turns":6},{"damage":48,"enemies":"3 Sentries","floor":6,"turns":14},{"damage":7,"enemies":"3 Louse","floor":10,"turns":4},{"damage":14,"enemies":"Lots of Slimes","floor":12,"turns":4},{"damage":46,"enemies":"Hexaghost","floor":16,"turns":9}],"seed_played":"2913090883972824364","potions_obtained":[{"floor":1,"key":"Block Potion"},{"floor":6,"key":"SkillPotion"},{"floor":10,"key":"AttackPotion"}],"is_trial":false,"path_per_floor":["M","M","M","M","$","E","R","$","T","M","R","M","R","?","R","B"],"character_chosen":"IRONCLAD","items_purchased":["Bag of Preparation"],"campfire_rested":0,"item_purchase_floors":[5],"current_hp_per_floor":[73,77,77,77,77,35,35,35,35,34,34,26,26,46,46,0],"gold":64,"neow_bonus":"REMOVE_CARD","is_prod":false,"is_daily":false,"chose_seed":false,"campfire_upgraded":4,"win_rate":0,"timestamp":1543647631,"path_taken":["M","M","M","M","$","E","R","$","T","M","R","M","R","?","R","BOSS"],"build_version":"2018-11-15","purchased_purges":0,"victory":false,"max_hp_per_floor":[80,80,80,80,80,80,80,80,80,80,80,80,80,80,80,80],"card_choices":[{"not_picked":["Flex","Burning Pact","Corruption"],"picked":"SKIP","floor":1},{"not_picked":["Thunderclap","Fire Breathing","True Grit"],"picked":"SKIP","floor":2},{"not_picked":["Perfected Strike","Uppercut"],"picked":"Twin Strike","floor":3},{"not_picked":["Cleave","True Grit","Iron Wave"],"picked":"SKIP","floor":4},{"not_picked":["Perfected Strike","Hemokinesis","Disarm"],"picked":"SKIP","floor":6},{"not_picked":["Infernal Blade","Anger"],"picked":"Spot Weakness","floor":10},{"not_picked":["Clash","Warcry"],"picked":"Battle Trance","floor":12}],"player_experience":505591,"relics_obtained":[{"floor":6,"key":"Mummified Hand"},{"floor":9,"key":"Letter Opener"}],"event_choices":[{"damage_healed":20,"gold_gain":0,"player_choice":"Healed and dodged fight","damage_taken":0,"max_hp_gain":0,"max_hp_loss":0,"event_name":"Mushrooms","floor":14,"gold_loss":0,"cards_obtained":["Parasite"]}],"is_beta":false,"boss_relics":[],"items_purged_floors":[],"is_endless":false,"potions_floor_spawned":[1,6,10],"killed_by":"Hexaghost","ascension_level":0}