{"gold_per_floor":[119,5,58,106,126,155,330,32,32,67,67,67,67,102,102,203,203,219,229,65,65,83,110,120,120,120,120,140,140,156,184,184,282,282,301,301,40,57,76,76,91,105,128,176,176,187,204,55,55,55],"floor_reached":51,"playtime":1791,"items_purged":["Doubt"],"score":851,"play_id":"bc3ee43d-ccef-4703-8c84-b5e9376d2984","local_time":"20180630041046","is_ascension_mode":true,"campfire_choices":[{"data":"Sword Boomerang","floor":11.0,"key":"SMITH"},{"data":"Flame Barrier","floor":13.0,"key":"SMITH"},{"data":"Battle Trance","floor":15.0,"key":"SMITH"},{"data":"Demon Form","floor":25.0,"key":"SMITH"},{"data":"Demon Form","floor":32,"key":"SMITH"},{"data":"Whirlwind","floor":40,"key":"SMITH"},{"data":"Bash","floor":45,"key":"SMITH"},{"data":"Rage","floor":49,"key":"SMITH"}],"neow_cost":"","seed_source_timestamp":272637599659178,"circlet_count":0,"master_deck":["Strike_R+1","Strike_R","Strike_R","Strike_R","Strike_R","Defend_R","Defend_R","Defend_R","Defend_R","Bash+1","Flame Barrier+1","Whirlwind+1","Rage+1","Shrug It Off","Sword Boomerang+1","Cleave+1","Battle Trance+1","Offering+1","Shrug It Off","Shrug It Off+1","Demon Form+1","Ghostly Armor+1","Armaments+1","Shrug It Off","Battle Trance+1","Demon Form+1","Immolate","Madness+1","Madness+1","Pommel Strike","Headbutt","Impervious+1"],"special_seed":0,"relics":["Black Blood","Magic Flower","Boot","Happy Flower","Bronze Scales","Blood Vial","Art of War","Ancient Tea Set","Whetstone","Bag of Preparation","Omamori","Darkstone Periapt","Toxic Egg 2","Cursed Key","Ornamental Fan","Bag of Marbles","Incense Burner","Pen Nib"],"potions_floor_usage":[31,31,39,39,50,50],"damage_taken":[{"damage":6.0,"enemies":"Cultist","floor":1.0,"turns":3.0},{"damage":7.0,"enemies":"Jaw Worm","floor":5.0,"turns":3.0},{"damage":19.0,"enemies":"Lagavulin","floor":6.0,"turns":7.0},{"damage":16.0,"enemies":"Gremlin Nob","floor":10.0,"turns":4.0},{"damage":5.0,"enemies":"3 Sentries","floor":14.0,"turns":4.0},{"damage":36.0,"enemies":"Slime Boss","floor":16.0,"turns":10.0},{"damage":8.0,"enemies":"Spheric Guardian","floor":18.0,"turns":3.0},{"damage":30.0,"enemies":"Shell Parasite","floor":19.0,"turns":5.0},{"damage":4.0,"enemies":"3 Cultists","floor":22.0,"turns":3.0},{"damage":67.0,"enemies":"Slavers","floor":23.0,"turns":6.0},{"damage":8.0,"enemies":"Chosen and Byrds","floor":24.0,"turns":7.0},{"damage":6,"enemies":"Centurion and Healer","floor":28,"turns":5},{"damage":14,"enemies":"Snake Plant","floor":30,"turns":4},{"damage":0,"enemies":"Gremlin Leader","floor":31,"turns":6},{"damage":21,"enemies":"Champ","floor":33,"turns":8},{"damage":10,"enemies":"Orb Walker","floor":35,"turns":3},{"damage":0,"enemies":"3 Shapes","floor":38,"turns":3},{"damage":9,"enemies":"3 Darklings","floor":39,"turns":4},{"damage":20,"enemies":"Sphere and 2 Shapes","floor":41,"turns":5},{"damage":4,"enemies":"Maw","floor":42,"turns":6},{"damage":5,"floor":44,"turns":3},{"damage":8,"enemies":"4 Shapes","floor":46,"turns":6},{"damage":17,"enemies":"3 Darklings","floor":47,"turns":4},{"damage":11,"enemies":"Awakened One","floor":50,"turns":9}],"seed_played":"3787629387955625713","potions_obtained":[{"floor":1.0,"key":"Fire Potion"},{"floor":5.0,"key":"SteroidPotion"},{"floor":10.0,"key":"BloodPotion"},{"floor":22.0,"key":"Weak Potion"},{"floor":24.0,"key":"AttackPotion"},{"floor":28,"key":"Energy Potion"},{"floor":33,"key":"Weak Potion"},{"floor":38,"key":"Block Potion"},{"floor":41,"key":"Dexterity Potion"},{"floor":42,"key":"Energy Potion"}],"is_trial":false,"path_per_floor":["M","$","T","T","M","E","?","$","T","E","R","$","R","E","R","B",null,"M","M","$","?","M","E","M","R","T","?","M","?","M","E","R","B",null,"M","?","$","M","M","R","M","M","T","?","R","M","M","$","R","B"],"character_chosen":"IRONCLAD","items_purchased":["Flame Barrier","Whirlwind","Blood Vial","Shrug It Off","Sword Boomerang","Demon Form","Ornamental Fan","Pen Nib"],"campfire_rested":0,"item_purchase_floors":[],"current_hp_per_floor":[43,43,43,43,45,35,35,35,35,31,31,31,31,38,38,14,80,80,65,65,65,79,28,38,38,38,38,50,80,80,80,80,74,80,80,70,70,80,80,80,75,80,80,80,80,80,78,78,78,80],"gold":55,"neow_bonus":"","is_prod":false,"is_daily":false,"chose_seed":false,"campfire_upgraded":8,"win_rate":0,"timestamp":1530321046,"path_taken":["M","$","?","?","M","E","?","$","T","E","R","?","R","E","R","BOSS","M","M","$","?","M","E","M","R","T","?","M","?","M","E","R","BOSS","M","?","$","M","M","R","M","M","T","?","R","M","M","$","R","BOSS"],"build_version":"2018-06-28","purchased_purges":1,"victory":true,"max_hp_per_floor":[80,80,80,80,80,80,80,80,80,80,80,80,80,80,80,80,80,80,80,80,80,80,80,80,80,80,80,80,80,80,80,80,80,80,80,80,80,80,80,80,80,80,80,80,80,80,80,80,80,80],"card_choices":[{"not_picked":["Hemokinesis","Dropkick","Clothesline"],"picked":"SKIP","floor":1.0},{"not_picked":["Rupture","True Grit","Anger"],"picked":"SKIP","floor":5.0},{"not_picked":["Dropkick","Wild Strike"],"picked":"Rage","floor":6.0},{"not_picked":["Brutality","Headbutt"],"picked":"Cleave","floor":10.0},{"not_picked":["Anger","Rage"],"picked":"Battle Trance","floor":14.0},{"not_picked":["Double Tap","Barricade"],"picked":"Offering","floor":16.0},{"not_picked":["Carnage","Headbutt"],"picked":"Shrug It Off","floor":18.0},{"not_picked":["Clothesline","Thunderclap"],"picked":"Shrug It Off+1","floor":19.0},{"not_picked":["Twin Strike","Intimidate"],"picked":"Ghostly Armor+1","floor":22.0},{"not_picked":["Clothesline","Flex"],"picked":"Armaments+1","floor":23.0},{"not_picked":["Thunderclap","Carnage+1","Entrench"],"picked":"SKIP","floor":24.0},{"not_picked":["Thunderclap","Entrench"],"picked":"Shrug It Off","floor":28},{"not_picked":["Clothesline","Warcry"],"picked":"Battle Trance+1","floor":30},{"not_picked":["Havoc","Warcry"],"picked":"Demon Form","floor":31},{"not_picked":["Brutality","Reaper"],"picked":"Immolate","floor":33},{"not_picked":["True Grit+1","Thunderclap","Wild Strike"],"picked":"SKIP","floor":35},{"not_picked":["Iron Wave","Anger+1","Wild Strike+1"],"picked":"SKIP","floor":38},{"not_picked":["Heavy Blade+1","Twin Strike"],"picked":"Pommel Strike","floor":39},{"not_picked":["Clash+1","Perfected Strike"],"picked":"Headbutt","floor":41},{"not_picked":["Thunderclap+1","Havoc+1","Heavy Blade+1"],"picked":"SKIP","floor":42},{"not_picked":["Entrench+1","Clothesline"],"picked":"Impervious+1","floor":44},{"not_picked":["Pommel Strike","Twin Strike","Heavy Blade"],"picked":"SKIP","floor":46},{"not_picked":["Headbutt+1","Twin Strike+1","Bloodletting+1"],"picked":"SKIP","floor":47}],"player_experience":171583,"relics_obtained":[{"floor":3.0,"key":"Boot"},{"floor":4.0,"key":"Happy Flower"},{"floor":6.0,"key":"Bronze Scales"},{"floor":9.0,"key":"Art of War"},{"floor":10.0,"key":"Ancient Tea Set"},{"floor":14.0,"key":"Whetstone"},{"floor":23.0,"key":"Omamori"},{"floor":26.0,"key":"Darkstone Periapt"},{"floor":31,"key":"Toxic Egg 2"},{"floor":43,"key":"Bag of Marbles"},{"floor":44,"key":"Incense Burner"}],"event_choices":[{"event_name":"Liars Game","player_choice":"agreed","floor":7.0,"damage_taken":0.0},{"event_name":"The Mausoleum","player_choice":"Yes","floor":21.0,"damage_taken":0.0},{"event_name":"Accursed Blacksmith","player_choice":"Forge","floor":27.0,"damage_taken":0.0},{"event_name":"Wheel of Change","player_choice":"Full Heal","floor":29,"damage_taken":0},{"event_name":"Winding Halls","player_choice":"Embrace Madness","floor":36,"damage_taken":0},{"event_name":"Mysterious Sphere","player_choice":"Fight","floor":44,"damage_taken":0}],"boss_relics":[{"not_picked":["Tiny House","Busted Crown"],"picked":"Black Blood"},{"not_picked":["Sozu","Lizard Tail"],"picked":"Cursed Key"}],"items_purged_floors":[],"is_endless":false,"potions_floor_spawned":[1,5,10,22,24,28,33,38,41,42],"ascension_level":2}