{"gold_per_floor":[112,112,112,127,142,186,186,186,213,213,248,271,271,292,292,292],"floor_reached":16,"playtime":426,"items_purged":[],"score":110,"play_id":"258b8050-0f8b-4484-bd4c-9521ebfbe287","local_time":"20181028031006","is_ascension_mode":false,"campfire_choices":[{"data":"Limit Break","floor":10,"key":"SMITH"},{"data":"Bash","floor":15,"key":"SMITH"}],"neow_cost":"TEN_PERCENT_HP_LOSS","seed_source_timestamp":299028527307512,"circlet_count":0,"master_deck":["Strike_R","Strike_R+1","Strike_R","Strike_R+1","Strike_R","Defend_R","Defend_R","Defend_R","Defend_R","Bash+1","Limit Break+1"],"relics":["Burning Blood","Golden Idol","Bag of Preparation","Blood Vial","Pear"],"potions_floor_usage":[6,6,11,11,16,16],"damage_taken":[{"damage":5,"enemies":"Small Slimes","floor":1,"turns":4},{"damage":5,"enemies":"Jaw Worm","floor":4,"turns":5},{"damage":1,"enemies":"2 Louse","floor":5,"turns":2},{"damage":15,"enemies":"Gremlin Nob","floor":6,"turns":4},{"damage":11,"enemies":"3 Sentries","floor":11,"turns":10},{"damage":10,"enemies":"Blue Slaver","floor":12,"turns":6},{"damage":1,"enemies":"2 Fungi Beasts","floor":14,"turns":3},{"damage":57,"enemies":"Slime Boss","floor":16,"turns":9}],"seed_played":"-2348345940540873028","potions_obtained":[{"floor":1,"key":"EntropicBrew"},{"floor":5,"key":"EssenceOfSteel"},{"floor":11,"key":"GamblersBrew"},{"floor":12,"key":"Energy Potion"}],"is_trial":false,"path_per_floor":["M","?","$","M","M","E","$","?","T","R","E","M","?","M","R"],"character_chosen":"IRONCLAD","items_purchased":[],"campfire_rested":0,"item_purchase_floors":[],"current_hp_per_floor":[72,54,54,55,60,51,51,51,51,51,58,56,40,47,47,0],"gold":292,"neow_bonus":"THREE_RARE_CARDS","is_prod":false,"is_daily":false,"chose_seed":false,"campfire_upgraded":2,"win_rate":0,"timestamp":1540685406,"path_taken":["M","?","$","M","M","E","$","?","T","R","E","M","?","M","R","BOSS"],"build_version":"2018-10-25v2","purchased_purges":0,"victory":false,"max_hp_per_floor":[72,72,72,72,72,72,72,72,72,72,82,82,82,82,82,82],"card_choices":[{"not_picked":["Double Tap","Brutality"],"picked":"Limit Break","floor":0},{"not_picked":["Uppercut","Rampage","Entrench"],"picked":"SKIP","floor":1},{"not_picked":["Sword Boomerang","Havoc","Feel No Pain"],"picked":"SKIP","floor":4},{"not_picked":["Clothesline","Iron Wave","Clash"],"picked":"SKIP","floor":5},{"not_picked":["Intimidate","Shrug It Off","Thunderclap"],"picked":"SKIP","floor":6},{"not_picked":["Rampage","Anger","Clash"],"picked":"SKIP","floor":11},{"not_picked":["Twin Strike","Flex","Exhume"],"picked":"SKIP","floor":12},{"not_picked":["Disarm","Bloodletting","Iron Wave"],"picked":"SKIP","floor":14}],"player_experience":438727,"relics_obtained":[{"floor":6,"key":"Bag of Preparation"},{"floor":9,"key":"Blood Vial"},{"floor":11,"key":"Pear"}],"event_choices":[{"damage_healed":0,"gold_gain":0,"player_choice":"Take Damage","damage_taken":18,"relics_obtained":["Golden Idol"],"max_hp_gain":0,"max_hp_loss":0,"event_name":"Golden Idol","floor":2,"gold_loss":0},{"damage_healed":0,"gold_gain":0,"player_choice":"Ignored","damage_taken":0,"max_hp_gain":0,"max_hp_loss":0,"event_name":"Liars Game","floor":8,"gold_loss":0},{"damage_healed":0,"gold_gain":0,"player_choice":"Entered Light","damage_taken":16,"max_hp_gain":0,"max_hp_loss":0,"event_name":"Shining Light","floor":13,"gold_loss":0,"cards_upgraded":["Strike_R","Strike_R"]}],"is_beta":false,"boss_relics":[],"items_purged_floors":[],"is_endless":false,"potions_floor_spawned":[1,5,11,12],"killed_by":"Slime Boss","ascension_level":0}