{"gold_per_floor":[111,124,124,140,30,30,60,70,93,108,124,155,155,171,171,274,274,284,294,294,304,324,359,359,359,359,359,372,191,223,243,243,243],"floor_reached":33,"playtime":10002,"items_purged":["Strike_R","Strike_R"],"score":301,"play_id":"9e8c2e75-9a09-484c-9149-205f2b83e617","local_time":"20190630112715","is_ascension_mode":false,"campfire_choices":[{"data":"Bash","floor":6,"key":"SMITH"},{"data":"Armaments","floor":13,"key":"SMITH"},{"data":"Warcry","floor":15,"key":"SMITH"},{"floor":25,"key":"REST"},{"floor":27,"key":"REST"},{"floor":32,"key":"REST"}],"neow_cost":"NONE","seed_source_timestamp":1725225406959,"circlet_count":0,"master_deck":["Strike_R","Strike_R","Defend_R","Defend_R","Defend_R","Bash+1","Anger","Twin Strike","Second Wind","Inflame","Intimidate","Feel No Pain","Headbutt","Armaments+1","Warcry+1","Anger","Brutality","Inflame+1","Warcry","Fire Breathing","Anger","Feed","Dropkick","Demon Form","Rampage"],"relics":["Burning Blood","Omamori","Bronze Scales","Oddly Smooth Stone","Cursed Key","Pocketwatch","Paper Frog","Darkstone Periapt","Meat on the Bone"],"potions_floor_usage":[11,12,12,21,23,23,28,33],"damage_taken":[{"damage":1,"enemies":"Cultist","floor":1,"turns":3},{"damage":0,"enemies":"Small Slimes","floor":2,"turns":3},{"damage":1,"enemies":"Jaw Worm","floor":4,"turns":3},{"damage":26,"enemies":"Lagavulin","floor":7,"turns":5},{"damage":7,"enemies":"Looter","floor":8,"turns":3},{"damage":19,"enemies":"Gremlin Gang","floor":10,"turns":4},{"damage":0,"enemies":"Exordium Thugs","floor":11,"turns":3},{"damage":22,"enemies":"3 Sentries","floor":12,"turns":6},{"damage":15,"enemies":"Red Slaver","floor":14,"turns":3},{"damage":34,"enemies":"The Guardian","floor":16,"turns":8},{"damage":14,"enemies":"2 Thieves","floor":18,"turns":4},{"damage":12,"enemies":"Shell Parasite","floor":19,"turns":4},{"damage":24,"enemies":"Centurion and Healer","floor":21,"turns":4},{"damage":26,"enemies":"Snake Plant","floor":22,"turns":3},{"damage":20,"enemies":"Gremlin Leader","floor":23,"turns":5},{"damage":21,"enemies":"Chosen and Byrds","floor":28,"turns":5},{"damage":27,"enemies":"Book of Stabbing","floor":30,"turns":4},{"damage":15,"enemies":"Centurion and Healer","floor":31,"turns":4},{"damage":78,"enemies":"Collector","floor":33,"turns":6}],"seed_played":"-1798696003911475937","potions_obtained":[{"floor":2,"key":"Regen Potion"},{"floor":4,"key":"SkillPotion"},{"floor":7,"key":"Regen Potion"},{"floor":10,"key":"AttackPotion"},{"floor":14,"key":"Strength Potion"},{"floor":16,"key":"PowerPotion"},{"floor":19,"key":"Strength Potion"},{"floor":23,"key":"Swift Potion"},{"floor":31,"key":"Explosive Potion"}],"is_trial":false,"path_per_floor":["M","M","?","M","$","R","E","M","T","M","M","E","R","M","R","B",null,"M","M","?","M","M","E","?","R","T","R","M","$","E","M","R","B"],"character_chosen":"IRONCLAD","items_purchased":["Inflame","Demon Form"],"campfire_rested":3,"item_purchase_floors":[5,29],"current_hp_per_floor":[88,88,88,88,88,88,68,67,67,54,72,71,71,62,62,34,88,80,74,74,56,36,22,22,48,48,74,62,62,41,47,75,0],"gold":243,"neow_bonus":"TEN_PERCENT_HP_BONUS","is_prod":false,"is_daily":false,"chose_seed":false,"campfire_upgraded":3,"win_rate":0,"timestamp":1561912035,"path_taken":["M","?","?","M","$","R","E","?","T","M","M","E","R","M","R","BOSS","M","?","?","M","M","E","?","R","T","R","M","$","E","M","R","BOSS"],"build_version":"2019-01-23","purchased_purges":2,"victory":false,"max_hp_per_floor":[88,88,88,88,88,88,88,88,88,88,88,88,88,88,88,88,88,88,88,88,88,88,88,88,88,88,88,91,91,91,94,94,94],"card_choices":[{"not_picked":["Sword Boomerang","Disarm"],"picked":"Anger","floor":1},{"not_picked":["Perfected Strike","Sword Boomerang"],"picked":"Twin Strike","floor":2},{"not_picked":["Entrench","Fire Breathing"],"picked":"Second Wind","floor":4},{"not_picked":["Armaments","Shrug It Off"],"picked":"Intimidate","floor":7},{"not_picked":["Heavy Blade","True Grit"],"picked":"Feel No Pain","floor":8},{"not_picked":["Juggernaut","Battle Trance"],"picked":"Headbutt","floor":10},{"not_picked":["True Grit","Body Slam"],"picked":"Armaments","floor":11},{"not_picked":["Armaments","Sword Boomerang"],"picked":"Warcry","floor":12},{"not_picked":["Armaments","Heavy Blade"],"picked":"Anger","floor":14},{"not_picked":["Dark Embrace","Juggernaut"],"picked":"Brutality","floor":16},{"not_picked":["Sword Boomerang","Rage"],"picked":"Inflame+1","floor":18},{"not_picked":["True Grit+1","Second Wind"],"picked":"Warcry","floor":19},{"not_picked":["Armaments+1","Heavy Blade"],"picked":"Fire Breathing","floor":21},{"not_picked":["Heavy Blade","Cleave+1"],"picked":"Anger","floor":22},{"not_picked":["Heavy Blade+1","Perfected Strike"],"picked":"Feed","floor":23},{"not_picked":["Body Slam","True Grit"],"picked":"Dropkick","floor":28},{"not_picked":["Combust","Searing Blow"],"picked":"Rampage","floor":30},{"not_picked":["Dual Wield","Twin Strike","Flame Barrier"],"picked":"SKIP","floor":31}],"player_experience":78787,"relics_obtained":[{"floor":7,"key":"Omamori"},{"floor":9,"key":"Bronze Scales"},{"floor":12,"key":"Oddly Smooth Stone"},{"floor":23,"key":"Paper Frog"},{"floor":26,"key":"Darkstone Periapt"},{"floor":30,"key":"Meat on the Bone"}],"event_choices":[{"cards_removed":["Defend_R"],"damage_healed":0,"gold_gain":0,"player_choice":"Purged","damage_taken":0,"max_hp_gain":0,"max_hp_loss":0,"event_name":"Purifier","floor":3,"gold_loss":0},{"damage_healed":0,"gold_gain":0,"player_choice":"Opened","damage_taken":0,"relics_obtained":["Pocketwatch"],"max_hp_gain":0,"max_hp_loss":0,"event_name":"The Mausoleum","floor":20,"gold_loss":0},{"cards_removed":["Strike_R"],"damage_healed":0,"gold_gain":0,"player_choice":"Purged","damage_taken":0,"max_hp_gain":0,"max_hp_loss":0,"event_name":"Purifier","floor":24,"gold_loss":0}],"is_beta":false,"boss_relics":[{"not_picked":["Busted Crown","Sozu"],"picked":"Cursed Key"}],"items_purged_floors":[5,29],"is_endless":false,"potions_floor_spawned":[2,4,7,10,14,16,19,23,31],"killed_by":"Collector","ascension_level":0}