{"gold_per_floor":[118,131,156,81,99,130,130,11,82,100,100,114,133,146,146,242,242,262,44,58,76,95,95,95,114,192,192,291,183,183,210,210,306,306,323,333,233,233,250,250,268,284,308,319,319,142,142,153,153,153],"floor_reached":51,"playtime":1699,"items_purged":["Strike_B","Strike_B","Strike_B","Normality"],"score":673,"play_id":"86bd7aa1-0bc3-41f3-8411-977d8f1ad8f9","local_time":"20181005062007","is_ascension_mode":false,"campfire_choices":[{"data":"Loop","floor":7,"key":"SMITH"},{"data":"Defragment","floor":15,"key":"SMITH"},{"data":"Machine Learning","floor":23,"key":"SMITH"},{"floor":27,"key":"REST"},{"data":"Zap","floor":30,"key":"SMITH"},{"floor":32,"key":"REST"},{"data":"Loop","floor":40,"key":"SMITH"},{"data":"Auto Shields","floor":45,"key":"SMITH"},{"floor":49,"key":"REST"}],"neow_cost":"NONE","seed_source_timestamp":9449328012613,"circlet_count":0,"master_deck":["Strike_B","Defend_B","Defend_B","Defend_B","Defend_B","Zap+1","Dualcast","Loop+1","Loop+1","Ball Lightning","Defragment+1","Conserve Battery","Leap","BootSequence","Capacitor","Machine Learning+1","Conserve Battery","Static Discharge+1","Self Repair+1","Auto Shields+1","Conserve Battery","Storm","Fusion+1"],"special_seed":0,"relics":["Cracked Core","Anchor","Bag of Preparation","Mercury Hourglass","Blood Vial","Inserter","Art of War","The Courier","WingedGreaves","Cursed Key","Dream Catcher"],"potions_floor_usage":[18,22,33,44,50,50,50],"damage_taken":[{"damage":1.0,"enemies":"Cultist","floor":1.0,"turns":3.0},{"damage":0.0,"enemies":"2 Louse","floor":2.0,"turns":2.0},{"damage":2.0,"enemies":"Small Slimes","floor":5.0,"turns":3.0},{"damage":28.0,"enemies":"Gremlin Nob","floor":6.0,"turns":4.0},{"damage":3,"enemies":"Looter","floor":10,"turns":3},{"damage":5,"enemies":"Blue Slaver","floor":12,"turns":3},{"damage":0,"enemies":"Lots of Slimes","floor":13,"turns":2},{"damage":5,"enemies":"Large Slime","floor":14,"turns":5},{"damage":6,"enemies":"The Guardian","floor":16,"turns":9},{"damage":11,"enemies":"2 Thieves","floor":18,"turns":4},{"damage":5,"enemies":"Shell Parasite","floor":20,"turns":5},{"damage":16,"enemies":"Snake Plant","floor":21,"turns":4},{"damage":8,"enemies":"Centurion and Healer","floor":22,"turns":5},{"damage":9,"enemies":"Cultist and Chosen","floor":25,"turns":5},{"damage":16,"enemies":"Book of Stabbing","floor":31,"turns":5},{"damage":60,"enemies":"Collector","floor":33,"turns":9},{"damage":3,"enemies":"Orb Walker","floor":35,"turns":4},{"damage":16,"enemies":"3 Darklings","floor":36,"turns":5},{"damage":8,"enemies":"Spire Growth","floor":39,"turns":6},{"damage":11,"enemies":"4 Shapes","floor":41,"turns":5},{"damage":28,"enemies":"3 Darklings","floor":42,"turns":4},{"damage":21,"enemies":"Reptomancer","floor":44,"turns":4},{"damage":17,"enemies":"Sphere and 2 Shapes","floor":48,"turns":5},{"damage":42,"enemies":"Time Eater","floor":50,"turns":9}],"seed_played":"6298078918068187875","potions_obtained":[{"floor":2.0,"key":"SteroidPotion"},{"floor":5.0,"key":"Regen Potion"},{"floor":10,"key":"Strength Potion"},{"floor":13,"key":"LiquidBronze"},{"floor":14,"key":"Swift Potion"},{"floor":18,"key":"Regen Potion"},{"floor":33,"key":"PowerPotion"},{"floor":36,"key":"GamblersBrew"},{"floor":48,"key":"FocusPotion"}],"is_trial":false,"path_per_floor":["M","M","T","$","M","E","R","$","T","M","?","M","M","M","R","B",null,"M","$","M","M","M","R","?","M","T","R","?","$","R","E","R","B",null,"M","M","$","?","M","R","M","M","T","M","R","$","?","M","R","B"],"character_chosen":"DEFECT","items_purchased":["Loop","Defragment","Conserve Battery","Art of War","Auto Shields","Storm"],"campfire_rested":3,"item_purchase_floors":[4,8,8,19,29,46],"current_hp_per_floor":[74,74,74,74,72,49,49,49,49,46,43,40,42,39,39,35,75,64,64,61,47,41,41,27,20,20,44,44,44,44,40,64,31,80,80,74,74,74,76,76,75,58,58,49,49,49,49,44,66,36],"gold":153,"neow_bonus":"RANDOM_COMMON_RELIC","is_prod":false,"is_daily":false,"chose_seed":false,"campfire_upgraded":6,"win_rate":0,"timestamp":1538709607,"path_taken":["M","M","?","$","M","E","R","$","T","M","?","M","M","M","R","BOSS","M","$","M","M","M","R","?","M","T","R","?","$","R","E","R","BOSS","M","M","$","?","M","R","M","M","T","M","R","$","?","M","R","BOSS"],"build_version":"2018-10-04","purchased_purges":4,"victory":true,"max_hp_per_floor":[75,75,75,75,75,75,75,75,75,75,75,75,75,75,75,75,75,75,75,75,75,75,75,80,80,80,80,80,80,80,80,80,80,80,80,80,80,76,76,76,76,76,76,76,76,76,76,76,76,76],"card_choices":[{"not_picked":["Cold Snap","Barrage"],"picked":"Loop","floor":1.0},{"not_picked":["Hologram","Darkness","Chill"],"picked":"SKIP","floor":2.0},{"not_picked":["Hello World","Compile Driver","Glacier"],"picked":"SKIP","floor":5.0},{"not_picked":["Undo","Conserve Battery"],"picked":"Ball Lightning","floor":6},{"not_picked":["Static Discharge","Compile Driver","Recycle"],"picked":"SKIP","floor":10},{"not_picked":["Redo","Coolheaded"],"picked":"Leap","floor":12},{"not_picked":["Compile Driver","Lockon"],"picked":"BootSequence","floor":13},{"not_picked":["Multi-Cast","Coolheaded"],"picked":"Capacitor","floor":14},{"not_picked":["Rainbow","Reboot"],"picked":"Machine Learning","floor":16},{"not_picked":["Genetic Algorithm","Ball Lightning+1"],"picked":"Conserve Battery","floor":18},{"not_picked":["Stack","Coolheaded+1","Hologram"],"picked":"SKIP","floor":20},{"not_picked":["Beam Cell","Loop+1"],"picked":"Static Discharge+1","floor":21},{"not_picked":["Cold Snap","Compile Driver","Go for the Eyes+1"],"picked":"SKIP","floor":22},{"not_picked":["Rebound","Consume"],"picked":"Self Repair+1","floor":25},{"not_picked":["All For One","Blizzard"],"picked":"Conserve Battery","floor":31},{"not_picked":["Hello World+1","Ball Lightning+1","White Noise"],"picked":"SKIP","floor":35},{"not_picked":["Sunder","Beam Cell+1","Rip and Tear"],"picked":"SKIP","floor":36},{"not_picked":["Go for the Eyes+1","Blizzard+1","Leap"],"picked":"SKIP","floor":39},{"not_picked":["Double Energy","Turbo+1","Compile Driver"],"picked":"SKIP","floor":41},{"not_picked":["Compile Driver","Steam","Darkness"],"picked":"SKIP","floor":42},{"not_picked":["Redo","Glacier","Coolheaded"],"picked":"SKIP","floor":44},{"not_picked":["Rip and Tear+1","Reboot"],"picked":"Fusion+1","floor":48}],"player_experience":366420,"relics_obtained":[{"floor":3.0,"key":"Bag of Preparation"},{"floor":9,"key":"Mercury Hourglass"},{"floor":26,"key":"The Courier"},{"floor":31,"key":"WingedGreaves"},{"floor":43,"key":"Dream Catcher"}],"event_choices":[{"event_name":"Scrap Ooze","player_choice":"success","floor":11,"damage_taken":3},{"event_name":"Forgotten Altar","player_choice":"Shed Blood","floor":24,"damage_taken":0},{"event_name":"Nest","player_choice":"Stole From Cult","floor":28,"damage_taken":0},{"event_name":"Winding Halls","player_choice":"Max HP","floor":38,"damage_taken":0},{"event_name":"SecretPortal","player_choice":"Rejected Portal.","floor":47,"damage_taken":0}],"is_beta":false,"boss_relics":[{"not_picked":["Lizard Tail","Philosopher\u0027s Stone"],"picked":"Inserter"},{"not_picked":["Coffee Dripper","Sozu"],"picked":"Cursed Key"}],"items_purged_floors":[19,29,37,46],"is_endless":false,"potions_floor_spawned":[2,5,10,13,14,18,33,36,42,48],"ascension_level":0}