{"gold_per_floor":[359,373,373,384,51,51,51,51,77,93,107,139,139,158,158,255,255,267,285,319,319,335,335,34,52,52,52,52,66,85,101,101,198,198,218,236,250,267,167,167,167,42,69,69,100,100,200,220,220,220],"floor_reached":51,"playtime":1899,"items_purged":["Decay","Strike_R","Strike_R"],"score":781,"play_id":"2b2de298-5243-4189-b524-82c143680e3f","local_time":"20181110125912","is_ascension_mode":false,"campfire_choices":[{"data":"Armaments","floor":7.0,"key":"SMITH"},{"data":"Barricade","floor":13.0,"key":"SMITH"},{"data":"Metallicize","floor":15.0,"key":"SMITH"},{"data":"Body Slam","floor":23.0,"key":"SMITH"},{"data":"Body Slam","floor":27.0,"key":"SMITH"},{"data":"Metallicize","floor":32.0,"key":"SMITH"},{"data":"Battle Trance","floor":41,"key":"SMITH"},{"data":"Shrug It Off","floor":44,"key":"SMITH"},{"floor":46,"key":"REST"},{"floor":49,"key":"REST"}],"neow_cost":"CURSE","seed_source_timestamp":181869193648979,"circlet_count":0,"master_deck":["Strike_R","Strike_R","Strike_R","Defend_R+1","Defend_R+1","Defend_R+1","Defend_R+1","Bash","Armaments+1","Metallicize+1","Barricade+1","Battle Trance+1","Juggernaut+1","Shrug It Off+1","Body Slam+1","Body Slam+1","Metallicize+1","Flame Barrier","Entrench+1"],"special_seed":0,"relics":["Burning Blood","Singing Bowl","War Paint","Matryoshka","Sozu","Red Mask","Letter Opener","Bag of Marbles","Juzu Bracelet","Velvet Choker","Dream Catcher","Bottled Flame","Anchor"],"potions_floor_usage":[],"damage_taken":[{"damage":10.0,"enemies":"2 Louse","floor":1.0,"turns":3.0},{"damage":5.0,"enemies":"Small Slimes","floor":2.0,"turns":3.0},{"damage":6.0,"enemies":"Cultist","floor":4.0,"turns":4.0},{"damage":0.0,"enemies":"Looter","floor":10.0,"turns":4.0},{"damage":1.0,"enemies":"3 Louse","floor":11.0,"turns":6.0},{"damage":16.0,"enemies":"3 Sentries","floor":12.0,"turns":12.0},{"damage":2.0,"enemies":"Gremlin Gang","floor":14.0,"turns":7.0},{"damage":62.0,"enemies":"Slime Boss","floor":16.0,"turns":32.0},{"damage":11.0,"enemies":"2 Thieves","floor":18.0,"turns":4.0},{"damage":0.0,"enemies":"Shell Parasite","floor":19.0,"turns":6.0},{"damage":54.0,"enemies":"Masked Bandits","floor":20.0,"turns":7.0},{"damage":12.0,"enemies":"Centurion and Healer","floor":22.0,"turns":8.0},{"damage":18.0,"enemies":"Shelled Parasite and Fungi","floor":25.0,"turns":4.0},{"damage":8.0,"enemies":"Sentry and Sphere","floor":29.0,"turns":4.0},{"damage":0.0,"enemies":"Centurion and Healer","floor":30.0,"turns":5.0},{"damage":12.0,"enemies":"Shelled Parasite and Fungi","floor":31.0,"turns":6.0},{"damage":6.0,"enemies":"Automaton","floor":33.0,"turns":9.0},{"damage":9.0,"enemies":"Orb Walker","floor":35.0,"turns":4.0},{"damage":0.0,"enemies":"3 Shapes","floor":36.0,"turns":5.0},{"damage":0.0,"enemies":"Sphere and 2 Shapes","floor":37.0,"turns":5.0},{"damage":0.0,"enemies":"Jaw Worm Horde","floor":38.0,"turns":5.0},{"damage":80,"enemies":"Reptomancer","floor":45,"turns":6},{"damage":0,"enemies":"4 Shapes","floor":48,"turns":5},{"damage":32,"enemies":"Donu and Deca","floor":50,"turns":10}],"seed_played":"2945177293923384071","potions_obtained":[{"floor":4.0,"key":"Strength Potion"},{"floor":10.0,"key":"FearPotion"},{"floor":12.0,"key":"Regen Potion"}],"is_trial":false,"path_per_floor":["M","M","?","M","$","?","R","?","T","M","M","E","R","M","R","B",null,"M","M","?","$","M","R","$","M","T","R","?","M","M","M","R","B",null,"M","M","M","M","$","?","R","$","T","R","E","R","?","M","R","B",null],"character_chosen":"IRONCLAD","items_purchased":["Singing Bowl","Letter Opener","Body Slam"],"campfire_rested":2,"item_purchase_floors":[5,24,24],"current_hp_per_floor":[76,77,82,82,82,65,65,65,65,73,80,72,72,76,76,20,91,86,91,45,45,41,41,41,29,29,29,29,38,46,42,42,44,103,102,107,109,111,111,111,111,111,111,111,37,72,72,80,114,88],"gold":220,"neow_bonus":"TWO_FIFTY_GOLD","is_prod":false,"is_daily":false,"chose_seed":false,"campfire_upgraded":8,"win_rate":0,"timestamp":1541847552,"path_taken":["M","M","?","M","$","?","R","?","T","M","M","E","R","M","R","BOSS","M","?","?","$","M","R","$","M","T","R","?","M","M","M","R","BOSS","M","M","M","M","$","?","R","$","T","R","E","R","?","M","R","BOSS"],"build_version":"2018-11-08","purchased_purges":3,"victory":true,"max_hp_per_floor":[80,80,85,85,85,85,85,85,85,87,89,91,91,91,91,91,91,91,91,93,93,95,95,95,95,95,95,95,97,99,101,101,103,103,105,107,109,111,111,111,111,111,111,111,111,113,113,115,115,115],"card_choices":[{"not_picked":["Perfected Strike","Sentinel"],"picked":"Armaments","floor":1.0},{"not_picked":["True Grit","Sword Boomerang"],"picked":"Metallicize","floor":2.0},{"not_picked":["Twin Strike","Thunderclap","Pommel Strike"],"picked":"SKIP","floor":4.0},{"not_picked":["Thunderclap","Iron Wave","Sword Boomerang"],"picked":"Singing Bowl","floor":10.0},{"not_picked":["Power Through","Dark Embrace","Spot Weakness"],"picked":"Singing Bowl","floor":11.0},{"not_picked":["Intimidate","Exhume","Metallicize"],"picked":"Singing Bowl","floor":12.0},{"not_picked":["Ghostly Armor","Clash"],"picked":"Battle Trance","floor":14.0},{"not_picked":["Limit Break","Dark Embrace"],"picked":"Juggernaut","floor":16.0},{"not_picked":["Twin Strike","Thunderclap"],"picked":"Shrug It Off","floor":18.0},{"not_picked":["Heavy Blade+1","Clash"],"picked":"Body Slam","floor":19.0},{"not_picked":["Perfected Strike","Clothesline","Sentinel+1"],"picked":"Singing Bowl","floor":20.0},{"not_picked":["Perfected Strike","Havoc","Power Through"],"picked":"Singing Bowl","floor":22.0},{"not_picked":["Anger+1","Rage"],"picked":"Metallicize","floor":25.0},{"not_picked":["Pommel Strike+1","Flex","Anger+1"],"picked":"Singing Bowl","floor":29.0},{"not_picked":["Rampage","Wild Strike","Twin Strike"],"picked":"Singing Bowl","floor":30.0},{"not_picked":["True Grit","Thunderclap+1","Perfected Strike+1"],"picked":"Singing Bowl","floor":31.0},{"not_picked":["Double Tap","Bludgeon","Fiend Fire"],"picked":"Singing Bowl","floor":33.0},{"not_picked":["Sword Boomerang+1","Second Wind","True Grit+1"],"picked":"Singing Bowl","floor":35.0},{"not_picked":["Infernal Blade+1","Body Slam+1","Spot Weakness"],"picked":"Singing Bowl","floor":36.0},{"not_picked":["Fire Breathing+1","Hemokinesis+1","Shockwave"],"picked":"Singing Bowl","floor":37.0},{"not_picked":["Clash","Combust","Fire Breathing+1"],"picked":"Singing Bowl","floor":38.0},{"not_picked":["Blood for Blood+1","Double Tap"],"picked":"Flame Barrier","floor":45},{"not_picked":["Armaments+1","Headbutt","Shockwave+1"],"picked":"Singing Bowl","floor":46},{"not_picked":["Hemokinesis+1","Battle Trance+1","Combust+1"],"picked":"Singing Bowl","floor":48},{"not_picked":["Anger+1","Armaments+1"],"picked":"Entrench+1","floor":49}],"player_experience":451958,"relics_obtained":[{"floor":9.0,"key":"War Paint"},{"floor":12.0,"key":"Matryoshka"},{"floor":20.0,"key":"Red Mask"},{"floor":26.0,"key":"Bag of Marbles"},{"floor":26.0,"key":"Juzu Bracelet"},{"floor":43,"key":"Dream Catcher"},{"floor":43,"key":"Bottled Flame"},{"floor":45,"key":"Anchor"}],"event_choices":[{"damage_healed":0.0,"max_hp_gain":5.0,"max_hp_loss":0.0,"gold_gain":0.0,"event_name":"Big Fish","player_choice":"Donut","floor":3.0,"gold_loss":0.0,"damage_taken":0.0},{"damage_healed":0.0,"max_hp_gain":0.0,"max_hp_loss":0.0,"gold_gain":0.0,"event_name":"Shining Light","player_choice":"Entered Light","floor":6.0,"gold_loss":0.0,"damage_taken":17.0,"cards_upgraded":["Defend_R","Defend_R"]},{"damage_healed":0.0,"max_hp_gain":0.0,"max_hp_loss":0.0,"gold_gain":0.0,"event_name":"Match and Keep!","player_choice":"1 cards matched","floor":8.0,"gold_loss":0.0,"damage_taken":0.0,"cards_obtained":["Barricade"]},{"damage_healed":0.0,"max_hp_gain":0.0,"max_hp_loss":0.0,"gold_gain":0.0,"event_name":"Masked Bandits","player_choice":"Fought Bandits","floor":20.0,"gold_loss":0.0,"damage_taken":0.0},{"damage_healed":0.0,"max_hp_gain":0.0,"max_hp_loss":0.0,"gold_gain":0.0,"event_name":"Upgrade Shrine","player_choice":"Upgraded","floor":28.0,"gold_loss":0.0,"damage_taken":0.0,"cards_upgraded":["Juggernaut"]},{"damage_healed":0,"gold_gain":0,"player_choice":"Ignored","damage_taken":0,"max_hp_gain":0,"max_hp_loss":0,"event_name":"Mysterious Sphere","floor":40,"gold_loss":0},{"damage_healed":0,"gold_gain":100,"player_choice":"Pray","damage_taken":0,"max_hp_gain":0,"max_hp_loss":0,"event_name":"Golden Shrine","floor":47,"gold_loss":0}],"is_beta":false,"boss_relics":[{"not_picked":["Runic Pyramid","Pandora\u0027s Box"],"picked":"Sozu"},{"not_picked":["Calling Bell","Runic Dome"],"picked":"Velvet Choker"}],"items_purged_floors":[5,39,42],"is_endless":false,"potions_floor_spawned":[4,10,12,18,25,31,35,37,38,45,48],"ascension_level":0}