{"gold_per_floor":[113,63,63,63,39,39,73,73,73,102,121,140,470,487,487,591,591,605,205,205,220,220,220,255,255,255,283,294,294,326,344,344,445,445,461,561,223,240,256,290,290,35,35,47,47,47,47,59,59,59,59,59,8,33,33],"floor_reached":56,"playtime":21411,"items_purged":["Strike_G","Writhe","Defend_G"],"score":1272,"play_id":"6ffd2118-fa67-413f-a4d0-0cfe026a8b24","local_time":"20190706015645","is_ascension_mode":true,"campfire_choices":[{"floor":6,"key":"RECALL"},{"floor":8,"key":"REST"},{"data":"Neutralize","floor":15,"key":"SMITH"},{"data":"Accuracy","floor":23,"key":"SMITH"},{"data":"Cloak And Dagger","floor":25,"key":"SMITH"},{"data":"Blade Dance","floor":32,"key":"SMITH"},{"data":"Dodge and Roll","floor":41,"key":"SMITH"},{"floor":45,"key":"REST"},{"data":"Footwork","floor":47,"key":"SMITH"},{"data":"Well Laid Plans","floor":49,"key":"SMITH"},{"data":"After Image","floor":52,"key":"SMITH"}],"neow_cost":"NONE","seed_source_timestamp":32940006358890,"circlet_count":0,"master_deck":["Strike_G","Defend_G","Defend_G","Defend_G","Survivor","Neutralize+1","Terror","Acrobatics","Backflip","After Image+1","Flying Knee+1","Predator+1","Predator+1","Well Laid Plans+1","Envenom","Cloak And Dagger+1","Accuracy+1","Blade Dance+1","Flying Knee+1","Dagger Spray+1","PiercingWail+1","Distraction","Infinite Blades","Distraction","Dodge and Roll+1","Bane+1","Sucker Punch+1","Skewer+1","Slice+1","Infinite Blades","Bane+1","Sucker Punch+1","Footwork+1","Finesse","Poisoned Stab+1","Madness","Madness"],"relics":["White Beast Statue","Molten Egg 2","Ninja Scroll","Torii","Ancient Tea Set","Old Coin","Busted Crown","TwistedFunnel","Orichalcum","MutagenicStrength","Incense Burner","Gremlin Horn","Turnip","Oddly Smooth Stone","Astrolabe","Potion Belt","Kunai","Pantograph","Ornamental Fan"],"potions_floor_usage":[13,18,21,24,28,30,30,30,31,40,44,48,50,50,54,55,55,55,55],"damage_taken":[{"damage":3,"enemies":"Jaw Worm","floor":1,"turns":7},{"damage":15,"enemies":"Lagavulin","floor":7,"turns":7},{"damage":7,"enemies":"3 Sentries","floor":10,"turns":12},{"damage":0,"enemies":"2 Louse","floor":11,"turns":2},{"damage":0,"enemies":"Small Slimes","floor":12,"turns":3},{"damage":2,"enemies":"Lagavulin","floor":13,"turns":5},{"damage":1,"enemies":"Looter","floor":14,"turns":2},{"damage":16,"enemies":"Slime Boss","floor":16,"turns":9},{"damage":8,"enemies":"2 Thieves","floor":18,"turns":3},{"damage":0,"enemies":"3 Byrds","floor":21,"turns":5},{"damage":2,"enemies":"Slavers","floor":24,"turns":4},{"damage":23,"enemies":"Book of Stabbing","floor":27,"turns":4},{"damage":10,"enemies":"Sentry and Sphere","floor":28,"turns":4},{"damage":7,"enemies":"Gremlin Leader","floor":30,"turns":6},{"damage":1,"enemies":"Snecko","floor":31,"turns":3},{"damage":20,"enemies":"Collector","floor":33,"turns":7},{"damage":1,"enemies":"3 Shapes","floor":35,"turns":3},{"damage":8,"enemies":"3 Darklings","floor":38,"turns":3},{"damage":0,"enemies":"Jaw Worm Horde","floor":39,"turns":2},{"damage":1,"enemies":"Reptomancer","floor":40,"turns":5},{"damage":18,"enemies":"Sphere and 2 Shapes","floor":44,"turns":4},{"damage":1,"enemies":"Spire Growth","floor":48,"turns":4},{"damage":31,"enemies":"Time Eater","floor":50,"turns":9},{"damage":2,"enemies":"Shield and Spear","floor":54,"turns":6},{"damage":51,"enemies":"The Heart","floor":55,"turns":10}],"seed_played":"-1060949731378331659","potions_obtained":[{"floor":1,"key":"Regen Potion"},{"floor":7,"key":"LiquidBronze"},{"floor":10,"key":"FearPotion"},{"floor":12,"key":"Regen Potion"},{"floor":13,"key":"SneckoOil"},{"floor":14,"key":"SkillPotion"},{"floor":18,"key":"PowerPotion"},{"floor":21,"key":"Regen Potion"},{"floor":24,"key":"SpeedPotion"},{"floor":27,"key":"SteroidPotion"},{"floor":28,"key":"Strength Potion"},{"floor":30,"key":"Ancient Potion"},{"floor":31,"key":"FearPotion"},{"floor":33,"key":"AttackPotion"},{"floor":35,"key":"SteroidPotion"},{"floor":38,"key":"Block Potion"},{"floor":39,"key":"GhostInAJar"},{"floor":40,"key":"Swift Potion"},{"floor":44,"key":"LiquidBronze"},{"floor":48,"key":"Weak Potion"},{"floor":54,"key":"Regen Potion"}],"is_trial":false,"path_per_floor":["M","?","T","?","$","R","E","R","T","E","M","M","E","M","R","B",null,"M","$","?","M","?","R","E","R","T","E","M","?","E","M","R","B",null,"M","?","$","M","M","E","R","$","T","M","R","?","R","M","R","B",null,"R","$","E","B",null],"character_chosen":"THE_SILENT","items_purchased":["Acrobatics","Accuracy","Blade Dance","Flying Knee+1","TwistedFunnel","Potion Belt","Infinite Blades","Footwork","Finesse","AttackPotion"],"campfire_rested":2,"item_purchase_floors":[5,19,19,19,19,37,37,42,42,53],"current_hp_per_floor":[67,67,67,64,64,64,49,70,70,63,63,63,61,60,60,44,70,62,62,62,62,62,62,70,70,70,47,37,37,70,69,69,49,70,69,69,69,61,61,60,60,60,60,42,63,54,54,53,53,39,70,70,70,68,34],"gold":33,"neow_bonus":"BOSS_RELIC","is_prod":false,"is_daily":false,"chose_seed":false,"campfire_upgraded":8,"win_rate":0,"timestamp":1562396205,"path_taken":["M","?","?","?","$","R","E","R","T","E","M","M","E","M","R","BOSS","M","$","?","M","?","R","E","R","T","E","M","?","E","M","R","BOSS","M","?","$","M","?","E","R","$","T","M","R","?","R","M","R","BOSS","R","$","E","BOSS"],"build_version":"2019-07-01","purchased_purges":3,"victory":true,"max_hp_per_floor":[70,70,70,70,70,70,70,70,70,70,70,70,70,70,70,70,70,70,70,70,70,70,70,70,70,70,70,70,70,70,70,70,70,70,70,70,70,70,70,70,70,70,70,70,70,70,70,70,70,70,70,70,70,70,70],"card_choices":[{"not_picked":["Deadly Poison","Slice"],"picked":"Terror","floor":1},{"not_picked":["Masterful Stab+1","Dodge and Roll"],"picked":"Backflip","floor":7},{"not_picked":["PiercingWail","Endless Agony+1"],"picked":"After Image","floor":10},{"not_picked":["Leg Sweep","Backflip"],"picked":"Flying Knee+1","floor":11},{"not_picked":["Prepared","Slice+1"],"picked":"Predator+1","floor":12},{"not_picked":["Dagger Spray+1","Choke+1"],"picked":"Predator+1","floor":13},{"not_picked":["Dagger Spray+1","Slice+1"],"picked":"Well Laid Plans","floor":14},{"not_picked":["Doppelganger","Adrenaline"],"picked":"Envenom","floor":16},{"not_picked":[],"picked":"Cloak And Dagger","floor":18},{"not_picked":[],"picked":"Dagger Spray+1","floor":21},{"not_picked":["Tactician"],"picked":"SKIP","floor":24},{"not_picked":[],"picked":"PiercingWail+1","floor":27},{"not_picked":[],"picked":"Distraction","floor":28},{"not_picked":[],"picked":"Distraction","floor":30},{"not_picked":[],"picked":"Dodge and Roll","floor":31},{"not_picked":[],"picked":"Slice+1","floor":35},{"not_picked":["Slice+1"],"picked":"SKIP","floor":38},{"not_picked":[],"picked":"Bane+1","floor":39},{"not_picked":[],"picked":"Sucker Punch+1","floor":40},{"not_picked":[],"picked":"Poisoned Stab+1","floor":44},{"not_picked":["Slice+1"],"picked":"SKIP","floor":48},{"not_picked":["Prepared"],"picked":"SKIP","floor":54}],"player_experience":280097,"relics_obtained":[{"floor":3,"key":"Molten Egg 2"},{"floor":7,"key":"Torii"},{"floor":10,"key":"Ancient Tea Set"},{"floor":13,"key":"Old Coin"},{"floor":24,"key":"Incense Burner"},{"floor":26,"key":"Gremlin Horn"},{"floor":27,"key":"Turnip"},{"floor":30,"key":"Oddly Smooth Stone"},{"floor":40,"key":"Kunai"},{"floor":43,"key":"Pantograph"},{"floor":54,"key":"Ornamental Fan"}],"event_choices":[{"cards_removed":["Strike_G"],"damage_healed":0,"gold_gain":0,"player_choice":"Card Removal","damage_taken":0,"max_hp_gain":0,"max_hp_loss":0,"event_name":"The Cleric","floor":2,"gold_loss":50},{"damage_healed":0,"gold_gain":0,"player_choice":"Success","damage_taken":3,"relics_obtained":["Ninja Scroll"],"max_hp_gain":0,"max_hp_loss":0,"event_name":"Scrap Ooze","floor":4,"gold_loss":0},{"damage_healed":0,"gold_gain":0,"player_choice":"Opened","damage_taken":0,"relics_obtained":["Orichalcum"],"max_hp_gain":0,"max_hp_loss":0,"event_name":"The Mausoleum","floor":20,"gold_loss":0,"cards_obtained":["Writhe"]},{"damage_healed":0,"gold_gain":0,"player_choice":"Inject Mutagens","damage_taken":0,"relics_obtained":["MutagenicStrength"],"max_hp_gain":0,"max_hp_loss":0,"event_name":"Drug Dealer","floor":22,"gold_loss":0},{"damage_healed":0,"gold_gain":0,"player_choice":"Read","damage_taken":0,"max_hp_gain":0,"max_hp_loss":0,"event_name":"The Library","floor":29,"gold_loss":0,"cards_obtained":["Infinite Blades"]},{"damage_healed":0,"gold_gain":100,"player_choice":"Pray","damage_taken":0,"max_hp_gain":0,"max_hp_loss":0,"event_name":"Golden Shrine","floor":36,"gold_loss":0},{"damage_healed":0,"gold_gain":0,"player_choice":"Embrace Madness","damage_taken":9,"max_hp_gain":0,"max_hp_loss":0,"event_name":"Winding Halls","floor":46,"gold_loss":0,"cards_obtained":["Madness","Madness"]}],"is_beta":false,"boss_relics":[{"not_picked":["Philosopher\u0027s Stone","Calling Bell"],"picked":"Busted Crown"},{"not_picked":["Eternal Feather","Runic Dome"],"picked":"Astrolabe"}],"items_purged_floors":[19,37,42],"is_endless":false,"potions_floor_spawned":[1,7,10,11,12,13,14,16,18,21,24,27,28,30,31,33,35,38,39,40,44,48,54],"ascension_level":1}