{"gold_per_floor":[118,137,150,163,163,163,163,193,193,209,209,231,245,276,276,373,373,393,393,408,422,347,359,373,373,425,425,425,425,452,13,13,113,163,174,184,201,128,145,145,159,159,159,159,178,211,222,43,43,43],"floor_reached":50,"playtime":1933,"items_purged":[],"score":506,"play_id":"63a67073-892e-4963-834d-30bbd474214f","local_time":"20180721075053","is_ascension_mode":false,"campfire_choices":[{"data":"Juggernaut","floor":6.0,"key":"SMITH"},{"data":"Armaments","floor":15.0,"key":"SMITH"},{"data":"Metallicize","floor":25.0,"key":"SMITH"},{"data":"Entrench","floor":27.0,"key":"SMITH"},{"data":"Demon Form","floor":29.0,"key":"SMITH"},{"data":"Body Slam","floor":32.0,"key":"SMITH"},{"data":"Metallicize","floor":40.0,"key":"SMITH"},{"data":"Demon Form","floor":42.0,"key":"SMITH"},{"floor":49,"key":"REST"}],"neow_cost":"NONE","seed_source_timestamp":346660014823830,"circlet_count":0,"master_deck":["Strike_R+1","Strike_R","Strike_R","Defend_R","Defend_R","Defend_R+1","Defend_R","Bash","Metallicize+1","Thunderclap+1","Shrug It Off","Juggernaut+1","Entrench+1","Armaments+1","Demon Form+1","Body Slam+1","Demon Form+1","Metallicize+1","Flame Barrier","Apotheosis","Armaments+1","Panache"],"special_seed":0,"relics":["Burning Blood","Vajra","Centennial Puzzle","Odd Mushroom","Question Card","Busted Crown","Regal Pillow","Whetstone","Mummified Hand","OrangePellets","Tiny House","Darkstone Periapt","Mercury Hourglass"],"potions_floor_usage":[46,46,46,50,50,50],"damage_taken":[{"damage":4.0,"enemies":"2 Louse","floor":1.0,"turns":3.0},{"damage":6.0,"enemies":"Cultist","floor":2.0,"turns":3.0},{"damage":12.0,"enemies":"Small Slimes","floor":3.0,"turns":3.0},{"damage":6.0,"enemies":"Looter","floor":4.0,"turns":4.0},{"damage":11.0,"enemies":"3 Sentries","floor":8.0,"turns":7.0},{"damage":3.0,"enemies":"Lots of Slimes","floor":10.0,"turns":4.0},{"damage":28.0,"floor":12.0,"turns":4.0},{"damage":10.0,"enemies":"Exordium Thugs","floor":13.0,"turns":4.0},{"damage":24.0,"enemies":"Gremlin Nob","floor":14.0,"turns":5.0},{"damage":26.0,"enemies":"Slime Boss","floor":16.0,"turns":11.0},{"damage":16.0,"enemies":"2 Thieves","floor":18.0,"turns":3.0},{"damage":0.0,"enemies":"Spheric Guardian","floor":20.0,"turns":4.0},{"damage":32.0,"enemies":"Slaver and Parasite","floor":21.0,"turns":8.0},{"damage":6.0,"enemies":"Cultist and Chosen","floor":23.0,"turns":7.0},{"damage":0.0,"enemies":"Snecko","floor":24.0,"turns":5.0},{"damage":5.0,"enemies":"Book of Stabbing","floor":30.0,"turns":6.0},{"damage":35.0,"enemies":"Collector","floor":33.0,"turns":10.0},{"damage":11.0,"enemies":"Flame Bruiser 1 Orb","floor":35.0,"turns":6.0},{"damage":11.0,"enemies":"Orb Walker","floor":36.0,"turns":4.0},{"damage":24.0,"enemies":"Maw","floor":37.0,"turns":6.0},{"damage":1.0,"enemies":"Spire Growth","floor":39.0,"turns":6.0},{"damage":10.0,"enemies":"Flame Bruiser 2 Orb","floor":41.0,"turns":6.0},{"damage":21.0,"enemies":"4 Shapes","floor":45.0,"turns":6.0},{"damage":51,"enemies":"Nemesis","floor":46,"turns":7},{"damage":0,"enemies":"3 Darklings","floor":47,"turns":8},{"damage":69,"enemies":"Awakened One","floor":50,"turns":11}],"seed_played":"8797325159977089853","potions_obtained":[{"floor":3.0,"key":"EssenceOfSteel"},{"floor":4.0,"key":"Weak Potion"},{"floor":10.0,"key":"Weak Potion"},{"floor":16.0,"key":"Regen Potion"},{"floor":18.0,"key":"PowerPotion"},{"floor":23.0,"key":"LiquidBronze"},{"floor":24.0,"key":"EntropicBrew"},{"floor":34.0,"key":"PowerPotion"},{"floor":35.0,"key":"EssenceOfSteel"},{"floor":45.0,"key":"Regen Potion"},{"floor":46,"key":"Poison Potion"},{"floor":47,"key":"EssenceOfSteel"}],"is_trial":false,"path_per_floor":["M","M","M","M","$","R","?","E","T","M","$","?","M","E","R","B",null,"M","$","M","M","?","M","M","R","T","R","?","R","E","$","R","B",null,"M","M","M","$","M","R","M","R","T","?","M","E","M","$","R"],"character_chosen":"IRONCLAD","items_purchased":["Mummified Hand","OrangePellets","Metallicize","Panache"],"campfire_rested":1,"item_purchase_floors":[31,31,38,48],"current_hp_per_floor":[80,80,74,74,74,74,74,69,69,72,72,50,46,28,28,8,80,70,70,76,50,50,50,56,56,56,56,41,41,42,42,42,25,90,85,80,62,62,67,67,63,63,63,63,48,18,24,24,66,0],"gold":43,"neow_bonus":"THREE_CARDS","is_prod":false,"is_daily":false,"chose_seed":false,"campfire_upgraded":8,"win_rate":0,"timestamp":1532148653,"path_taken":["M","M","M","M","$","R","?","E","T","M","$","?","M","E","R","BOSS","M","$","M","M","?","M","M","R","T","R","?","R","E","$","R","BOSS","M","M","M","$","M","R","M","R","T","?","M","E","?","$","R","BOSS"],"build_version":"2018-07-19v2","purchased_purges":0,"victory":false,"max_hp_per_floor":[80,80,80,80,80,80,80,80,80,80,80,80,80,80,80,80,80,80,80,80,80,80,80,80,80,80,80,85,85,85,85,85,85,90,90,90,90,90,90,90,90,90,90,90,90,90,90,90,90,90],"card_choices":[{"not_picked":["Iron Wave","Searing Blow"],"picked":"Metallicize","floor":0.0},{"not_picked":["Headbutt","Carnage"],"picked":"Thunderclap","floor":1.0},{"not_picked":["Anger","Power Through","Headbutt"],"picked":"SKIP","floor":2.0},{"not_picked":["True Grit","Clothesline"],"picked":"Shrug It Off","floor":3.0},{"not_picked":["Cleave","Sentinel"],"picked":"Juggernaut","floor":4.0},{"not_picked":["Carnage","Dual Wield","Heavy Blade"],"picked":"SKIP","floor":8.0},{"not_picked":["Twin Strike","Inflame","Rage"],"picked":"SKIP","floor":10.0},{"not_picked":["Bloodletting","Disarm"],"picked":"Entrench","floor":12.0},{"not_picked":["Hemokinesis","Spot Weakness","Wild Strike"],"picked":"SKIP","floor":13.0},{"not_picked":["Perfected Strike","Carnage"],"picked":"Armaments","floor":14.0},{"not_picked":["Reaper","Exhume","Feed"],"picked":"Demon Form","floor":16.0},{"not_picked":["Anger+1","Perfected Strike+1"],"picked":"SKIP","floor":18.0},{"not_picked":["Combust","Havoc"],"picked":"SKIP","floor":20.0},{"not_picked":["Warcry","Shockwave+1"],"picked":"SKIP","floor":21.0},{"not_picked":["Power Through","Havoc"],"picked":"SKIP","floor":23.0},{"not_picked":["Heavy Blade","Clothesline+1"],"picked":"SKIP","floor":24.0},{"not_picked":["Offering"],"picked":"Body Slam","floor":30.0},{"not_picked":["Dark Embrace"],"picked":"Demon Form","floor":33.0},{"not_picked":["Sword Boomerang+1","Pommel Strike+1"],"picked":"SKIP","floor":35.0},{"not_picked":["Perfected Strike+1","Infernal Blade"],"picked":"SKIP","floor":36.0},{"not_picked":["Sword Boomerang+1","Uppercut+1"],"picked":"SKIP","floor":37.0},{"not_picked":["Whirlwind+1","Perfected Strike"],"picked":"SKIP","floor":39.0},{"not_picked":["Sword Boomerang+1"],"picked":"Flame Barrier","floor":41.0},{"not_picked":["Bandage Up"],"picked":"Apotheosis","floor":44.0},{"not_picked":["Clash","Heavy Blade+1"],"picked":"SKIP","floor":45.0},{"not_picked":["Clash"],"picked":"Armaments+1","floor":46},{"not_picked":["True Grit","Pommel Strike"],"picked":"SKIP","floor":47}],"player_experience":208174,"relics_obtained":[{"floor":8.0,"key":"Vajra"},{"floor":9.0,"key":"Centennial Puzzle"},{"floor":12.0,"key":"Odd Mushroom"},{"floor":14.0,"key":"Question Card"},{"floor":26.0,"key":"Regal Pillow"},{"floor":30.0,"key":"Whetstone"},{"floor":43.0,"key":"Darkstone Periapt"},{"floor":46,"key":"Mercury Hourglass"}],"event_choices":[{"event_name":"Purifier","player_choice":"One Purge","floor":7.0,"damage_taken":0.0},{"event_name":"Mushrooms","player_choice":"Fought Mushrooms","floor":12.0,"damage_taken":0.0},{"event_name":"Beggar","player_choice":"Gave Gold","floor":22.0,"damage_taken":0.0},{"event_name":"Forgotten Altar","player_choice":"Shed Blood","floor":28.0,"damage_taken":0.0},{"event_name":"SensoryStone","player_choice":"Memory 1","floor":44.0,"damage_taken":0.0}],"is_beta":false,"boss_relics":[{"not_picked":["Ectoplasm","Lizard Tail"],"picked":"Busted Crown"},{"not_picked":["Empty Cage","Runic Dome"],"picked":"Tiny House"}],"items_purged_floors":[],"is_endless":false,"potions_floor_spawned":[3,4,10,16,18,23,24,35,45,46,47],"killed_by":"Awakened One","ascension_level":0}