{"gold_per_floor":[110,127,138,138,149,179,206,218,254,11,11,41,41,59,59,158,158,170,185,62,81,93,93,126,126,149,149,164,182,207,207,207,207],"floor_reached":33,"playtime":1573,"items_purged":[],"score":374,"play_id":"2ecf5da6-7783-4825-8b80-746908fe093e","local_time":"20190713083557","is_ascension_mode":false,"campfire_choices":[{"data":"Dash","floor":11.0,"key":"SMITH"},{"data":"Neutralize","floor":13.0,"key":"SMITH"},{"data":"Noxious Fumes","floor":15.0,"key":"SMITH"},{"floor":23,"key":"REST"},{"data":"Neutralize","floor":25,"key":"SMITH"},{"floor":27,"key":"REST"},{"data":"Adrenaline","floor":32,"key":"SMITH"}],"neow_cost":"NONE","seed_source_timestamp":41892508335204,"circlet_count":0,"master_deck":["Strike_G","Strike_G","Strike_G","Strike_G","Strike_G","Defend_G+1","Defend_G+1","Defend_G","Defend_G","Defend_G","Survivor","Neutralize+1","Terror","Dagger Spray","Masterful Stab","Neutralize+1","Slice","Deflect","Dash+1","Bandage Up","Blade Dance","Noxious Fumes+1","Adrenaline+1","Bane","Finesse","Caltrops","All Out Attack","Bouncing Flask+1","Deflect+1","Corpse Explosion"],"special_seed":0,"relics":["Ring of the Snake","MawBank","CultistMask","Regal Pillow","Lantern","Bronze Scales","Busted Crown","War Paint","Anchor","Boot"],"potions_floor_usage":[16,16,16,19,30,30],"damage_taken":[{"damage":1.0,"enemies":"Cultist","floor":1.0,"turns":4.0},{"damage":0.0,"enemies":"Jaw Worm","floor":2.0,"turns":3.0},{"damage":0.0,"enemies":"2 Louse","floor":3.0,"turns":3.0},{"damage":5.0,"enemies":"2 Fungi Beasts","floor":5.0,"turns":3.0},{"damage":17.0,"enemies":"Lagavulin","floor":6.0,"turns":5.0},{"damage":10.0,"enemies":"Exordium Thugs","floor":7.0,"turns":4.0},{"damage":4.0,"enemies":"3 Sentries","floor":12.0,"turns":6.0},{"damage":0.0,"enemies":"Blue Slaver","floor":14.0,"turns":3.0},{"damage":0,"enemies":"Slime Boss","floor":16,"turns":9},{"damage":8,"enemies":"Shell Parasite","floor":18,"turns":5},{"damage":0,"enemies":"2 Thieves","floor":19,"turns":2},{"damage":21,"enemies":"Snecko","floor":21,"turns":5},{"damage":25,"enemies":"3 Cultists","floor":22,"turns":4},{"damage":33,"enemies":"Gremlin Leader","floor":24,"turns":6},{"damage":0,"enemies":"Chosen and Byrds","floor":28,"turns":3},{"damage":16,"enemies":"Cultist and Chosen","floor":29,"turns":5},{"damage":0,"enemies":"Book of Stabbing","floor":30,"turns":4},{"damage":57,"enemies":"Automaton","floor":33,"turns":8}],"seed_played":"-4489616131363436671","potions_obtained":[{"floor":5.0,"key":"Dexterity Potion"},{"floor":6.0,"key":"Energy Potion"},{"floor":7.0,"key":"Fire Potion"},{"floor":12.0,"key":"GhostInAJar"},{"floor":14.0,"key":"Dexterity Potion"},{"floor":18,"key":"SteroidPotion"},{"floor":28,"key":"GamblersBrew"},{"floor":29,"key":"Poison Potion"}],"is_trial":false,"path_per_floor":["M","M","M","?","M","E","M","?","T","$","R","E","R","M","R","B",null,"M","M","$","M","M","R","E","R","T","R","M","M","E","?","R","B"],"character_chosen":"THE_SILENT","items_purchased":["Bandage Up","Lantern","Finesse","Caltrops"],"campfire_rested":2,"item_purchase_floors":[10,10,20,20],"current_hp_per_floor":[76,76,76,76,71,54,44,44,44,44,44,44,44,48,48,52,77,69,73,73,56,35,73,44,44,44,77,77,61,65,51,51,0],"gold":207,"neow_bonus":"TEN_PERCENT_HP_BONUS","is_prod":false,"is_daily":false,"chose_seed":false,"campfire_upgraded":5,"win_rate":0,"timestamp":1562999757,"path_taken":["M","M","M","?","M","E","?","?","T","$","R","E","R","?","R","BOSS","M","M","$","M","M","R","E","R","T","R","M","M","E","?","R","BOSS"],"build_version":"2019-07-05","purchased_purges":0,"victory":false,"max_hp_per_floor":[77,77,77,77,77,77,77,77,77,77,77,77,77,77,77,77,77,77,77,77,77,77,77,77,77,77,77,77,77,77,82,82,82],"card_choices":[{"not_picked":["Outmaneuver","Deadly Poison"],"picked":"Terror","floor":1.0},{"not_picked":["Outmaneuver","Masterful Stab","Bouncing Flask"],"picked":"SKIP","floor":2.0},{"not_picked":["Masterful Stab","Underhanded Strike"],"picked":"Dagger Spray","floor":3.0},{"not_picked":["Terror","Infinite Blades"],"picked":"Deflect","floor":5.0},{"not_picked":["Finisher","Bullet Time"],"picked":"Dash","floor":6.0},{"not_picked":["Deflect","Finisher","Underhanded Strike"],"picked":"SKIP","floor":7.0},{"not_picked":["Masterful Stab","Poisoned Stab"],"picked":"Blade Dance","floor":12.0},{"not_picked":["Backflip","PiercingWail"],"picked":"Noxious Fumes","floor":14.0},{"not_picked":["Burst","Phantasmal Killer"],"picked":"Adrenaline","floor":16},{"not_picked":[],"picked":"Bane","floor":18},{"not_picked":["Endless Agony"],"picked":"SKIP","floor":19},{"not_picked":[],"picked":"All Out Attack","floor":21},{"not_picked":[],"picked":"Bouncing Flask+1","floor":22},{"not_picked":["Endless Agony"],"picked":"SKIP","floor":24},{"not_picked":["Sucker Punch"],"picked":"SKIP","floor":28},{"not_picked":[],"picked":"Deflect+1","floor":29},{"not_picked":[],"picked":"Corpse Explosion","floor":30}],"player_experience":354972,"relics_obtained":[{"floor":6.0,"key":"MawBank"},{"floor":9.0,"key":"Regal Pillow"},{"floor":12.0,"key":"Bronze Scales"},{"floor":24,"key":"War Paint"},{"floor":26,"key":"Anchor"},{"floor":30,"key":"Boot"}],"event_choices":[{"damage_healed":0.0,"max_hp_gain":0.0,"max_hp_loss":0.0,"gold_gain":0.0,"event_name":"Match and Keep!","player_choice":"3 cards matched","floor":4.0,"gold_loss":0.0,"damage_taken":0.0,"cards_obtained":["Masterful Stab","Neutralize","Slice"]},{"damage_healed":0.0,"max_hp_gain":0.0,"max_hp_loss":0.0,"gold_gain":0.0,"event_name":"FaceTrader","player_choice":"Trade","floor":8.0,"gold_loss":0.0,"damage_taken":0.0,"relics_obtained":["CultistMask"]},{"damage_healed":0,"gold_gain":0,"player_choice":"Shed Blood","damage_taken":19,"max_hp_gain":5,"max_hp_loss":0,"event_name":"Forgotten Altar","floor":31,"gold_loss":0}],"is_beta":false,"boss_relics":[{"not_picked":["Coffee Dripper","Snecko Eye"],"picked":"Busted Crown"}],"items_purged_floors":[],"is_endless":false,"potions_floor_spawned":[5,6,7,12,14,18,28,29],"killed_by":"Automaton","ascension_level":0}