{"gold_per_floor":[110,125,142,23,40,56,68,68,68,103,103,133,133,149,149,245,245,260,275,34,50,65,85,101,101,124,124,134,134,163,174,174,279,279,299,299,314,68,82,382,94,94,94,94,94,113,131,162,162,162],"floor_reached":50,"playtime":1751,"items_purged":[],"score":635,"play_id":"1f2b852a-27b7-4e99-83ce-51e2829f83bb","local_time":"20180624174402","is_ascension_mode":false,"campfire_choices":[{"data":"Armaments","floor":8.0,"key":"SMITH"},{"data":"Spot Weakness","floor":11.0,"key":"SMITH"},{"floor":15.0,"key":"REST"},{"data":"Barricade","floor":27,"key":"SMITH"},{"floor":29,"key":"REST"},{"floor":32,"key":"DIG"},{"floor":40,"key":"DIG"},{"floor":42,"key":"DIG"},{"floor":45,"key":"DIG"},{"floor":49,"key":"REST"}],"neow_cost":"","seed_source_timestamp":86499204535576,"circlet_count":0,"master_deck":["Strike_R","Strike_R","Strike_R","Strike_R","Strike_R","Defend_R","Defend_R","Defend_R","Defend_R","Bash+1","Feed","Perfected Strike","Whirlwind","Armaments+1","Spot Weakness+1","Thunderclap","Dropkick","Perfected Strike","Evolve","Entrench+1","Flame Barrier+1","Barricade+1","Shrug It Off+1","Inflame+1","Body Slam","Berserk","Armaments+1","Body Slam+1","Body Slam","Shrug It Off+1","Entrench+1","Iron Wave+1","Demon Form","Body Slam","Blind+1","Armaments+1","Body Slam","Limit Break+1","Ghostly Armor+1","Pommel Strike+1","Iron Wave"],"special_seed":0,"relics":["Burning Blood","Prayer Wheel","Toxic Egg 2","Kunai","Sozu","Bottled Flame","Happy Flower","Shovel","The Courier","Velvet Choker","Oddly Smooth Stone","Lantern","Old Coin","Frozen Eye","Omamori","Letter Opener","Ginger","Orichalcum","Ancient Tea Set"],"potions_floor_usage":[33,48],"damage_taken":[{"damage":13.0,"enemies":"Jaw Worm","floor":1.0,"turns":4.0},{"damage":0.0,"enemies":"2 Louse","floor":2.0,"turns":2.0},{"damage":7.0,"enemies":"Small Slimes","floor":3.0,"turns":3.0},{"damage":15.0,"enemies":"Exordium Wildlife","floor":5.0,"turns":4.0},{"damage":23.0,"enemies":"Exordium Thugs","floor":6.0,"turns":5.0},{"damage":0.0,"enemies":"3 Louse","floor":7.0,"turns":2.0},{"damage":17.0,"enemies":"3 Sentries","floor":10.0,"turns":5.0},{"damage":19.0,"enemies":"Lagavulin","floor":12.0,"turns":7.0},{"damage":12.0,"enemies":"Looter","floor":14.0,"turns":4.0},{"damage":48.0,"enemies":"Hexaghost","floor":16.0,"turns":9.0},{"damage":32.0,"enemies":"Chosen","floor":18.0,"turns":6.0},{"damage":15.0,"enemies":"Shell Parasite","floor":19.0,"turns":4.0},{"damage":27.0,"enemies":"Snake Plant","floor":21.0,"turns":3.0},{"damage":11.0,"enemies":"3 Cultists","floor":22.0,"turns":4.0},{"damage":7.0,"enemies":"Centurion and Healer","floor":23.0,"turns":5.0},{"damage":8,"enemies":"Snecko","floor":24,"turns":3},{"damage":8,"enemies":"Slaver and Parasite","floor":28,"turns":6},{"damage":17,"enemies":"Book of Stabbing","floor":30,"turns":6},{"damage":15,"enemies":"Snake Plant","floor":31,"turns":3},{"damage":15,"enemies":"Collector","floor":33,"turns":13},{"damage":36,"enemies":"3 Darklings","floor":35,"turns":5},{"damage":25,"enemies":"Orb Walker","floor":37,"turns":5},{"damage":14,"enemies":"Sphere and 2 Shapes","floor":39,"turns":5},{"damage":30,"enemies":"3 Darklings","floor":46,"turns":5},{"damage":31,"enemies":"4 Shapes","floor":47,"turns":2},{"damage":7,"enemies":"Giant Head","floor":48,"turns":6},{"damage":64,"enemies":"Donu and Deca","floor":50,"turns":6}],"seed_played":"2968653927095850043","potions_obtained":[{"floor":5.0,"key":"BloodPotion"},{"floor":6.0,"key":"Swift Potion"},{"floor":7.0,"key":"Dexterity Potion"},{"floor":12.0,"key":"FearPotion"},{"floor":16.0,"key":"Swift Potion"}],"is_trial":false,"path_per_floor":["M","M","M","$","M","M","M","R","T","E","R","E","?","M","R","B",null,"M","M","$","M","M","M","M","?","T","R","M","R","E","M","R","B",null,"M","?","M","$","M","R","$","R","T","?","R","M","M","E","R"],"character_chosen":"IRONCLAD","items_purchased":["Spot Weakness","Thunderclap","Bottled Flame","Oddly Smooth Stone","Lantern","Frozen Eye","Omamori"],"campfire_rested":3,"item_purchase_floors":[],"current_hp_per_floor":[68,77,79,79,70,56,65,65,65,54,54,41,41,35,61,19,87,61,52,52,31,26,25,26,26,26,26,27,54,43,37,37,32,100,70,70,51,51,43,43,43,43,43,68,68,44,19,28,58,0],"gold":162,"neow_bonus":"","is_prod":false,"is_daily":false,"chose_seed":false,"campfire_upgraded":3,"win_rate":0,"timestamp":1529851442,"path_taken":["M","M","M","$","M","M","M","R","T","E","R","E","?","M","R","BOSS","M","M","$","M","M","M","M","?","T","R","M","R","E","M","R","BOSS","M","?","M","$","M","R","$","R","T","?","R","?","M","E","R","BOSS"],"build_version":"2018-06-21v2","purchased_purges":0,"victory":false,"max_hp_per_floor":[75,78,81,81,81,84,87,87,87,87,87,87,87,87,87,87,87,87,87,87,87,87,87,90,90,90,90,93,93,93,96,96,100,100,100,100,100,100,100,100,100,100,100,100,100,100,100,100,100,100],"card_choices":[{"not_picked":["Berserk","Reaper"],"picked":"Feed","floor":0.0},{"not_picked":["Clothesline","Hemokinesis"],"picked":"Perfected Strike","floor":1.0},{"not_picked":["Iron Wave","Spot Weakness"],"picked":"Whirlwind","floor":2.0},{"not_picked":["Dual Wield","Wild Strike"],"picked":"Armaments","floor":3.0},{"not_picked":["Intimidate","Reckless Charge"],"picked":"Dropkick","floor":5.0},{"not_picked":["Thunderclap","Iron Wave"],"picked":"Perfected Strike","floor":6.0},{"not_picked":["Second Wind","Body Slam"],"picked":"Evolve","floor":7.0},{"not_picked":["True Grit","Fiend Fire"],"picked":"Entrench","floor":10.0},{"not_picked":["Pummel","Sentinel+1","Thunderclap"],"picked":"SKIP","floor":12.0},{"not_picked":["Power Through+1","Clothesline"],"picked":"Flame Barrier+1","floor":14.0},{"not_picked":["Cleave","Havoc+1","Clothesline"],"picked":"SKIP","floor":14.0},{"not_picked":["Double Tap+1","Berserk"],"picked":"Barricade","floor":16.0},{"not_picked":["Clothesline","Perfected Strike"],"picked":"Shrug It Off+1","floor":18.0},{"not_picked":["Iron Wave","Thunderclap"],"picked":"Inflame+1","floor":18.0},{"not_picked":["Sword Boomerang","Whirlwind"],"picked":"Body Slam","floor":19.0},{"not_picked":["Blood for Blood","Thunderclap","Heavy Blade"],"picked":"SKIP","floor":19.0},{"not_picked":["Twin Strike","Hemokinesis"],"picked":"Berserk","floor":21.0},{"not_picked":["Cleave","True Grit+1"],"picked":"Armaments+1","floor":21.0},{"not_picked":["Anger","Clash"],"picked":"Body Slam+1","floor":22.0},{"not_picked":["Cleave","Second Wind+1","Metallicize"],"picked":"SKIP","floor":22.0},{"not_picked":["Headbutt","Heavy Blade+1"],"picked":"Body Slam","floor":23.0},{"not_picked":["Sever Soul","Carnage","Combust+1"],"picked":"SKIP","floor":23.0},{"not_picked":["Sever Soul","Cleave","Carnage"],"picked":"SKIP","floor":24},{"not_picked":["Combust","Warcry+1","Infernal Blade+1"],"picked":"SKIP","floor":24},{"not_picked":["Iron Wave","Ghostly Armor+1"],"picked":"Shrug It Off+1","floor":28},{"not_picked":["Juggernaut","Anger"],"picked":"Entrench+1","floor":28},{"not_picked":["Reckless Charge","Rupture","Bloodletting+1"],"picked":"SKIP","floor":30},{"not_picked":["True Grit+1","Anger+1"],"picked":"Iron Wave+1","floor":31},{"not_picked":["Clash","Perfected Strike","Warcry+1"],"picked":"SKIP","floor":31},{"not_picked":["Barricade","Limit Break+1"],"picked":"Demon Form","floor":33},{"not_picked":["Feel No Pain","Pommel Strike+1"],"picked":"Body Slam","floor":35},{"not_picked":["Warcry+1","Heavy Blade","Twin Strike+1"],"picked":"SKIP","floor":35},{"not_picked":["Transmutation+1","Secret Weapon+1"],"picked":"Blind+1","floor":36},{"not_picked":["Blood for Blood","Rupture+1"],"picked":"Armaments+1","floor":37},{"not_picked":["Flex+1","Whirlwind+1","Fire Breathing+1"],"picked":"SKIP","floor":37},{"not_picked":["Armaments+1","Feel No Pain"],"picked":"Body Slam","floor":39},{"not_picked":["Wild Strike+1","Uppercut+1"],"picked":"Limit Break+1","floor":39},{"not_picked":["Carnage+1","Fire Breathing+1"],"picked":"Ghostly Armor+1","floor":46},{"not_picked":["Clothesline","Cleave+1","Havoc+1"],"picked":"SKIP","floor":46},{"not_picked":["Spot Weakness+1","Twin Strike"],"picked":"Pommel Strike+1","floor":47},{"not_picked":["Thunderclap","Heavy Blade+1","Cleave+1"],"picked":"SKIP","floor":47},{"not_picked":["Clash+1","Sentinel+1"],"picked":"Iron Wave","floor":48}],"player_experience":162398,"relics_obtained":[{"floor":9.0,"key":"Prayer Wheel"},{"floor":10.0,"key":"Toxic Egg 2"},{"floor":12.0,"key":"Kunai"},{"floor":26,"key":"Happy Flower"},{"floor":30,"key":"Shovel"},{"floor":32,"key":"The Courier"},{"floor":40,"key":"Old Coin"},{"floor":42,"key":"Letter Opener"},{"floor":43,"key":"Ginger"},{"floor":45,"key":"Orichalcum"},{"floor":48,"key":"Ancient Tea Set"}],"event_choices":[{"event_name":"Living Wall","player_choice":"Grow","floor":13.0,"damage_taken":0.0},{"event_name":"Ghosts","player_choice":"Ignored","floor":25,"damage_taken":0},{"event_name":"SensoryStone","player_choice":"Memory 1","floor":36,"damage_taken":0},{"event_name":"Winding Halls","player_choice":"Writhe","floor":44,"damage_taken":0}],"boss_relics":[{"not_picked":["Calling Bell","Black Blood"],"picked":"Sozu"},{"not_picked":["Runic Cube","Orrery"],"picked":"Velvet Choker"}],"items_purged_floors":[],"is_endless":false,"potions_floor_spawned":[5,6,7,12,16,18,21,22,24,28,35,46,47],"killed_by":"Donu and Deca","ascension_level":0}