{"gold_per_floor":[117,117,41,41,55,55,65,65,145,173,28,38,67,80,80,177,177,188,44,44,64,64,64,80,80,103,103,58,74,74,85,85,189,189,204,215,235,335,335,335,348,362,362,378,378,96,96,111,111,111],"floor_reached":51,"playtime":2490,"items_purged":[],"score":734,"play_id":"2c710521-b8a6-4a92-8c0f-2df3a8c4deb7","local_time":"20190124004742","is_ascension_mode":false,"campfire_choices":[{"data":"Noxious Fumes","floor":6.0,"key":"SMITH"},{"data":"Well Laid Plans","floor":8.0,"key":"SMITH"},{"data":"Catalyst","floor":15.0,"key":"SMITH"},{"data":"Footwork","floor":23.0,"key":"SMITH"},{"data":"Catalyst","floor":25.0,"key":"SMITH"},{"data":"Footwork","floor":30.0,"key":"SMITH"},{"data":"Neutralize","floor":32.0,"key":"SMITH"},{"floor":40,"key":"DIG"},{"floor":45,"key":"DIG"},{"floor":49,"key":"REST"}],"neow_cost":"NONE","seed_source_timestamp":0,"circlet_count":0,"master_deck":["Defend_G+1","Defend_G","Defend_G+1","Defend_G","Defend_G","Strike_G","Strike_G","Strike_G","Strike_G","Survivor","Neutralize+1","Cloak And Dagger","Well Laid Plans+1","Neutralize","Corpse Explosion","Backflip","Noxious Fumes+1","Catalyst+1","Footwork+1","Deflect","Footwork+1","Adrenaline","Catalyst+1","Backflip","Dodge and Roll+1","Deflect","Leg Sweep+1"],"special_seed":0,"relics":["Ring of the Serpent","Tiny Chest","Bag of Marbles","War Paint","Girya","Oddly Smooth Stone","MutagenicStrength","Bag of Preparation","Black Star","Shovel","Mercury Hourglass","Orichalcum","Gremlin Horn","FossilizedHelix","Toxic Egg 2"],"potions_floor_usage":[50,50],"damage_taken":[{"damage":0.0,"enemies":"2 Louse","floor":1.0,"turns":2.0},{"damage":0.0,"enemies":"Cultist","floor":5.0,"turns":4.0},{"damage":0.0,"enemies":"Small Slimes","floor":7.0,"turns":4.0},{"damage":9.0,"enemies":"3 Sentries","floor":10.0,"turns":4.0},{"damage":3.0,"enemies":"3 Louse","floor":12.0,"turns":2.0},{"damage":1.0,"enemies":"Lagavulin","floor":13.0,"turns":7.0},{"damage":0.0,"enemies":"Looter","floor":14.0,"turns":4.0},{"damage":6.0,"enemies":"Slime Boss","floor":16.0,"turns":9.0},{"damage":5.0,"enemies":"Shell Parasite","floor":18.0,"turns":5.0},{"damage":13.0,"enemies":"2 Thieves","floor":21.0,"turns":4.0},{"damage":6.0,"enemies":"Colosseum Slavers","floor":22.0,"turns":3.0},{"damage":0.0,"enemies":"Snecko","floor":24.0,"turns":6.0},{"damage":0.0,"enemies":"Snake Plant","floor":29.0,"turns":6.0},{"damage":0.0,"enemies":"3 Cultists","floor":31.0,"turns":2.0},{"damage":3.0,"enemies":"Champ","floor":33.0,"turns":9.0},{"damage":0.0,"enemies":"3 Shapes","floor":35.0,"turns":4.0},{"damage":23.0,"enemies":"3 Darklings","floor":36.0,"turns":3.0},{"damage":0,"enemies":"Writhing Mass","floor":37,"turns":6},{"damage":0,"enemies":"Mind Bloom Boss Battle","floor":38,"turns":4},{"damage":0,"enemies":"4 Shapes","floor":41,"turns":3},{"damage":0,"enemies":"Transient","floor":42,"turns":5},{"damage":10,"enemies":"Spire Growth","floor":44,"turns":5},{"damage":10,"enemies":"Sphere and 2 Shapes","floor":48,"turns":6},{"damage":0,"enemies":"Donu and Deca","floor":50,"turns":6}],"seed_played":"-8961748122076738371","potions_obtained":[{"floor":1.0,"key":"GhostInAJar"},{"floor":5.0,"key":"FearPotion"},{"floor":10.0,"key":"Ancient Potion"},{"floor":16.0,"key":"PowerPotion"},{"floor":29.0,"key":"EssenceOfSteel"}],"is_trial":false,"path_per_floor":["?","$","?","?","?","R","B",null,"M","M","M","?","T","R","M","M","T","M","R","$","?","M","R","B",null],"character_chosen":"THE_SILENT","items_purchased":["Noxious Fumes","War Paint","Oddly Smooth Stone","Backflip","Toxic Egg 2","Leg Sweep+1"],"campfire_rested":1,"item_purchase_floors":[3,11,19,28,46,46],"current_hp_per_floor":[70,70,70,70,70,70,70,70,70,61,61,58,57,57,57,51,70,65,65,65,52,46,46,46,46,46,46,46,46,46,46,46,43,70,70,47,47,47,47,47,47,47,47,37,37,37,37,27,48,48],"gold":111,"neow_bonus":"THREE_CARDS","is_prod":false,"is_daily":false,"chose_seed":false,"campfire_upgraded":7,"win_rate":0,"timestamp":1548283662,"path_taken":["M","?","?","$","M","R","M","R","T","E","$","M","E","M","R","BOSS","M","$","?","M","?","R","M","R","T","?","$","M","R","M","R","BOSS","M","M","M","?","?","R","M","M","T","M","R","$","?","?","R","BOSS"],"build_version":"2019-01-23","purchased_purges":0,"victory":true,"max_hp_per_floor":[70,70,70,70,70,70,70,70,70,70,70,70,70,70,70,70,70,70,70,70,70,70,70,70,70,70,70,70,70,70,70,70,70,70,70,70,70,70,70,70,70,70,70,70,70,70,70,70,70,70],"card_choices":[{"not_picked":["Underhanded Strike","Blade Dance"],"picked":"Cloak And Dagger","floor":0.0},{"not_picked":["Outmaneuver","Masterful Stab"],"picked":"Well Laid Plans","floor":1.0},{"not_picked":["Bouncing Flask","Flechettes","Terror"],"picked":"SKIP","floor":5.0},{"not_picked":["Poisoned Stab","Calculated Gamble"],"picked":"Catalyst","floor":7.0},{"not_picked":["Backflip","Bullet Time"],"picked":"Footwork","floor":10.0},{"not_picked":["Prepared","Endless Agony"],"picked":"Deflect","floor":12.0},{"not_picked":["All Out Attack","Dagger Throw"],"picked":"Footwork","floor":13.0},{"not_picked":["Slice","All Out Attack","Underhanded Strike"],"picked":"SKIP","floor":14.0},{"not_picked":["Night Terror","Wraith Form v2"],"picked":"Adrenaline","floor":16.0},{"not_picked":["Blade Dance","Infinite Blades+1","Prepared"],"picked":"SKIP","floor":18.0},{"not_picked":["Underhanded Strike+1","Bane+1","Deadly Poison"],"picked":"SKIP","floor":21.0},{"not_picked":["Dash","Setup"],"picked":"Catalyst","floor":24.0},{"not_picked":["Outmaneuver+1","Crippling Poison","Deadly Poison"],"picked":"SKIP","floor":29.0},{"not_picked":["PiercingWail","Masterful Stab","Crippling Poison"],"picked":"SKIP","floor":31.0},{"not_picked":["Terror","Distraction","Dagger Spray"],"picked":"SKIP","floor":35.0},{"not_picked":["Distraction","Backflip"],"picked":"Dodge and Roll+1","floor":36.0},{"not_picked":["Outmaneuver","Sucker Punch+1","Cloak And Dagger"],"picked":"SKIP","floor":37},{"not_picked":["Bane","Prepared"],"picked":"Deflect","floor":38},{"not_picked":["Die Die Die","Cloak And Dagger+1","Dodge and Roll+1"],"picked":"SKIP","floor":41},{"not_picked":["Underhanded Strike+1","Skewer+1","Quick Slash+1"],"picked":"SKIP","floor":42},{"not_picked":["All Out Attack","PiercingWail+1","Outmaneuver"],"picked":"SKIP","floor":44},{"not_picked":["Cloak And Dagger+1","Bane+1","Prepared+1"],"picked":"SKIP","floor":48}],"player_experience":560662,"relics_obtained":[{"floor":9.0,"key":"Tiny Chest"},{"floor":10.0,"key":"Bag of Marbles"},{"floor":13.0,"key":"Girya"},{"floor":26.0,"key":"Bag of Preparation"},{"floor":38,"key":"Shovel"},{"floor":39,"key":"Mercury Hourglass"},{"floor":40,"key":"Orichalcum"},{"floor":43,"key":"Gremlin Horn"},{"floor":45,"key":"FossilizedHelix"}],"event_choices":[{"damage_healed":0.0,"max_hp_gain":0.0,"max_hp_loss":0.0,"gold_gain":0.0,"event_name":"Match and Keep!","player_choice":"3 cards matched","floor":2.0,"gold_loss":0.0,"damage_taken":0.0,"cards_obtained":["Neutralize","Corpse Explosion","Backflip"]},{"damage_healed":0.0,"max_hp_gain":0.0,"max_hp_loss":0.0,"gold_gain":0.0,"event_name":"Drug Dealer","player_choice":"Inject Mutagens","floor":20.0,"gold_loss":0.0,"damage_taken":0.0,"relics_obtained":["MutagenicStrength"]},{"damage_healed":0.0,"max_hp_gain":0.0,"max_hp_loss":0.0,"gold_gain":0.0,"event_name":"Colosseum","player_choice":"Fight","floor":22.0,"gold_loss":0.0,"damage_taken":0.0},{"damage_healed":0.0,"max_hp_gain":0.0,"max_hp_loss":0.0,"gold_gain":0.0,"event_name":"Colosseum","player_choice":"Fled From Nobs","floor":22.0,"gold_loss":0.0,"damage_taken":0.0},{"damage_healed":0.0,"max_hp_gain":0.0,"max_hp_loss":0.0,"gold_gain":0.0,"event_name":"Cursed Tome","player_choice":"Ignored","floor":27.0,"gold_loss":0.0,"damage_taken":0.0},{"damage_healed":0,"gold_gain":0,"player_choice":"Fight","damage_taken":0,"max_hp_gain":0,"max_hp_loss":0,"event_name":"MindBloom","floor":38,"gold_loss":0},{"cards_removed":["Strike_G"],"damage_healed":0,"gold_gain":0,"player_choice":"Offered Basic","damage_taken":0,"max_hp_gain":0,"max_hp_loss":0,"event_name":"Bonfire Elementals","floor":47,"gold_loss":0}],"is_beta":false,"boss_relics":[{"not_picked":["Lizard Tail","Calling Bell"],"picked":"Ring of the Serpent"},{"not_picked":["WristBlade","Runic Dome"],"picked":"Black Star"}],"items_purged_floors":[],"is_endless":false,"potions_floor_spawned":[1,5,10,14,16,22,29,33,35,37,41],"ascension_level":0}