{"gold_per_floor":[119,134,149,164,178,213,213,247,303,303,320,354,368,33,33,133,133,147,136,136,150,75,75,100,100,100,100,117,128,128,128,128,232,232,249,275,275,288,114,114,143,143,170,185,85,85,85,100,100,100],"floor_reached":50,"playtime":4182,"items_purged":["Regret","Normality"],"score":927,"play_id":"246a2af5-5a81-40bd-baa4-6a3c44c99705","local_time":"20180701152125","is_ascension_mode":true,"campfire_choices":[{"floor":7,"key":"REST"},{"floor":10,"key":"REST"},{"data":"Footwork","floor":15,"key":"SMITH"},{"floor":23,"key":"REST"},{"floor":25,"key":"REST"},{"data":"Blur","floor":27,"key":"SMITH"},{"floor":32,"key":"REST"},{"floor":40,"key":"REST"},{"data":"A Thousand Cuts","floor":42,"key":"SMITH"},{"floor":47,"key":"REST"},{"floor":49,"key":"REST"}],"neow_cost":"","seed_source_timestamp":0,"circlet_count":0,"master_deck":["Defend_G","Defend_G","Defend_G","Defend_G+1","Defend_G","Strike_G","Strike_G+1","Strike_G","Strike_G","Survivor","Neutralize","PiercingWail","All Out Attack+1","Cloak And Dagger","Escape Plan","Infinite Blades","Footwork+1","Dash","Bandage Up","A Thousand Cuts+1","Setup+1","Footwork+1","Cloak And Dagger+1","Blur+1","Deadly Poison","After Image","Finesse","Infinite Blades+1","Deflect+1"],"special_seed":17713,"relics":["Ring of the Snake","Juzu Bracelet","The Specimen","Tiny Chest","Whetstone","Pantograph","Cursed Key","Oddly Smooth Stone","Happy Flower","Lizard Tail","Lantern","Calipers","Ancient Tea Set","War Paint"],"potions_floor_usage":[6,8,12,16,16,24,28,29,37,48,50],"damage_taken":[{"damage":0,"enemies":"Jaw Worm","floor":1,"turns":7},{"damage":0,"enemies":"Cultist","floor":2,"turns":4},{"damage":0,"enemies":"2 Louse","floor":3,"turns":2},{"damage":8,"enemies":"Gremlin Gang","floor":4,"turns":6},{"damage":3,"enemies":"Blue Slaver","floor":5,"turns":4},{"damage":34,"enemies":"Lagavulin","floor":6,"turns":9},{"damage":20,"enemies":"3 Sentries","floor":8,"turns":7},{"damage":0,"enemies":"Lots of Slimes","floor":11,"turns":2},{"damage":23,"enemies":"Lagavulin","floor":12,"turns":13},{"damage":0,"enemies":"3 Louse","floor":13,"turns":1},{"damage":35,"enemies":"The Guardian","floor":16,"turns":17},{"damage":26,"enemies":"Chosen","floor":18,"turns":8},{"damage":3,"enemies":"2 Thieves","floor":19,"turns":4},{"damage":15,"enemies":"Sentry and Sphere","floor":21,"turns":8},{"damage":29,"enemies":"Book of Stabbing","floor":24,"turns":11},{"damage":14,"enemies":"Slaver and Parasite","floor":28,"turns":8},{"damage":1,"enemies":"Centurion and Healer","floor":29,"turns":7},{"damage":55,"enemies":"Automaton","floor":33,"turns":17},{"damage":22,"enemies":"Flame Bruiser 1 Orb","floor":35,"turns":10},{"damage":14,"floor":37,"turns":11},{"damage":28,"enemies":"3 Darklings","floor":38,"turns":6},{"damage":15,"enemies":"Nemesis","floor":41,"turns":14},{"damage":63,"enemies":"Transient","floor":44,"turns":5},{"damage":11,"enemies":"Sphere and 2 Shapes","floor":48,"turns":4},{"damage":94,"enemies":"Donu and Deca","floor":50,"turns":10}],"seed_played":"-8851648875795215677","potions_obtained":[{"floor":3,"key":"LiquidBronze"},{"floor":5,"key":"Fire Potion"},{"floor":6,"key":"EssenceOfSteel"},{"floor":11,"key":"SkillPotion"},{"floor":12,"key":"EssenceOfSteel"},{"floor":21,"key":"Block Potion"},{"floor":24,"key":"Swift Potion"},{"floor":28,"key":"EssenceOfSteel"},{"floor":33,"key":"FearPotion"},{"floor":41,"key":"SpeedPotion"},{"floor":44,"key":"GamblersBrew"}],"is_trial":false,"path_per_floor":["M","M","M","M","M","E","R","E","T","R","M","E","M","$","R","B",null,"M","M","?","M","?","R","E","R","T","R","M","M","?","?","R","B",null,"M","T","?","M","$","R","E","R","T","M","$","?","R","M","R"],"character_chosen":"THE_SILENT","items_purchased":["Pantograph","Bandage Up","Finesse"],"campfire_rested":8,"item_purchase_floors":[14,14,39],"current_hp_per_floor":[63,63,63,55,52,18,39,19,19,40,40,17,17,17,17,11,55,33,34,34,23,23,44,19,40,40,40,30,33,33,33,54,19,57,39,39,54,30,30,51,40,40,40,20,20,20,41,34,55,0],"gold":100,"neow_bonus":"","is_prod":false,"is_daily":false,"chose_seed":false,"campfire_upgraded":3,"win_rate":0,"timestamp":1530451285,"path_taken":["M","M","M","M","M","E","R","E","T","R","M","E","M","$","R","BOSS","M","M","?","M","?","R","E","R","T","R","M","M","?","?","R","BOSS","M","?","?","M","?","R","E","R","T","M","$","?","R","M","R","BOSS"],"build_version":"2018-06-29","purchased_purges":2,"victory":false,"max_hp_per_floor":[70,70,70,70,70,70,70,70,70,70,70,70,70,70,70,70,70,70,70,70,70,70,70,70,70,70,70,70,70,70,70,70,70,70,70,70,70,70,70,70,70,70,70,70,70,70,70,70,70,70],"card_choices":[{"not_picked":["Slice","Finisher"],"picked":"PiercingWail","floor":1},{"not_picked":["Dagger Spray","Calculated Gamble"],"picked":"All Out Attack","floor":2},{"not_picked":["Prepared","Glass Knife"],"picked":"Cloak And Dagger","floor":3},{"not_picked":["Crippling Poison","Eviscerate"],"picked":"Escape Plan","floor":4},{"not_picked":["PiercingWail","All Out Attack"],"picked":"Infinite Blades","floor":5},{"not_picked":["Choke","Terror","Sucker Punch"],"picked":"SKIP","floor":6},{"not_picked":["Bouncing Flask","Prepared"],"picked":"Footwork","floor":8},{"not_picked":["Slice","Masterful Stab","Cloak And Dagger"],"picked":"SKIP","floor":11},{"not_picked":["Bane","Masterful Stab","Skewer"],"picked":"SKIP","floor":12},{"not_picked":["Bane","Underhanded Strike"],"picked":"Dash","floor":13},{"not_picked":["Die Die Die","Bullet Time"],"picked":"A Thousand Cuts","floor":16},{"not_picked":["Quick Slash","Dagger Spray"],"picked":"Slice","floor":18},{"not_picked":["Escape Plan","Terror"],"picked":"Setup+1","floor":19},{"not_picked":["Outmaneuver+1","Sucker Punch"],"picked":"Cloak And Dagger","floor":21},{"not_picked":["All Out Attack","Flying Knee"],"picked":"Blur","floor":24},{"not_picked":["Outmaneuver+1","A Thousand Cuts"],"picked":"Deadly Poison","floor":28},{"not_picked":["Outmaneuver+1","Finisher","Flying Knee+1"],"picked":"SKIP","floor":29},{"not_picked":["Phantasmal Killer","Doppelganger"],"picked":"After Image","floor":33},{"not_picked":["Dagger Spray","Slice+1","Sucker Punch"],"picked":"SKIP","floor":35},{"not_picked":["Acrobatics","Deadly Poison+1","Poisoned Stab"],"picked":"SKIP","floor":38},{"not_picked":["Backstab+1","Skewer+1"],"picked":"Infinite Blades+1","floor":41},{"not_picked":["Calculated Gamble","Deadly Poison+1"],"picked":"Deflect+1","floor":44},{"not_picked":["Dagger Throw","Choke+1","Outmaneuver"],"picked":"SKIP","floor":48}],"player_experience":547941,"relics_obtained":[{"floor":6,"key":"Juzu Bracelet"},{"floor":8,"key":"The Specimen"},{"floor":9,"key":"Tiny Chest"},{"floor":12,"key":"Whetstone"},{"floor":24,"key":"Oddly Smooth Stone"},{"floor":26,"key":"Happy Flower"},{"floor":36,"key":"Lantern"},{"floor":37,"key":"Calipers"},{"floor":41,"key":"Ancient Tea Set"},{"floor":43,"key":"War Paint"}],"event_choices":[{"event_name":"Duplicator","player_choice":"One dupe","floor":20,"damage_taken":0},{"event_name":"Beggar","player_choice":"Gave Gold","floor":22,"damage_taken":0},{"event_name":"Ghosts","player_choice":"Ignored","floor":30,"damage_taken":0},{"event_name":"Fountain of Cleansing","player_choice":"Removed Curse","floor":31,"damage_taken":0},{"event_name":"MindBloom","player_choice":"Fight","floor":37,"damage_taken":0},{"event_name":"Falling","player_choice":"Removed Attack","floor":46,"damage_taken":0}],"boss_relics":[{"not_picked":["Snecko Eye","Empty Cage"],"picked":"Cursed Key"},{"not_picked":["Runic Dome","Pandora\u0027s Box"],"picked":"Lizard Tail"}],"items_purged_floors":[39,45],"is_endless":false,"potions_floor_spawned":[3,5,6,11,12,21,24,28,33,41,44],"killed_by":"Donu and Deca","ascension_level":8}