{"gold_per_floor":[13,13,13,26,37,62,62,12,12,39,39,15,49,66,66,167,167,177,177,177,192,209,238,90,104,181,181,106,106,106,119,119,119],"floor_reached":33,"playtime":4373,"items_purged":["Writhe"],"score":465,"play_id":"8da8b5b0-0db1-45f7-b841-569926f7e735","local_time":"20190716033356","is_ascension_mode":true,"campfire_choices":[{"data":"Genetic Algorithm","floor":7,"key":"SMITH"},{"floor":11,"key":"REST"},{"data":"Defragment","floor":15,"key":"SMITH"},{"floor":29,"key":"REST"},{"floor":32,"key":"REST"}],"neow_cost":"NO_GOLD","seed_source_timestamp":0,"circlet_count":0,"master_deck":["Strike_B","Strike_B","Defend_B","Defend_B","Defend_B","Zap","Dualcast","Defragment+1","Core Surge","Loop","Genetic Algorithm+1","Conserve Battery","Leap","Turbo","Consume","Reinforced Body","Electrodynamics","Storm+1","RitualDagger","FTL","Turbo","Recycle+1","Capacitor","Ball Lightning","Self Repair","Beam Cell"],"special_seed":0,"relics":["Cracked Core","Unceasing Top","Bottled Flame","Lantern","Ornamental Fan","Sozu","Art of War","Dead Branch","Question Card"],"potions_floor_usage":[10,16,23,25],"damage_taken":[{"damage":2,"enemies":"2 Louse","floor":1,"turns":2},{"damage":0,"enemies":"Small Slimes","floor":4,"turns":3},{"damage":2,"enemies":"Jaw Worm","floor":5,"turns":3},{"damage":15,"enemies":"Lagavulin","floor":6,"turns":7},{"damage":28,"enemies":"Gremlin Nob","floor":10,"turns":5},{"damage":9,"enemies":"Lagavulin","floor":13,"turns":7},{"damage":7,"enemies":"3 Louse","floor":14,"turns":3},{"damage":40,"enemies":"Hexaghost","floor":16,"turns":12},{"damage":17,"enemies":"Spheric Guardian","floor":18,"turns":4},{"damage":18,"enemies":"Chosen","floor":21,"turns":5},{"damage":3,"enemies":"Centurion and Healer","floor":22,"turns":4},{"damage":29,"enemies":"Slavers","floor":23,"turns":4},{"damage":1,"enemies":"Shelled Parasite and Fungi","floor":25,"turns":5},{"damage":0,"enemies":"Chosen and Byrds","floor":31,"turns":3},{"damage":53,"enemies":"Champ","floor":33,"turns":8}],"seed_played":"-6046679788225442835","potions_obtained":[{"floor":1,"key":"Energy Potion"},{"floor":4,"key":"EssenceOfSteel"},{"floor":10,"key":"PowerPotion"},{"floor":13,"key":"Energy Potion"},{"floor":16,"key":"Explosive Potion"}],"is_trial":false,"path_per_floor":["M","?","?","M","M","E","R","?","T","E","R","$","E","M","R","B",null,"M","?","?","M","M","E","$","M","T","?","$","R","?","M","R","B"],"character_chosen":"DEFECT","items_purchased":["Turbo","Capacitor","Self Repair"],"campfire_rested":3,"item_purchase_floors":[12,24,28],"current_hp_per_floor":[87,87,80,80,78,63,63,63,63,35,61,61,52,45,45,5,89,72,66,66,48,45,16,16,15,15,15,15,41,24,24,52,0],"gold":119,"neow_bonus":"TWENTY_PERCENT_HP_BONUS","is_prod":false,"is_daily":false,"chose_seed":false,"campfire_upgraded":2,"win_rate":0,"timestamp":1563266036,"path_taken":["M","?","?","M","M","E","R","?","T","E","R","?","E","M","R","BOSS","M","?","?","M","M","E","$","M","T","?","$","R","?","?","R","BOSS"],"build_version":"2019-07-05","purchased_purges":1,"victory":false,"max_hp_per_floor":[89,89,89,89,89,89,89,89,89,89,89,89,89,89,89,89,89,89,89,89,89,89,89,89,89,89,89,89,89,94,94,94,94],"card_choices":[{"not_picked":["Tempest","Doom and Gloom"],"picked":"Defragment","floor":1},{"not_picked":["Coolheaded","Compile Driver"],"picked":"Loop","floor":4},{"not_picked":["Go for the Eyes","Leap"],"picked":"Genetic Algorithm","floor":5},{"not_picked":["Undo","Force Field"],"picked":"Conserve Battery","floor":6},{"not_picked":["Redo","Echo Form"],"picked":"Leap","floor":10},{"not_picked":["Beam Cell","Gash"],"picked":"Consume","floor":13},{"not_picked":["Glacier","Turbo"],"picked":"Reinforced Body","floor":14},{"not_picked":["Meteor Strike","Biased Cognition"],"picked":"Electrodynamics","floor":16},{"not_picked":["White Noise","Rebound"],"picked":"Storm+1","floor":18},{"not_picked":["Chill","Barrage"],"picked":"FTL","floor":21},{"not_picked":["Barrage","Ball Lightning"],"picked":"Turbo","floor":22},{"not_picked":["Amplify","Consume"],"picked":"Recycle+1","floor":23},{"not_picked":["Aggregate","Gash"],"picked":"Ball Lightning","floor":25},{"not_picked":["Sweeping Beam+1","Hologram","Ball Lightning"],"picked":"Beam Cell","floor":31}],"player_experience":362738,"relics_obtained":[{"floor":6,"key":"Unceasing Top"},{"floor":9,"key":"Bottled Flame"},{"floor":10,"key":"Lantern"},{"floor":13,"key":"Ornamental Fan"},{"floor":23,"key":"Dead Branch"},{"floor":26,"key":"Question Card"}],"event_choices":[{"damage_healed":0,"gold_gain":0,"cards_transformed":["Strike_B"],"player_choice":"Change","damage_taken":0,"max_hp_gain":0,"max_hp_loss":0,"event_name":"Living Wall","floor":2,"gold_loss":0,"cards_obtained":["Core Surge"]},{"cards_removed":["Strike_B"],"damage_healed":0,"gold_gain":0,"player_choice":"Card Removal","damage_taken":7,"max_hp_gain":0,"max_hp_loss":0,"event_name":"Golden Wing","floor":3,"gold_loss":0},{"cards_removed":["Defend_B"],"damage_healed":0,"gold_gain":0,"player_choice":"Card Removal","damage_taken":0,"max_hp_gain":0,"max_hp_loss":0,"event_name":"The Cleric","floor":8,"gold_loss":50},{"damage_healed":0,"gold_gain":0,"player_choice":"Joined the Cult","damage_taken":6,"max_hp_gain":0,"max_hp_loss":0,"event_name":"Nest","floor":19,"gold_loss":0,"cards_obtained":["RitualDagger"]},{"damage_healed":0,"gold_gain":0,"player_choice":"Opened","damage_taken":0,"relics_obtained":["Art of War"],"max_hp_gain":0,"max_hp_loss":0,"event_name":"The Mausoleum","floor":20,"gold_loss":0,"cards_obtained":["Writhe"]},{"damage_healed":0,"gold_gain":0,"player_choice":"Ignored","damage_taken":0,"max_hp_gain":0,"max_hp_loss":0,"event_name":"Ghosts","floor":27,"gold_loss":0},{"damage_healed":0,"gold_gain":0,"player_choice":"Shed Blood","damage_taken":22,"max_hp_gain":5,"max_hp_loss":0,"event_name":"Forgotten Altar","floor":30,"gold_loss":0}],"is_beta":false,"boss_relics":[{"not_picked":["Coffee Dripper","Eternal Feather"],"picked":"Sozu"}],"items_purged_floors":[24],"is_endless":false,"potions_floor_spawned":[1,4,10,13,16,21,22,23,25],"killed_by":"Champ","ascension_level":3}