{"gold_per_floor":[113,113,113,130,146,146,161,86,86,98,98,109,69,69,69,170,170,190,2,19,19,19,19,48,48,48,83,83,83,83,94,94,196,196,207,225,100,116,116,116,130,130,130,130,147,162,178,178,178,178],"floor_reached":51,"playtime":1382,"items_purged":["Strike_R","Strike_R","Strike_R"],"score":752,"play_id":"0a23cb34-f116-4669-b5b3-2af375523e69","local_time":"20190719223901","is_ascension_mode":false,"campfire_choices":[{"floor":6.0,"key":"DIG"},{"floor":11.0,"key":"DIG"},{"data":"Body Slam","floor":15.0,"key":"SMITH"},{"floor":23.0,"key":"DIG"},{"floor":25.0,"key":"DIG"},{"floor":28.0,"key":"DIG"},{"floor":29.0,"key":"DIG"},{"floor":30.0,"key":"DIG"},{"floor":32.0,"key":"DIG"},{"floor":40.0,"key":"DIG"},{"floor":42.0,"key":"DIG"},{"floor":49,"key":"DIG"}],"neow_cost":"PERCENT_DAMAGE","seed_source_timestamp":6549642736200,"circlet_count":0,"master_deck":["Defend_R","Defend_R","Defend_R","Defend_R","Bash","Body Slam+1","Flame Barrier+1","Flame Barrier+1","Battle Trance+1","Blind+1","Shrug It Off+1","Shrug It Off+1","Juggernaut","Body Slam+1","Metallicize+1"],"special_seed":0,"relics":["Burning Blood","Shovel","Toxic Egg 2","Darkstone Periapt","Champion Belt","Sozu","Red Skull","WingedGreaves","Blood Vial","Singing Bowl","Anchor","Meat on the Bone","Paper Frog","Pantograph","Shuriken","Busted Crown","Potion Belt","Ornamental Fan","Frozen Egg 2","Gremlin Horn"],"potions_floor_usage":[],"damage_taken":[{"damage":1.0,"enemies":"2 Louse","floor":1.0,"turns":3.0},{"damage":9.0,"enemies":"Small Slimes","floor":4.0,"turns":4.0},{"damage":6.0,"enemies":"Jaw Worm","floor":5.0,"turns":3.0},{"damage":15.0,"enemies":"Looter","floor":7.0,"turns":3.0},{"damage":3.0,"enemies":"Red Slaver","floor":10.0,"turns":5.0},{"damage":7.0,"enemies":"2 Fungi Beasts","floor":12.0,"turns":4.0},{"damage":6.0,"enemies":"The Guardian","floor":16.0,"turns":13.0},{"damage":2.0,"enemies":"2 Thieves","floor":18.0,"turns":4.0},{"damage":0.0,"enemies":"Chosen","floor":20.0,"turns":3.0},{"damage":17.0,"enemies":"Gremlin Leader","floor":24.0,"turns":7.0},{"damage":0.0,"enemies":"Book of Stabbing","floor":27.0,"turns":5.0},{"damage":0.0,"enemies":"Centurion and Healer","floor":31.0,"turns":5.0},{"damage":19.0,"enemies":"Collector","floor":33.0,"turns":12.0},{"damage":0.0,"enemies":"3 Darklings","floor":35.0,"turns":5.0},{"damage":0.0,"enemies":"3 Shapes","floor":36.0,"turns":6.0},{"damage":0.0,"enemies":"Maw","floor":38.0,"turns":7.0},{"damage":0.0,"enemies":"Transient","floor":41.0,"turns":5.0},{"damage":0,"enemies":"Writhing Mass","floor":45,"turns":4},{"damage":0,"enemies":"Jaw Worm Horde","floor":46,"turns":4},{"damage":0,"enemies":"Sphere and 2 Shapes","floor":47,"turns":3},{"damage":0,"enemies":"Time Eater","floor":50,"turns":10}],"seed_played":"1788671565351831200","potions_obtained":[{"floor":1.0,"key":"Block Potion"},{"floor":10.0,"key":"FearPotion"}],"is_trial":false,"path_per_floor":["M","?","$","M","M","R","M","$","T","M","R","M","$","?","R","B",null,"M","$","M","?","$","R","E","R","T","E","R","R","R","M","R","B",null,"M","M","$","M","?","R","M","R","T","$","M","M","M","?","R","B",null],"character_chosen":"IRONCLAD","items_purchased":["Battle Trance+1","Blind+1"],"campfire_rested":0,"item_purchase_floors":[13,19],"current_hp_per_floor":[61,66,66,63,63,63,54,54,54,57,57,56,56,49,49,49,85,85,85,85,85,85,85,74,74,74,84,84,84,84,87,87,74,87,87,89,89,91,91,91,93,93,93,93,95,97,97,92,92,92],"gold":178,"neow_bonus":"ONE_RARE_RELIC","is_prod":false,"is_daily":false,"chose_seed":false,"campfire_upgraded":1,"win_rate":0,"timestamp":1563565141,"path_taken":["M","?","$","M","M","R","M","$","T","M","R","M","$","?","R","BOSS","M","$","M","?","$","R","E","R","T","E","R","R","R","M","R","BOSS","M","M","$","M","?","R","M","R","T","$","M","M","M","?","R","BOSS"],"build_version":"2019-07-18","purchased_purges":3,"victory":true,"max_hp_per_floor":[80,85,85,85,85,85,85,85,85,85,85,85,85,85,85,85,85,85,85,85,85,85,85,85,85,85,87,87,87,87,87,87,87,87,87,89,89,91,91,91,93,93,93,93,95,97,97,92,92,92],"card_choices":[{"not_picked":["Infernal Blade","Armaments","Havoc"],"picked":"SKIP","floor":1.0},{"not_picked":["Iron Wave","Evolve"],"picked":"Body Slam","floor":4.0},{"not_picked":["Cleave","Fiend Fire","Sword Boomerang"],"picked":"SKIP","floor":5.0},{"not_picked":["Iron Wave","Flex+1"],"picked":"Flame Barrier+1","floor":7.0},{"not_picked":["Anger","Cleave","Combust"],"picked":"SKIP","floor":10.0},{"not_picked":["Infernal Blade+1","Rage+1"],"picked":"Flame Barrier+1","floor":12.0},{"not_picked":["Inflame","Warcry+1","Clothesline"],"picked":"SKIP","floor":18.0},{"not_picked":["Pommel Strike","Hemokinesis","Havoc+1"],"picked":"SKIP","floor":20.0},{"not_picked":["Clash+1","Offering+1","Blood for Blood+1"],"picked":"SKIP","floor":24.0},{"not_picked":["Dropkick","Heavy Blade","Inflame"],"picked":"Singing Bowl","floor":27.0},{"not_picked":["Hemokinesis","Pummel"],"picked":"Shrug It Off+1","floor":31.0},{"not_picked":["Limit Break+1","Feed"],"picked":"Juggernaut","floor":33.0},{"not_picked":[],"picked":"Body Slam+1","floor":35.0},{"not_picked":["Shockwave+1"],"picked":"Singing Bowl","floor":36.0},{"not_picked":["Carnage"],"picked":"Singing Bowl","floor":38.0},{"not_picked":["Second Wind+1"],"picked":"Singing Bowl","floor":41.0},{"not_picked":["Thunderclap"],"picked":"Singing Bowl","floor":45},{"not_picked":["Whirlwind"],"picked":"Singing Bowl","floor":46},{"not_picked":[],"picked":"Metallicize+1","floor":47}],"player_experience":187560,"relics_obtained":[{"floor":6.0,"key":"Toxic Egg 2"},{"floor":9.0,"key":"Darkstone Periapt"},{"floor":11.0,"key":"Champion Belt"},{"floor":23.0,"key":"Red Skull"},{"floor":24.0,"key":"WingedGreaves"},{"floor":25.0,"key":"Blood Vial"},{"floor":26.0,"key":"Singing Bowl"},{"floor":27.0,"key":"Anchor"},{"floor":28.0,"key":"Meat on the Bone"},{"floor":29.0,"key":"Paper Frog"},{"floor":30.0,"key":"Pantograph"},{"floor":32.0,"key":"Shuriken"},{"floor":40.0,"key":"Potion Belt"},{"floor":42.0,"key":"Ornamental Fan"},{"floor":43,"key":"Frozen Egg 2"},{"floor":49,"key":"Gremlin Horn"}],"event_choices":[{"damage_healed":0.0,"max_hp_gain":5.0,"max_hp_loss":0.0,"gold_gain":0.0,"event_name":"Big Fish","player_choice":"Donut","floor":2.0,"gold_loss":0.0,"damage_taken":0.0},{"cards_removed":["Strike_R"],"damage_healed":0.0,"max_hp_gain":0.0,"max_hp_loss":0.0,"gold_gain":0.0,"event_name":"Golden Wing","player_choice":"Card Removal","floor":14.0,"gold_loss":0.0,"damage_taken":7.0},{"damage_healed":0.0,"max_hp_gain":0.0,"max_hp_loss":0.0,"gold_gain":0.0,"event_name":"The Library","player_choice":"Read","floor":21.0,"gold_loss":0.0,"damage_taken":0.0,"cards_obtained":["Shrug It Off"]},{"cards_removed":["Strike_R"],"damage_healed":0.0,"max_hp_gain":0.0,"max_hp_loss":0.0,"gold_gain":0.0,"event_name":"Falling","player_choice":"Removed Attack","floor":39.0,"gold_loss":0.0,"damage_taken":0.0},{"damage_healed":0,"gold_gain":0,"player_choice":"Max HP","damage_taken":0,"max_hp_gain":0,"max_hp_loss":5,"event_name":"Winding Halls","floor":48,"gold_loss":0}],"is_beta":true,"boss_relics":[{"not_picked":["Astrolabe","Cursed Key"],"picked":"Sozu"},{"not_picked":["Velvet Choker","Orrery"],"picked":"Busted Crown"}],"items_purged_floors":[8,19,37],"is_endless":false,"potions_floor_spawned":[1,10,18,20,33,36,38,41,47],"ascension_level":0}