{"path_per_floor":["M","M","M","M","M","R","$","R","T","M","$","?","E","M","R","B",null,"M","$","M","?","T","R","E","M","T","$","R","M","R","M","R","B",null,"M","?","?","$","M","E","R","$","T","M","R","?","M","M","R","B"],"character_chosen":"THE_SILENT","items_purchased":["Blur","Bane","Ice Cream","Expertise"],"gold_per_floor":[109,120,133,147,162,162,7,7,307,320,172,172,198,209,209,305,305,315,4,14,14,68,68,93,106,106,106,106,117,117,130,130,235,235,255,255,255,130,150,179,179,31,58,78,78,78,89,108,108,108],"floor_reached":51,"campfire_rested":1,"playtime":6504,"current_hp_per_floor":[63,63,61,61,63,63,63,63,63,63,63,45,45,45,45,42,63,58,58,58,58,58,58,50,52,52,52,52,54,54,56,56,58,63,63,63,63,63,63,43,43,43,43,45,45,45,47,49,63,58],"items_purged":["Defend_G","Strike_G","Defend_G","Injury"],"gold":108,"score":574,"play_id":"7e6d310a-05bb-4c8b-acf5-20d8f06fe892","is_prod":false,"is_daily":false,"is_ascension_mode":false,"campfire_upgraded":9,"path_taken":["M","M","M","M","M","R","$","R","T","M","$","?","E","M","R","BOSS","M","$","M","?","?","R","E","M","T","$","R","?","R","M","R","BOSS","M","?","?","$","M","E","R","$","T","M","R","?","?","M","R","BOSS"],"build_version":"2018-02-05-BETA1","purchased_purges":4,"victory":true,"master_deck":["Defend_G","Defend_G","Strike_G","Strike_G","Survivor","Neutralize+1","Cloak And Dagger","Backflip","Noxious Fumes+1","Footwork+1","Well Laid Plans","Blur+1","Acrobatics+1","Bane","Bullet Time+1","Predator+1","Tactician+1","Dagger Throw+1","Leg Sweep","Calculated Gamble","Dagger Spray+1","Wraith Form","Bullet Time+1","Prepared+1","Expertise+1"],"max_hp_per_floor":[63,63,63,63,63,63,63,63,63,63,63,63,63,63,63,63,63,63,63,63,63,63,63,63,63,63,63,63,63,63,63,63,63,63,63,63,63,63,63,63,63,63,63,63,63,63,63,63,63,63],"relics":["Ring of the Snake","Old Coin","Paper Crane","Lantern","Sozu","Ice Cream","Ancient Tea Set","Blood Vial","Mercury Hourglass","Black Star","The Courier","Darkstone Periapt","Oddly Smooth Stone"],"card_choices":[{"not_picked":["Riddle With Holes","Dodge and Roll"],"picked":"Cloak And Dagger"},{"not_picked":["Quick Slash","Deflect"],"picked":"Backflip"},{"not_picked":["Catalyst","Grand Finale"],"picked":"Noxious Fumes"},{"not_picked":["Underhanded Strike","Acrobatics"],"picked":"Footwork"},{"not_picked":["Masterful Stab","Quick Slash"],"picked":"Well Laid Plans"},{"not_picked":["Quick Slash","Deadly Poison"],"picked":"Acrobatics"},{"not_picked":["Bane","Leg Sweep"],"picked":"Bullet Time"},{"not_picked":["Skewer","Well Laid Plans"],"picked":"Predator"},{"not_picked":["Grand Finale","Night Terror"],"picked":"Tactician"},{"not_picked":["Dodge and Roll","Prepared"],"picked":"Dagger Throw"},{"not_picked":["Riddle With Holes","Sucker Punch"],"picked":"Leg Sweep"},{"not_picked":["Dodge and Roll","Riddle With Holes"],"picked":"Calculated Gamble"},{"not_picked":["Flying Knee","Reflex"],"picked":"Dagger Spray"},{"not_picked":["Burst","Bullet Time"],"picked":"Wraith Form"},{"not_picked":["Crippling Poison","Endless Agony"],"picked":"Prepared"}],"player_experience":251737,"potions_floor_usage":[5,16,16,16],"damage_taken":[{"damage":0,"enemies":"Small Slimes","floor":1,"turns":4},{"damage":0,"enemies":"2 Louse","floor":2,"turns":3},{"damage":2,"enemies":"Blue Slaver","floor":3,"turns":5},{"damage":0,"enemies":"Exordium Wildlife","floor":4,"turns":5},{"damage":11,"enemies":"Exordium Thugs","floor":5,"turns":8},{"damage":0,"enemies":"Red Slaver","floor":10,"turns":4},{"damage":0,"enemies":"3 Sentries","floor":13,"turns":9},{"damage":0,"enemies":"Large Slime","floor":14,"turns":6},{"damage":18,"enemies":"Slime Boss","floor":16,"turns":10},{"damage":5,"enemies":"2 Thieves","floor":18,"turns":5},{"damage":0,"enemies":"Shell Parasite","floor":20,"turns":4},{"damage":8,"enemies":"Gremlin Leader","floor":24,"turns":7},{"damage":0,"enemies":"Snake Plant","floor":25,"turns":5},{"damage":0,"enemies":"Cultist and Chosen","floor":29,"turns":6},{"damage":0,"enemies":"Centurion and Healer","floor":31,"turns":4},{"damage":0,"enemies":"Collector","floor":33,"turns":8},{"damage":0,"enemies":"3 Darklings","floor":35,"turns":5},{"damage":0,"enemies":"Orb Walker","floor":39,"turns":3},{"damage":20,"enemies":"Nemesis","floor":40,"turns":10},{"damage":0,"enemies":"Maw","floor":44,"turns":6},{"damage":0,"enemies":"3 Darklings","floor":47,"turns":3},{"damage":0,"enemies":"Spire Growth","floor":48,"turns":3},{"damage":5,"enemies":"Awakened One","floor":50,"turns":11}],"event_choices":[{"event_name":"Scrap Ooze","player_choice":"success","floor":12,"damage_taken":18},{"event_name":"Accursed Blacksmith","player_choice":"Forge","floor":21,"damage_taken":0},{"event_name":"Tomb of Lord Red Mask","player_choice":"Ignored","floor":36,"damage_taken":0},{"event_name":"Duplicator","player_choice":"One dupe","floor":37,"damage_taken":0}],"boss_relics":[{"not_picked":["Ectoplasm","Pandora\u0027s Box"],"picked":"Sozu"},{"not_picked":["Tiny House","Orrery"],"picked":"Black Star"}],"potions_floor_spawned":[1,3,5,14,24,31,33,35,40],"seed_played":"-2130829249468401606","ascension_level":0,"is_trial":false}