{"gold_per_floor":[117,133,60,60,9,44,63,63,63,63,78,78,88,102,102,205,205,218,235,160,174,191,226,226,237,263,263,274,274,274,159,159,260,260,274,274,286,286,299,327,337,337,337,348,35,51,51,63,63,63],"floor_reached":51,"playtime":2871,"items_purged":["Strike_B","Normality"],"score":678,"play_id":"81c185f0-a7d3-46b8-b2b9-68cb7663f8e7","local_time":"20190218210949","is_ascension_mode":false,"campfire_choices":[{"data":"Zap","floor":8.0,"key":"SMITH"},{"data":"Go for the Eyes","floor":12.0,"key":"SMITH"},{"data":"Hologram","floor":15.0,"key":"SMITH"},{"floor":24.0,"key":"REST"},{"floor":29.0,"key":"REST"},{"floor":32.0,"key":"RECALL"},{"floor":42,"key":"REST"},{"floor":49,"key":"REST"}],"neow_cost":"TEN_PERCENT_HP_LOSS","seed_source_timestamp":246288847162880,"circlet_count":0,"master_deck":["Strike_B","Strike_B","Strike_B","Defend_B","Defend_B","Defend_B","Defend_B","Zap+1","Dualcast","Gash","Beam Cell","Steam","Go for the Eyes+1","Gash","Conserve Battery","Auto Shields","Hologram+1","Echo Form","Gash+1","Self Repair+1","Core Surge","Self Repair","FTL","BootSequence","All For One","Leap","Seek","Fusion","Good Instincts","Violence","Madness","Madness"],"special_seed":0,"relics":["Cracked Core","Unceasing Top","Gremlin Horn","Darkstone Periapt","Fusion Hammer","Potion Belt","Smiling Mask","MutagenicStrength","Cursed Key","Meat on the Bone","Shuriken"],"potions_floor_usage":[33,44,50],"damage_taken":[{"damage":2.0,"enemies":"Jaw Worm","floor":1.0,"turns":4.0},{"damage":0.0,"enemies":"Cultist","floor":2.0,"turns":3.0},{"damage":8.0,"enemies":"Lagavulin","floor":6.0,"turns":3.0},{"damage":2.0,"enemies":"2 Louse","floor":7.0,"turns":2.0},{"damage":8.0,"enemies":"Red Slaver","floor":11.0,"turns":3.0},{"damage":0.0,"enemies":"2 Fungi Beasts","floor":13.0,"turns":3.0},{"damage":0.0,"enemies":"Looter","floor":14.0,"turns":3.0},{"damage":18.0,"enemies":"Hexaghost","floor":16.0,"turns":11.0},{"damage":16.0,"enemies":"Chosen","floor":18.0,"turns":7.0},{"damage":0.0,"enemies":"3 Byrds","floor":19.0,"turns":4.0},{"damage":16.0,"enemies":"Shelled Parasite and Fungi","floor":21.0,"turns":5.0},{"damage":9.0,"enemies":"3 Cultists","floor":22.0,"turns":4.0},{"damage":12.0,"enemies":"Book of Stabbing","floor":23.0,"turns":4.0},{"damage":5.0,"enemies":"Centurion and Healer","floor":25.0,"turns":4.0},{"damage":17.0,"enemies":"Cultist and Chosen","floor":28.0,"turns":5.0},{"damage":15.0,"enemies":"Colosseum Slavers","floor":30.0,"turns":4.0},{"damage":13,"enemies":"Champ","floor":33,"turns":8},{"damage":30,"enemies":"3 Darklings","floor":35,"turns":5},{"damage":5,"enemies":"Orb Walker","floor":37,"turns":4},{"damage":6,"enemies":"Writhing Mass","floor":39,"turns":7},{"damage":42,"enemies":"Nemesis","floor":40,"turns":7},{"damage":0,"enemies":"Jaw Worm Horde","floor":41,"turns":3},{"damage":24,"enemies":"Sphere and 2 Shapes","floor":44,"turns":5},{"damage":10,"enemies":"4 Shapes","floor":46,"turns":3},{"damage":0,"enemies":"Spire Growth","floor":48,"turns":2},{"damage":31,"enemies":"Awakened One","floor":50,"turns":7}],"seed_played":"-607128569416499549","potions_obtained":[{"floor":1.0,"key":"FearPotion"},{"floor":2.0,"key":"AttackPotion"},{"floor":14.0,"key":"Block Potion"},{"floor":16.0,"key":"Weak Potion"},{"floor":19.0,"key":"AttackPotion"},{"floor":21.0,"key":"FearPotion"},{"floor":22.0,"key":"Strength Potion"},{"floor":28.0,"key":"PowerPotion"},{"floor":41,"key":"AttackPotion"},{"floor":48,"key":"Ancient Potion"}],"is_trial":false,"path_per_floor":["M","M","$","?","$","E","M","R","T","$","M","R","M","M","R","B",null,"M","M","$","M","M","E","R","M","T","?","M","R","?","$","R","B",null,"M","$","M","?","M","E","M","R","T","M","$","M","?","M","R","B",null],"character_chosen":"DEFECT","items_purchased":["Beam Cell","Steam","Go for the Eyes","FTL","BootSequence","Good Instincts","Violence"],"campfire_rested":4,"item_purchase_floors":[3,3,5,31,31,45,45],"current_hp_per_floor":[66,66,66,66,66,58,56,56,56,56,48,48,48,48,48,30,68,52,52,52,36,27,15,35,40,40,40,33,53,55,55,55,59,68,65,65,67,67,68,53,68,68,74,67,67,74,65,65,74,60],"gold":63,"neow_bonus":"ONE_RARE_RELIC","is_prod":false,"is_daily":false,"chose_seed":true,"campfire_upgraded":3,"win_rate":0,"timestamp":1550516989,"path_taken":["M","M","$","?","$","E","M","R","T","?","M","R","M","M","R","BOSS","M","M","$","M","M","E","R","M","T","?","M","R","?","$","R","BOSS","M","$","M","?","M","E","?","R","T","M","$","M","?","M","R","BOSS"],"build_version":"2019-01-23","purchased_purges":2,"victory":true,"max_hp_per_floor":[68,68,68,68,68,68,68,68,68,68,68,68,68,68,68,68,68,68,68,68,68,68,68,68,68,68,68,68,68,68,68,68,68,68,68,68,68,68,68,68,68,68,74,74,74,74,74,74,74,74],"card_choices":[{"not_picked":["Double Energy","Ball Lightning","Coolheaded"],"picked":"SKIP","floor":1.0},{"not_picked":["Leap","Coolheaded"],"picked":"Gash","floor":2.0},{"not_picked":["Fusion","Chaos"],"picked":"Gash","floor":6.0},{"not_picked":["Capacitor","Reinforced Body"],"picked":"Conserve Battery","floor":7.0},{"not_picked":["Rip and Tear","Cold Snap","Ball Lightning"],"picked":"SKIP","floor":11.0},{"not_picked":["Defragment","Ball Lightning"],"picked":"Auto Shields","floor":13.0},{"not_picked":["BootSequence","Ball Lightning"],"picked":"Hologram","floor":14.0},{"not_picked":["Buffer","Meteor Strike"],"picked":"Echo Form","floor":16.0},{"not_picked":["Sunder","Barrage"],"picked":"Gash+1","floor":18.0},{"not_picked":["Beam Cell","Blizzard","Rip and Tear"],"picked":"SKIP","floor":19.0},{"not_picked":["Leap","Sweeping Beam","Rebound"],"picked":"SKIP","floor":21.0},{"not_picked":["Heatsinks","Hologram","Sweeping Beam"],"picked":"SKIP","floor":22.0},{"not_picked":["Scrape","Hello World"],"picked":"Self Repair+1","floor":23.0},{"not_picked":["Compile Driver","Rebound"],"picked":"Core Surge","floor":25.0},{"not_picked":["Ball Lightning","Scrape"],"picked":"Self Repair","floor":28.0},{"not_picked":["Buffer","Reboot"],"picked":"All For One","floor":33},{"not_picked":["Ball Lightning","Genetic Algorithm+1"],"picked":"Leap","floor":35},{"not_picked":["Aggregate","Steam","Compile Driver"],"picked":"SKIP","floor":37},{"not_picked":["Sweeping Beam+1","Consume+1","Hologram"],"picked":"SKIP","floor":39},{"not_picked":["Undo","Aggregate","Ball Lightning+1"],"picked":"SKIP","floor":40},{"not_picked":["Conserve Battery","Compile Driver"],"picked":"Seek","floor":41},{"not_picked":["Conserve Battery+1","Ball Lightning+1"],"picked":"Fusion","floor":44},{"not_picked":["Leap+1","Steam Power","Cold Snap"],"picked":"SKIP","floor":46},{"not_picked":["Steam","Rebound+1","Steam Power"],"picked":"SKIP","floor":48}],"player_experience":586514,"relics_obtained":[{"floor":6.0,"key":"Gremlin Horn"},{"floor":9.0,"key":"Darkstone Periapt"},{"floor":23.0,"key":"Potion Belt"},{"floor":26.0,"key":"Smiling Mask"},{"floor":40,"key":"Meat on the Bone"},{"floor":43,"key":"Shuriken"}],"event_choices":[{"damage_healed":0.0,"max_hp_gain":0.0,"max_hp_loss":0.0,"gold_gain":0.0,"event_name":"NoteForYourself","player_choice":"Ignored","floor":4.0,"gold_loss":0.0,"damage_taken":0.0},{"damage_healed":0.0,"max_hp_gain":0.0,"max_hp_loss":0.0,"gold_gain":0.0,"event_name":"Drug Dealer","player_choice":"Inject Mutagens","floor":27.0,"gold_loss":0.0,"damage_taken":0.0,"relics_obtained":["MutagenicStrength"]},{"damage_healed":0.0,"max_hp_gain":0.0,"max_hp_loss":0.0,"gold_gain":0.0,"event_name":"Colosseum","player_choice":"Fight","floor":30.0,"gold_loss":0.0,"damage_taken":0.0},{"damage_healed":0.0,"max_hp_gain":0.0,"max_hp_loss":0.0,"gold_gain":0.0,"event_name":"Colosseum","player_choice":"Fled From Nobs","floor":30.0,"gold_loss":0.0,"damage_taken":0.0},{"damage_healed":0,"gold_gain":0,"player_choice":"Ignored","damage_taken":0,"max_hp_gain":0,"max_hp_loss":0,"event_name":"WeMeetAgain","floor":38,"gold_loss":0},{"damage_healed":0,"gold_gain":0,"player_choice":"Embrace Madness","damage_taken":9,"max_hp_gain":0,"max_hp_loss":0,"event_name":"Winding Halls","floor":47,"gold_loss":0,"cards_obtained":["Madness","Madness"]}],"is_beta":false,"boss_relics":[{"not_picked":["Astrolabe","Pandora\u0027s Box"],"picked":"Fusion Hammer"},{"not_picked":["Sozu","Eternal Feather"],"picked":"Cursed Key"}],"items_purged_floors":[20,45],"is_endless":false,"potions_floor_spawned":[1,2,14,16,19,21,22,28,30,41,48],"ascension_level":0}