{"gold_per_floor":[119,133,145,145,163,163,189,189,189,189,154,154,174,199,199,304,304,320,331,331,349,190,200,214,214,214,214,83,95,46,66,66,168,168,188,164,164,219,238,238,253,253,253,253,79,79,96,110,110,110],"floor_reached":50,"playtime":1803,"items_purged":["Strike_R"],"score":529,"play_id":"35569347-1d79-4307-87ab-1c99108d74d5","local_time":"20181120044845","is_ascension_mode":false,"campfire_choices":[{"data":"Demon Form","floor":6.0,"key":"SMITH"},{"data":"Limit Break","floor":8.0,"key":"SMITH"},{"floor":12.0,"key":"DIG"},{"floor":15.0,"key":"DIG"},{"floor":25.0,"key":"REST"},{"floor":27.0,"key":"DIG"},{"floor":32.0,"key":"REST"},{"floor":40.0,"key":"DIG"},{"floor":44,"key":"REST"},{"floor":49,"key":"REST"}],"neow_cost":"NONE","seed_source_timestamp":15525532173992,"circlet_count":0,"master_deck":["Strike_R","Strike_R","Strike_R","Strike_R","Defend_R","Defend_R+1","Defend_R","Defend_R","Bash","Demon Form+1","Ghostly Armor","Limit Break+1","Shrug It Off+1","Feed+1","Ghostly Armor","Shrug It Off","Shrug It Off+1","Feed+1","Juggernaut","Body Slam+1","Flame Barrier","Heavy Blade+1","Writhe"],"special_seed":0,"relics":["Burning Blood","Shovel","Molten Egg 2","Singing Bowl","Smiling Mask","Letter Opener","Sozu","FossilizedHelix","Nunchaku","Busted Crown","Ginger","Gremlin Horn","Toxic Egg 2","War Paint"],"potions_floor_usage":[],"damage_taken":[{"damage":12.0,"enemies":"Small Slimes","floor":1.0,"turns":3.0},{"damage":6.0,"enemies":"Cultist","floor":2.0,"turns":3.0},{"damage":7.0,"enemies":"2 Louse","floor":3.0,"turns":4.0},{"damage":6.0,"enemies":"2 Fungi Beasts","floor":5.0,"turns":4.0},{"damage":21.0,"enemies":"Lagavulin","floor":7.0,"turns":7.0},{"damage":8.0,"enemies":"Exordium Wildlife","floor":13.0,"turns":4.0},{"damage":36.0,"enemies":"3 Sentries","floor":14.0,"turns":8.0},{"damage":48.0,"enemies":"The Guardian","floor":16.0,"turns":9.0},{"damage":14.0,"enemies":"Shell Parasite","floor":18.0,"turns":6.0},{"damage":11.0,"enemies":"Chosen","floor":19.0,"turns":6.0},{"damage":29.0,"enemies":"Colosseum Slavers","floor":20.0,"turns":5.0},{"damage":28.0,"enemies":"Shelled Parasite and Fungi","floor":21.0,"turns":7.0},{"damage":33.0,"enemies":"Centurion and Healer","floor":23.0,"turns":8.0},{"damage":0.0,"enemies":"Snecko","floor":24.0,"turns":5.0},{"damage":24.0,"enemies":"Snake Plant","floor":29.0,"turns":7.0},{"damage":5.0,"enemies":"3 Cultists","floor":31.0,"turns":7.0},{"damage":48.0,"enemies":"Automaton","floor":33.0,"turns":9.0},{"damage":64.0,"enemies":"3 Darklings","floor":35.0,"turns":11.0},{"damage":32.0,"enemies":"2 Orb Walkers","floor":38.0,"turns":5.0},{"damage":0.0,"enemies":"3 Shapes","floor":39.0,"turns":6.0},{"damage":50,"enemies":"Writhing Mass","floor":41,"turns":6},{"damage":70,"enemies":"Transient","floor":47,"turns":5},{"damage":2,"enemies":"Jaw Worm Horde","floor":48,"turns":6},{"damage":87,"enemies":"Donu and Deca","floor":50,"turns":6}],"seed_played":"-2157398418988831925","potions_obtained":[{"floor":5.0,"key":"Energy Potion"},{"floor":7.0,"key":"PowerPotion"},{"floor":16.0,"key":"SpeedPotion"}],"is_trial":false,"path_per_floor":["M","M","M","?","M","R","E","R","T","$","?","R","M","E","R","B",null,"M","M","?","M","$","M","M","R","T","R","$","M","$","M","R","B",null,"M","$","?","?","M","R","M","?","T","R","$","?","M","M","R","B"],"character_chosen":"IRONCLAD","items_purchased":["Feed+1","Ghostly Armor","Shrug It Off","Body Slam+1","War Paint","Heavy Blade+1"],"campfire_rested":4,"item_purchase_floors":[22,28,30,36,45,45],"current_hp_per_floor":[74,74,73,73,73,73,58,58,58,58,78,78,78,50,50,10,86,80,77,54,32,32,11,19,48,48,48,48,34,34,39,70,28,106,50,50,94,72,80,80,38,38,38,68,68,94,32,42,75,0],"gold":110,"neow_bonus":"ONE_RANDOM_RARE_CARD","is_prod":false,"is_daily":false,"chose_seed":false,"campfire_upgraded":2,"win_rate":0,"timestamp":1542682125,"path_taken":["M","M","M","?","?","R","E","R","T","$","?","R","M","E","R","BOSS","M","M","?","M","$","M","M","R","T","R","$","M","$","M","R","BOSS","M","$","?","?","M","R","M","?","T","R","$","?","?","M","R","BOSS"],"build_version":"2018-11-15","purchased_purges":1,"victory":false,"max_hp_per_floor":[80,80,80,80,80,80,80,80,80,80,80,80,82,84,84,86,86,88,90,90,90,90,96,98,98,98,98,98,102,102,106,106,106,106,108,108,94,98,100,100,102,102,102,102,102,102,104,110,110,110],"card_choices":[{"not_picked":["True Grit","Pommel Strike","Power Through"],"picked":"SKIP","floor":1.0},{"not_picked":["Cleave","Hemokinesis"],"picked":"Ghostly Armor","floor":2.0},{"not_picked":["Wild Strike","Anger","Warcry"],"picked":"SKIP","floor":3.0},{"not_picked":["Inflame","Twin Strike"],"picked":"Limit Break","floor":5.0},{"not_picked":["Flex","Entrench","Intimidate"],"picked":"SKIP","floor":7.0},{"not_picked":["Cleave+1","Armaments","Hemokinesis+1"],"picked":"Singing Bowl","floor":13.0},{"not_picked":["Second Wind","Sentinel","Armaments"],"picked":"Singing Bowl","floor":14.0},{"not_picked":["Exhume","Demon Form","Dark Embrace"],"picked":"Singing Bowl","floor":16.0},{"not_picked":["Headbutt+1","Heavy Blade+1","Perfected Strike+1"],"picked":"Singing Bowl","floor":18.0},{"not_picked":["Anger+1","Shockwave","Infernal Blade"],"picked":"Singing Bowl","floor":19.0},{"not_picked":["Seeing Red","Heavy Blade+1"],"picked":"Shrug It Off+1","floor":21.0},{"not_picked":["Infernal Blade","Anger+1","Perfected Strike+1"],"picked":"Singing Bowl","floor":23.0},{"not_picked":["Armaments","Heavy Blade+1","Bloodletting"],"picked":"Singing Bowl","floor":24.0},{"not_picked":["Warcry","Bloodletting"],"picked":"Shrug It Off","floor":29.0},{"not_picked":["Shrug It Off","Bloodletting"],"picked":"Feed+1","floor":31.0},{"not_picked":["Berserk","Double Tap"],"picked":"Juggernaut","floor":33.0},{"not_picked":["Clothesline+1"],"picked":"Singing Bowl","floor":35.0},{"not_picked":[],"picked":"Flame Barrier","floor":38.0},{"not_picked":["Intimidate+1"],"picked":"Singing Bowl","floor":39.0},{"not_picked":["Reckless Charge+1"],"picked":"Singing Bowl","floor":41},{"not_picked":["Armaments+1"],"picked":"Singing Bowl","floor":47},{"not_picked":["Corruption+1"],"picked":"Singing Bowl","floor":48}],"player_experience":486560,"relics_obtained":[{"floor":7.0,"key":"Shovel"},{"floor":9.0,"key":"Molten Egg 2"},{"floor":12.0,"key":"Singing Bowl"},{"floor":14.0,"key":"Smiling Mask"},{"floor":15.0,"key":"Letter Opener"},{"floor":26.0,"key":"FossilizedHelix"},{"floor":27.0,"key":"Nunchaku"},{"floor":38.0,"key":"Ginger"},{"floor":40.0,"key":"Gremlin Horn"},{"floor":43,"key":"Toxic Egg 2"}],"event_choices":[{"damage_healed":0.0,"max_hp_gain":0.0,"max_hp_loss":0.0,"gold_gain":0.0,"event_name":"NoteForYourself","player_choice":"Ignored","floor":4.0,"gold_loss":0.0,"damage_taken":0.0},{"damage_healed":20.0,"max_hp_gain":0.0,"max_hp_loss":0.0,"gold_gain":0.0,"event_name":"The Cleric","player_choice":"Healed","floor":11.0,"gold_loss":35.0,"damage_taken":0.0},{"damage_healed":0.0,"max_hp_gain":0.0,"max_hp_loss":0.0,"gold_gain":0.0,"event_name":"Colosseum","player_choice":"Fight","floor":20.0,"gold_loss":0.0,"damage_taken":0.0},{"damage_healed":0.0,"max_hp_gain":0.0,"max_hp_loss":0.0,"gold_gain":0.0,"event_name":"Colosseum","player_choice":"Fled From Nobs","floor":20.0,"gold_loss":0.0,"damage_taken":0.0},{"damage_healed":94.0,"max_hp_gain":0.0,"max_hp_loss":14.0,"gold_gain":0.0,"event_name":"The Moai Head","player_choice":"Heal","floor":37.0,"gold_loss":0.0,"damage_taken":0.0},{"damage_healed":0.0,"max_hp_gain":0.0,"max_hp_loss":0.0,"gold_gain":0.0,"event_name":"Mysterious Sphere","player_choice":"Fight","floor":38.0,"gold_loss":0.0,"damage_taken":0.0},{"damage_healed":0,"gold_gain":0,"player_choice":"Ignored","damage_taken":0,"max_hp_gain":0,"max_hp_loss":0,"event_name":"Tomb of Lord Red Mask","floor":42,"gold_loss":0},{"damage_healed":26,"gold_gain":0,"player_choice":"Writhe","damage_taken":0,"max_hp_gain":0,"max_hp_loss":0,"event_name":"Winding Halls","floor":46,"gold_loss":0,"cards_obtained":["Writhe"]}],"is_beta":false,"boss_relics":[{"not_picked":["Runic Pyramid","Runic Cube"],"picked":"Sozu"},{"not_picked":["Lizard Tail","Snecko Eye"],"picked":"Busted Crown"}],"items_purged_floors":[28],"is_endless":false,"potions_floor_spawned":[5,7,16,18,29,31],"killed_by":"Donu and Deca","ascension_level":0}