{"gold_per_floor":[113,126,201,79,94,94,124,124,194,209,236,256,181,193,193,298,348,364,75,94,109,121,451,470,470,470,470,470],"floor_reached":28,"playtime":869,"items_purged":[],"score":252,"play_id":"837f2e83-3a50-4e29-a90c-4977b4a52aa7","local_time":"20181007015328","is_ascension_mode":false,"campfire_choices":[{"data":"Zap","floor":6,"key":"SMITH"},{"data":"Dualcast","floor":8,"key":"SMITH"},{"data":"Auto Shields","floor":15,"key":"SMITH"}],"neow_cost":"NONE","seed_source_timestamp":6156504359824,"circlet_count":0,"master_deck":["Strike_B","Strike_B","Strike_B","Strike_B","Defend_B","Defend_B","Defend_B","Defend_B","Zap+1","Dualcast+1","Conserve Battery+1","Auto Shields+1","Conserve Battery","Defragment+1","Steam","Rainbow+1","Redo+1","Echo Form+1","Storm+1","BootSequence+1","Self Repair+1"],"relics":["Cracked Core","NeowsBlessing","Tiny Chest","Strawberry","Frozen Egg 2","Letter Opener","Tiny House","Happy Flower","Old Coin","Singing Bowl","Kunai"],"potions_floor_usage":[11,11,21,24],"damage_taken":[{"damage":0,"enemies":"Cultist","floor":1,"turns":1},{"damage":0,"enemies":"Jaw Worm","floor":2,"turns":1},{"damage":0,"enemies":"Small Slimes","floor":5,"turns":1},{"damage":16,"enemies":"Lagavulin","floor":7,"turns":9},{"damage":5,"enemies":"Gremlin Gang","floor":10,"turns":5},{"damage":29,"enemies":"Gremlin Nob","floor":11,"turns":5},{"damage":0,"enemies":"Red Slaver","floor":12,"turns":3},{"damage":0,"enemies":"2 Fungi Beasts","floor":14,"turns":3},{"damage":5,"enemies":"The Guardian","floor":16,"turns":12},{"damage":8,"enemies":"Shell Parasite","floor":18,"turns":8},{"damage":8,"enemies":"2 Thieves","floor":20,"turns":4},{"damage":8,"enemies":"Chosen and Byrds","floor":21,"turns":6},{"damage":30,"enemies":"Snake Plant","floor":22,"turns":3},{"damage":30,"enemies":"Book of Stabbing","floor":23,"turns":7},{"damage":2,"enemies":"Centurion and Healer","floor":24,"turns":8},{"damage":9,"enemies":"Sentry and Sphere","floor":28,"turns":2}],"seed_played":"6238532216960533898","potions_obtained":[{"floor":1,"key":"EntropicBrew"},{"floor":5,"key":"SmokeBomb"},{"floor":12,"key":"Energy Potion"},{"floor":14,"key":"Weak Potion"},{"floor":17,"key":"Block Potion"},{"floor":23,"key":"AttackPotion"}],"is_trial":false,"path_per_floor":["M","M","?","$","M","R","E","R","T","M","E","M","$","M","R","B",null,"M","$","M","M","M","E","M","T","T","?"],"character_chosen":"DEFECT","items_purchased":["Tiny Chest","Defragment+1","Echo Form+1","Happy Flower"],"campfire_rested":0,"item_purchase_floors":[4,13,19,19],"current_hp_per_floor":[75,75,64,64,64,64,55,55,55,50,21,21,21,21,21,16,87,79,79,71,63,33,3,1,1,1,1,0],"gold":470,"neow_bonus":"THREE_ENEMY_KILL","is_prod":false,"is_daily":false,"chose_seed":false,"campfire_upgraded":3,"win_rate":0,"timestamp":1538866408,"path_taken":["M","?","?","$","M","R","E","R","T","?","E","?","$","M","R","BOSS","M","$","M","M","M","E","M","?","T","?","M"],"build_version":"2018-10-04v2","purchased_purges":0,"victory":false,"max_hp_per_floor":[75,75,75,75,75,75,82,82,82,82,82,82,82,82,82,82,87,87,87,87,87,87,87,87,87,87,87,87],"card_choices":[{"not_picked":["Steam Power","Skim","Turbo"],"picked":"SKIP","floor":1},{"not_picked":["Steam Power","Skim","Turbo"],"picked":"SKIP","floor":1},{"not_picked":["Redo","Beam Cell"],"picked":"Conserve Battery","floor":2},{"not_picked":["Cold Snap","Double Energy"],"picked":"Auto Shields","floor":5},{"not_picked":["Doom and Gloom","Leap","Gash"],"picked":"SKIP","floor":7},{"not_picked":["Sweeping Beam","Redo","Auto Shields"],"picked":"SKIP","floor":10},{"not_picked":["Hologram","Leap"],"picked":"Conserve Battery","floor":11},{"not_picked":["Turbo","Multi-Cast","Cold Snap"],"picked":"SKIP","floor":12},{"not_picked":["Leap","Cold Snap"],"picked":"Steam","floor":14},{"not_picked":["All For One","Buffer+1"],"picked":"Rainbow","floor":16},{"not_picked":["Gash","Sweeping Beam"],"picked":"Redo+1","floor":18},{"not_picked":["Steam+1","Leap","Buffer+1"],"picked":"SKIP","floor":20},{"not_picked":["Turbo","Ball Lightning+1"],"picked":"Storm+1","floor":21},{"not_picked":["Steam","Streamline","Scrape"],"picked":"SKIP","floor":22},{"not_picked":["Ball Lightning","Meteor Strike"],"picked":"BootSequence+1","floor":23},{"not_picked":["Tempest+1","Conserve Battery"],"picked":"Self Repair+1","floor":24}],"player_experience":378599,"relics_obtained":[{"floor":7,"key":"Strawberry"},{"floor":9,"key":"Frozen Egg 2"},{"floor":11,"key":"Letter Opener"},{"floor":23,"key":"Old Coin"},{"floor":25,"key":"Singing Bowl"},{"floor":26,"key":"Kunai"}],"event_choices":[{"event_name":"World of Goop","player_choice":"Gather Gold","floor":3,"damage_taken":0},{"event_name":"Upgrade Shrine","player_choice":"Upgraded","floor":27,"damage_taken":0}],"is_beta":false,"boss_relics":[{"not_picked":["White Beast Statue","Pandora\u0027s Box"],"picked":"Tiny House"}],"items_purged_floors":[],"is_endless":false,"potions_floor_spawned":[1,5,12,14,20,23],"killed_by":"Sentry and Sphere","ascension_level":0}