{"gold_per_floor":[16,36,36,36,36,80,80,96,96,120,144,144,19,194,194,323,323,338,362,362],"floor_reached":20,"playtime":481,"items_purged":[],"score":174,"play_id":"ff22e32f-137d-4a9c-ae50-ee0b52f4596c","local_time":"20181004041329","is_ascension_mode":false,"campfire_choices":[{"data":"Zap","floor":7,"key":"SMITH"},{"floor":12,"key":"REST"},{"data":"Dualcast","floor":15,"key":"SMITH"}],"neow_cost":"NO_GOLD","seed_source_timestamp":8689706798281,"circlet_count":0,"master_deck":["Strike_B","Strike_B","Strike_B","Strike_B","Defend_B","Defend_B","Defend_B","Defend_B","Zap+1","Dualcast+1","Amplify","Ball Lightning","Self Repair","Ball Lightning","Doubt","Creative AI"],"relics":["Cracked Core","Golden Idol","Darkstone Periapt","Ancient Tea Set","Cursed Key"],"potions_floor_usage":[16,16,19,20],"damage_taken":[{"damage":1,"enemies":"Cultist","floor":1,"turns":3},{"damage":2,"enemies":"Small Slimes","floor":2,"turns":4},{"damage":45,"enemies":"Lagavulin","floor":6,"turns":8},{"damage":4,"enemies":"2 Louse","floor":8,"turns":2},{"damage":0,"enemies":"Large Slime","floor":10,"turns":3},{"damage":7,"enemies":"3 Louse","floor":11,"turns":2},{"damage":11,"enemies":"Slime Boss","floor":16,"turns":8},{"damage":26,"enemies":"Shell Parasite","floor":18,"turns":6},{"damage":48,"enemies":"2 Thieves","floor":19,"turns":5},{"damage":28,"enemies":"Centurion and Healer","floor":20,"turns":4}],"seed_played":"2412924215467009613","potions_obtained":[{"floor":2,"key":"Explosive Potion"},{"floor":6,"key":"Fire Potion"},{"floor":10,"key":"PowerPotion"},{"floor":19,"key":"Weak Potion"}],"is_trial":false,"path_per_floor":["M","M","$","?","?","E","R","M","T","M","M","R","$","?","R","B",null,"M","M"],"character_chosen":"DEFECT","items_purchased":["Self Repair","Ball Lightning"],"campfire_rested":1,"item_purchase_floors":[13,13],"current_hp_per_floor":[74,72,72,69,74,29,29,25,25,25,18,40,40,46,46,49,80,61,27,0],"gold":362,"neow_bonus":"THREE_RARE_CARDS","is_prod":false,"is_daily":false,"chose_seed":false,"campfire_upgraded":2,"win_rate":0,"timestamp":1538615609,"path_taken":["M","M","$","?","?","E","R","M","T","M","M","R","$","?","R","BOSS","M","M","M"],"build_version":"2018-09-27","purchased_purges":0,"victory":false,"max_hp_per_floor":[75,75,75,69,74,74,74,74,74,74,74,74,74,80,80,80,80,80,80,80],"card_choices":[{"not_picked":["Fission","Reboot"],"picked":"Amplify","floor":0},{"not_picked":["Go for the Eyes","Double Energy","Sunder"],"picked":"SKIP","floor":1},{"not_picked":["Streamline","Hologram","Coolheaded"],"picked":"SKIP","floor":2},{"not_picked":["Hologram","Hello World"],"picked":"Ball Lightning","floor":6},{"not_picked":["Barrage","Turbo","Cold Snap"],"picked":"SKIP","floor":8},{"not_picked":["Barrage","Turbo","Cold Snap"],"picked":"SKIP","floor":8},{"not_picked":["Compile Driver","Core Surge","Melter"],"picked":"SKIP","floor":10},{"not_picked":["Sweeping Beam","Turbo","Recycle"],"picked":"SKIP","floor":11},{"not_picked":["Reboot","Buffer"],"picked":"Creative AI","floor":16},{"not_picked":["Coolheaded","FTL","Barrage"],"picked":"SKIP","floor":18},{"not_picked":["Streamline","Skim+1","Hologram"],"picked":"SKIP","floor":19}],"player_experience":363773,"relics_obtained":[{"floor":6,"key":"Darkstone Periapt"},{"floor":9,"key":"Ancient Tea Set"}],"event_choices":[{"event_name":"Golden Idol","player_choice":"Lose Max HP","floor":4,"damage_taken":0},{"event_name":"Big Fish","player_choice":"Donut","floor":5,"damage_taken":0},{"event_name":"Liars Game","player_choice":"agreed","floor":14,"damage_taken":0}],"is_beta":false,"boss_relics":[{"not_picked":["Tiny House","Eternal Feather"],"picked":"Cursed Key"}],"items_purged_floors":[],"is_endless":false,"potions_floor_spawned":[2,6,10,19],"killed_by":"Centurion and Healer","ascension_level":0}