{"gold_per_floor":[112,112,129,129,145,177,177,193,193,193,212,212,131,163,163,163],"floor_reached":16,"playtime":385,"items_purged":[],"score":110,"play_id":"4bfb837d-2d24-43fb-ac29-443ded5dac90","local_time":"20190107031817","is_ascension_mode":false,"campfire_choices":[{"data":"Armaments","floor":7,"key":"SMITH"},{"data":"Sword Boomerang","floor":10,"key":"SMITH"},{"data":"Bash","floor":12,"key":"SMITH"},{"data":"1","floor":15,"key":"LIFT"}],"neow_cost":"NONE","seed_source_timestamp":250215343467129,"circlet_count":0,"master_deck":["Strike_R","Strike_R","Strike_R","Strike_R","Strike_R","Defend_R","Defend_R","Defend_R","Defend_R","Bash+1","Armaments+1","Sword Boomerang+1","Whirlwind"],"relics":["Burning Blood","Ancient Tea Set","Shuriken","Girya"],"potions_floor_usage":[14],"damage_taken":[{"damage":2,"enemies":"Small Slimes","floor":1,"turns":3},{"damage":1,"enemies":"Cultist","floor":3,"turns":3},{"damage":5,"enemies":"2 Louse","floor":5,"turns":3},{"damage":32,"enemies":"3 Sentries","floor":6,"turns":11},{"damage":7,"enemies":"Blue Slaver","floor":8,"turns":2},{"damage":3,"enemies":"Large Slime","floor":11,"turns":3},{"damage":26,"enemies":"Lagavulin","floor":14,"turns":5},{"damage":52,"enemies":"Slime Boss","floor":16,"turns":7}],"seed_played":"7201849695369727218","potions_obtained":[{"floor":1,"key":"FearPotion"},{"floor":8,"key":"Weak Potion"}],"is_trial":false,"path_per_floor":["M","?","M","$","M","E","R","M","T","R","M","R","$","E","R","B"],"character_chosen":"IRONCLAD","items_purchased":["Whirlwind"],"campfire_rested":0,"item_purchase_floors":[13],"current_hp_per_floor":[88,88,88,88,88,62,62,61,61,61,64,64,64,44,44,0],"gold":163,"neow_bonus":"TEN_PERCENT_HP_BONUS","is_prod":false,"is_daily":false,"chose_seed":false,"campfire_upgraded":3,"win_rate":0,"timestamp":1546823897,"path_taken":["M","?","M","$","M","E","R","M","T","R","M","R","?","E","R","BOSS"],"build_version":"2019-01-03v4","purchased_purges":0,"victory":false,"max_hp_per_floor":[88,88,88,88,88,88,88,88,88,88,88,88,88,88,88,88],"card_choices":[{"not_picked":["Feel No Pain","Flex"],"picked":"Armaments","floor":1},{"not_picked":["Thunderclap","Twin Strike","Perfected Strike"],"picked":"SKIP","floor":3},{"not_picked":["Combust","Cleave"],"picked":"Sword Boomerang","floor":5},{"not_picked":["Searing Blow","Clothesline","Heavy Blade"],"picked":"SKIP","floor":6},{"not_picked":["Thunderclap","Wild Strike","Bloodletting"],"picked":"SKIP","floor":8},{"not_picked":["Havoc","Burning Pact","Warcry"],"picked":"SKIP","floor":11},{"not_picked":["Fire Breathing","Body Slam","Flex"],"picked":"SKIP","floor":14}],"player_experience":546271,"relics_obtained":[{"floor":6,"key":"Ancient Tea Set"},{"floor":9,"key":"Shuriken"},{"floor":14,"key":"Girya"}],"event_choices":[{"damage_healed":0,"gold_gain":0,"player_choice":"Ignored","damage_taken":0,"max_hp_gain":0,"max_hp_loss":0,"event_name":"NoteForYourself","floor":2,"gold_loss":0}],"is_beta":false,"boss_relics":[],"items_purged_floors":[],"is_endless":false,"potions_floor_spawned":[1,8],"killed_by":"Slime Boss","ascension_level":0}