{"path_per_floor":["M","?","M","$","M","R","M","R","T","E","M","R","M","?","R","B",null,"M","?","$","M","?","R","M","M","T","R","$","E","M","M","R","B",null,"M","M","?"],"character_chosen":"THE_SILENT","items_purchased":["Bouncing Flask","Catalyst","Footwork"],"gold_per_floor":[119,69,83,50,63,63,74,74,74,108,118,118,133,133,133,231,231,243,243,11,25,25,25,40,56,56,56,56,82,94,109,109,208,208,219,239,239],"floor_reached":38,"campfire_rested":1,"playtime":4185,"current_hp_per_floor":[70,70,70,70,68,68,68,68,68,35,33,33,44,37,58,43,70,70,70,70,70,70,70,69,69,69,69,69,69,65,57,57,57,70,70,55,45],"items_purged":["Strike_G"],"gold":239,"play_id":"ad2a1c1b-13b2-4fba-b409-f81b2377a30b","is_prod":false,"is_daily":false,"campfire_rituals":0,"campfire_upgraded":6,"is_hardmode":false,"path_taken":["M","?","M","$","M","R","M","R","T","E","M","R","M","?","R","BOSS","M","?","$","M","?","R","M","?","T","R","?","E","M","M","R","BOSS","M","M","?","?"],"build_version":"2018-01-18-PROD4","purchased_purges":1,"victory":false,"master_deck":["Defend_G","Defend_G","Defend_G","Defend_G","Defend_G","Strike_G","Survivor","Neutralize","Poisoned Stab","Dagger Spray","Poisoned Stab","Bouncing Flask","Dagger Throw","Infinite Blades","Blur","Adrenaline","Poisoned Stab","Catalyst","Footwork","Predator","Poisoned Stab","Well Laid Plans","Clumsy","Catalyst","After Image","Madness","Madness"],"max_hp_per_floor":[70,70,70,70,70,70,70,70,70,70,70,70,70,70,70,70,70,70,70,70,70,70,70,70,70,70,70,70,70,70,70,70,70,70,70,70,70],"relics":["Ring of the Snake","Du-Vu Doll","Centennial Puzzle","Cursed Key","Anchor","Toolbox","Sozu"],"campfire_meditates":0,"card_choices":[{"not_picked":["All Out Attack","Slice"],"picked":"Poisoned Stab"},{"not_picked":["Choke","Finisher"],"picked":"Dagger Spray"},{"not_picked":["Eviscerate","Quick Slash"],"picked":"Poisoned Stab"},{"not_picked":["Heel Hook","Leg Sweep"],"picked":"Dagger Throw"},{"not_picked":["Backstab","Flying Knee"],"picked":"Infinite Blades"},{"not_picked":["Underhanded Strike","Footwork"],"picked":"Blur"},{"not_picked":["Phantasmal Killer","Die Die Die"],"picked":"Adrenaline"},{"not_picked":["Bouncing Flask","Underhanded Strike"],"picked":"Poisoned Stab"},{"not_picked":["Glass Knife","Deadly Poison"],"picked":"Poisoned Stab"},{"not_picked":["Flechettes","Underhanded Strike"],"picked":"Well Laid Plans"},{"not_picked":["Underhanded Strike","Sucker Punch"],"picked":"Catalyst"},{"not_picked":["A Thousand Cuts","Tactician"],"picked":"After Image"}],"player_experience":61077,"potions_floor_usage":[13,24,25,33,33],"damage_taken":[{"damage":0,"enemies":"2 Louse","floor":1,"turns":4},{"damage":0,"enemies":"Cultist","floor":3,"turns":3},{"damage":2,"enemies":"Blue Slaver","floor":5,"turns":4},{"damage":0,"enemies":"3 Louse","floor":7,"turns":3},{"damage":33,"enemies":"3 Sentries","floor":10,"turns":9},{"damage":2,"enemies":"Looter","floor":11,"turns":3},{"damage":1,"enemies":"Exordium Wildlife","floor":13,"turns":5},{"damage":15,"enemies":"Hexaghost","floor":16,"turns":7},{"damage":0,"enemies":"Spheric Guardian","floor":18,"turns":3},{"damage":0,"enemies":"Shell Parasite","floor":21,"turns":4},{"damage":1,"enemies":"Sentry and Sphere","floor":24,"turns":3},{"damage":0,"enemies":"Snake Plant","floor":25,"turns":1},{"damage":0,"enemies":"Gremlin Leader","floor":29,"turns":5},{"damage":4,"enemies":"Chosen and Byrds","floor":30,"turns":4},{"damage":8,"enemies":"Slaver and Parasite","floor":31,"turns":3},{"damage":0,"enemies":"Champ","floor":33,"turns":6},{"damage":0,"enemies":"3 Shapes","floor":35,"turns":4},{"damage":15,"enemies":"3 Darklings","floor":36,"turns":4},{"damage":45,"enemies":"Mysterious Sphere","floor":38,"turns":6}],"event_choices":[{"event_name":"The Cleric","player_choice":"Card Removal","floor":2,"damage_taken":0},{"event_name":"Golden Wing","player_choice":"Card Removal","floor":14,"damage_taken":0},{"event_name":"Drug Dealer","player_choice":"Ignored","floor":19,"damage_taken":0},{"event_name":"Transmorgrifier","player_choice":"Transform","floor":22,"damage_taken":0},{"event_name":"Winding Halls","player_choice":"Embrace Madness","floor":37,"damage_taken":0},{"event_name":"Mysterious Sphere","player_choice":"Fight","floor":38,"damage_taken":0}],"boss_relics":[{"not_picked":["Runic Pyramid","Philosopher\u0027s Stone"],"picked":"Cursed Key"},{"not_picked":["Black Star","Runic Dome"],"picked":"Sozu"}],"potions_floor_spawned":[11,13,16,21,24,25,35],"seed_played":"76487468475829960","killed_by":"Mysterious Sphere","is_trial":false}