{"gold_per_floor":[115,115,132,132,152,184,184,184,184,184,199,47,47,63,63,161,161,181,193,193,205,218,218,20,20,90,106,31,46,71,86,86,190,190,205,305,318,335,22,53,65,65,65,79,79,95,95,108,108,108],"floor_reached":51,"playtime":1598,"items_purged":["Strike_R"],"score":778,"play_id":"24730044-36f4-4b13-933f-4e0e3da99bb5","local_time":"20190622045606","is_ascension_mode":false,"campfire_choices":[{"data":"Body Slam","floor":7,"key":"SMITH"},{"data":"Body Slam","floor":10,"key":"SMITH"},{"data":"Defend_R","floor":15,"key":"SMITH"},{"data":"Defend_R","floor":23,"key":"SMITH"},{"data":"Shrug It Off","floor":25,"key":"SMITH"},{"data":"Defend_R","floor":32,"key":"SMITH"},{"data":"Shrug It Off","floor":42,"key":"SMITH"},{"data":"Defend_R","floor":45,"key":"SMITH"},{"data":"Bash","floor":49,"key":"SMITH"}],"neow_cost":"NONE","seed_source_timestamp":711774332730100,"circlet_count":0,"master_deck":["Strike_R","Strike_R","Defend_R+1","Defend_R+1","Defend_R+1","Defend_R+1","Bash+1","Body Slam+1","Body Slam+1","Ghostly Armor+1","Shrug It Off+1","Shrug It Off+1","Body Slam+1"],"relics":["Burning Blood","Torii","FossilizedHelix","Bag of Preparation","Busted Crown","Bronze Scales","Sundial","Art of War","Orrery","Unceasing Top","Dodecahedron","Anchor"],"potions_floor_usage":[19,30,50,50],"damage_taken":[{"damage":13,"enemies":"Jaw Worm","floor":1,"turns":3},{"damage":6,"enemies":"Cultist","floor":3,"turns":3},{"damage":1,"enemies":"Small Slimes","floor":5,"turns":3},{"damage":55,"enemies":"Gremlin Nob","floor":6,"turns":6},{"damage":0,"enemies":"Red Slaver","floor":11,"turns":3},{"damage":0,"enemies":"Lots of Slimes","floor":14,"turns":5},{"damage":15,"enemies":"The Guardian","floor":16,"turns":14},{"damage":2,"enemies":"3 Byrds","floor":18,"turns":6},{"damage":0,"enemies":"Spheric Guardian","floor":19,"turns":4},{"damage":10,"enemies":"3 Cultists","floor":21,"turns":7},{"damage":2,"enemies":"Shelled Parasite and Fungi","floor":22,"turns":5},{"damage":7,"enemies":"Chosen and Byrds","floor":27,"turns":7},{"damage":0,"enemies":"Snake Plant","floor":29,"turns":2},{"damage":0,"enemies":"Gremlin Leader","floor":30,"turns":5},{"damage":0,"enemies":"3 Cultists","floor":31,"turns":4},{"damage":9,"enemies":"Collector","floor":33,"turns":12},{"damage":0,"enemies":"Orb Walker","floor":35,"turns":2},{"damage":0,"enemies":"3 Shapes","floor":37,"turns":6},{"damage":0,"enemies":"Transient","floor":38,"turns":5},{"damage":10,"enemies":"Giant Head","floor":40,"turns":8},{"damage":0,"enemies":"Maw","floor":41,"turns":7},{"damage":0,"enemies":"3 Darklings","floor":44,"turns":3},{"damage":0,"enemies":"Spire Growth","floor":46,"turns":2},{"damage":0,"enemies":"Writhing Mass","floor":48,"turns":2},{"damage":80,"enemies":"Time Eater","floor":50,"turns":13}],"seed_played":"-7511442461366021332","potions_obtained":[{"floor":3,"key":"GamblersBrew"},{"floor":6,"key":"GamblersBrew"},{"floor":14,"key":"Block Potion"},{"floor":19,"key":"Swift Potion"},{"floor":22,"key":"PowerPotion"},{"floor":31,"key":"SmokeBomb"}],"is_trial":false,"path_per_floor":["M","$","M","?","M","E","R","$","T","R","M","$","?","M","R","B",null,"M","M","?","M","M","R","$","R","T","M","$","M","E","M","R","B",null,"M","?","M","M","$","E","M","R","T","M","R","M","$","M","R","B",null],"character_chosen":"IRONCLAD","items_purchased":["Bag of Preparation","Bronze Scales","Shrug It Off","Unceasing Top"],"campfire_rested":0,"item_purchase_floors":[12,24,24,39],"current_hp_per_floor":[81,81,81,81,86,37,37,37,37,37,43,43,43,49,49,40,88,88,88,88,84,88,88,88,88,88,87,87,88,88,88,88,85,88,88,88,88,88,88,84,88,88,88,88,88,88,88,88,88,14],"gold":108,"neow_bonus":"TEN_PERCENT_HP_BONUS","is_prod":false,"is_daily":false,"chose_seed":false,"campfire_upgraded":9,"win_rate":0,"timestamp":1561168566,"path_taken":["M","$","M","?","M","E","R","$","T","R","M","$","?","M","R","BOSS","M","M","?","M","?","R","$","R","T","M","$","M","E","M","R","BOSS","M","?","M","M","$","E","M","R","T","?","R","M","$","M","R","BOSS"],"build_version":"2019-01-23","purchased_purges":1,"victory":true,"max_hp_per_floor":[88,88,88,88,88,88,88,88,88,88,88,88,88,88,88,88,88,88,88,88,88,88,88,88,88,88,88,88,88,88,88,88,88,88,88,88,88,88,88,88,88,88,88,88,88,88,88,88,88,88],"card_choices":[{"not_picked":["Sword Boomerang","Iron Wave"],"picked":"Body Slam","floor":1},{"not_picked":["Shockwave","Clash","Flex"],"picked":"SKIP","floor":3},{"not_picked":["Inflame","Warcry"],"picked":"Body Slam","floor":5},{"not_picked":["Disarm","Headbutt"],"picked":"Ghostly Armor","floor":6},{"not_picked":["Double Tap","Heavy Blade","Sword Boomerang"],"picked":"SKIP","floor":11},{"not_picked":["Metallicize","Headbutt","Wild Strike"],"picked":"SKIP","floor":14},{"not_picked":["Clash"],"picked":"SKIP","floor":18},{"not_picked":["Wild Strike"],"picked":"SKIP","floor":19},{"not_picked":["Corruption"],"picked":"SKIP","floor":21},{"not_picked":["Anger"],"picked":"SKIP","floor":22},{"not_picked":["Perfected Strike"],"picked":"SKIP","floor":27},{"not_picked":["Clash"],"picked":"SKIP","floor":29},{"not_picked":["Searing Blow"],"picked":"SKIP","floor":30},{"not_picked":["True Grit"],"picked":"SKIP","floor":31},{"not_picked":[],"picked":"Shrug It Off","floor":34},{"not_picked":["Whirlwind"],"picked":"SKIP","floor":35},{"not_picked":["Wild Strike"],"picked":"SKIP","floor":37},{"not_picked":["Twin Strike+1"],"picked":"SKIP","floor":38},{"not_picked":["Flex+1"],"picked":"SKIP","floor":40},{"not_picked":[],"picked":"Body Slam+1","floor":41},{"not_picked":["Perfected Strike"],"picked":"SKIP","floor":44},{"not_picked":["Iron Wave"],"picked":"SKIP","floor":46},{"not_picked":["Seeing Red"],"picked":"SKIP","floor":48}],"player_experience":644390,"relics_obtained":[{"floor":6,"key":"Torii"},{"floor":9,"key":"FossilizedHelix"},{"floor":26,"key":"Sundial"},{"floor":30,"key":"Art of War"},{"floor":40,"key":"Dodecahedron"},{"floor":43,"key":"Anchor"}],"event_choices":[{"cards_removed":["Strike_R"],"damage_healed":0,"gold_gain":0,"player_choice":"Purged","damage_taken":0,"max_hp_gain":0,"max_hp_loss":0,"event_name":"Purifier","floor":4,"gold_loss":0},{"damage_healed":0,"gold_gain":0,"player_choice":"Grow","damage_taken":0,"max_hp_gain":0,"max_hp_loss":0,"event_name":"Living Wall","floor":13,"gold_loss":0,"cards_upgraded":["Ghostly Armor"]},{"cards_removed":["Strike_R"],"damage_healed":0,"gold_gain":0,"player_choice":"Offered Basic","damage_taken":0,"max_hp_gain":0,"max_hp_loss":0,"event_name":"Bonfire Elementals","floor":20,"gold_loss":0},{"damage_healed":0,"gold_gain":100,"player_choice":"Pray","damage_taken":0,"max_hp_gain":0,"max_hp_loss":0,"event_name":"Golden Shrine","floor":36,"gold_loss":0}],"is_beta":false,"boss_relics":[{"not_picked":["Lizard Tail","Pandora\u0027s Box"],"picked":"Busted Crown"},{"not_picked":["Philosopher\u0027s Stone","Velvet Choker"],"picked":"Orrery"}],"items_purged_floors":[28],"is_endless":false,"potions_floor_spawned":[3,6,14,18,19,22,29,31,33,35,41,44,46],"ascension_level":0}