{"gold_per_floor":[369,385,396,396,243,276,276,276,276,289,289,40,55,55,55,184,184,202,102,122,143,158,189,202,240,240,265,136,150,150,174,174,295,295,308,328,102,126,139,139,154,154,232,295,97,97,117,153,153,153],"floor_reached":50,"playtime":1798,"items_purged":["Strike_B","Strike_B"],"score":543,"play_id":"89ddde34-8391-4025-9d75-a5f168e7443e","local_time":"20190702050522","is_ascension_mode":false,"campfire_choices":[{"data":"Zap","floor":7.0,"key":"SMITH"},{"data":"Self Repair","floor":11.0,"key":"SMITH"},{"data":"Apotheosis","floor":15.0,"key":"SMITH"},{"data":"Loop","floor":30.0,"key":"SMITH"},{"data":"Loop","floor":32.0,"key":"SMITH"},{"floor":40.0,"key":"RECALL"},{"data":"Strike_B","floor":49,"key":"PURGE"}],"neow_cost":"TEN_PERCENT_HP_LOSS","seed_source_timestamp":194799710966400,"circlet_count":0,"master_deck":["Defend_B","Defend_B","Defend_B","Defend_B","Zap+1","Dualcast","Conserve Battery","Self Repair+1","Loop+1","Apotheosis+1","Electrodynamics","Go for the Eyes+1","Defragment+1","FTL","Steam","Loop+1","Hologram","Auto Shields+1","Defragment","Seek","Finesse","Steam","Skim+1","Reboot","Leap","Stack","Force Field+1"],"special_seed":0,"relics":["Cracked Core","Mango","Pear","Golden Idol","Coffee Dripper","Bronze Scales","Art of War","Blue Candle","Fusion Hammer","Peace Pipe","Symbiotic Virus"],"potions_floor_usage":[44,44,48],"damage_taken":[{"damage":1.0,"enemies":"Cultist","floor":1.0,"turns":3.0},{"damage":0.0,"enemies":"2 Louse","floor":2.0,"turns":2.0},{"damage":0.0,"enemies":"Small Slimes","floor":3.0,"turns":4.0},{"damage":35.0,"enemies":"Gremlin Nob","floor":6.0,"turns":5.0},{"damage":5.0,"enemies":"Looter","floor":10.0,"turns":3.0},{"damage":7.0,"enemies":"Exordium Wildlife","floor":13.0,"turns":4.0},{"damage":24.0,"enemies":"Slime Boss","floor":16.0,"turns":12.0},{"damage":0.0,"enemies":"Shell Parasite","floor":18.0,"turns":5.0},{"damage":7.0,"enemies":"2 Thieves","floor":20.0,"turns":3.0},{"damage":10.0,"enemies":"Snecko","floor":21.0,"turns":5.0},{"damage":13.0,"enemies":"Cultist and Chosen","floor":22.0,"turns":5.0},{"damage":29.0,"enemies":"Gremlin Leader","floor":23.0,"turns":6.0},{"damage":7.0,"enemies":"Snake Plant","floor":24.0,"turns":3.0},{"damage":49.0,"enemies":"Slavers","floor":25.0,"turns":4.0},{"damage":0.0,"enemies":"Snecko","floor":27.0,"turns":5.0},{"damage":1.0,"enemies":"3 Cultists","floor":29.0,"turns":4.0},{"damage":14.0,"enemies":"Snake Plant","floor":31.0,"turns":3.0},{"damage":23.0,"enemies":"Collector","floor":33.0,"turns":9.0},{"damage":5.0,"enemies":"Orb Walker","floor":35.0,"turns":4.0},{"damage":16.0,"enemies":"3 Shapes","floor":36.0,"turns":3.0},{"damage":4.0,"enemies":"Transient","floor":38.0,"turns":5.0},{"damage":10.0,"enemies":"Spire Growth","floor":39.0,"turns":5.0},{"damage":25.0,"enemies":"4 Shapes","floor":41.0,"turns":3.0},{"damage":25,"enemies":"2 Orb Walkers","floor":44,"turns":4},{"damage":13,"enemies":"Sphere and 2 Shapes","floor":47,"turns":4},{"damage":5,"enemies":"Reptomancer","floor":48,"turns":6},{"damage":58,"enemies":"Awakened One","floor":50,"turns":9}],"seed_played":"-5391660186275388375","potions_obtained":[{"floor":6.0,"key":"FearPotion"},{"floor":10.0,"key":"Dexterity Potion"},{"floor":13.0,"key":"EssenceOfSteel"},{"floor":16.0,"key":"Energy Potion"},{"floor":24.0,"key":"SpeedPotion"},{"floor":25.0,"key":"GamblersBrew"},{"floor":29.0,"key":"Dexterity Potion"},{"floor":33.0,"key":"Swift Potion"},{"floor":47,"key":"FearPotion"},{"floor":48,"key":"Explosive Potion"}],"is_trial":false,"path_per_floor":["M","M","M","?","$","E","R","?","T","M","R","$","M","?","R","B",null,"M","$","M","M","M","E","M","E","T","M","$","M","R","M","R","B",null,"M","M","$","M","M","R","M","?","T","?","$","?","M","E","R","B"],"character_chosen":"DEFECT","items_purchased":["Self Repair","Loop","Apotheosis","Loop","Hologram","Seek","Finesse","Reboot","Leap"],"campfire_rested":0,"item_purchase_floors":[5,12,12,28,28,37,37,45,45],"current_hp_per_floor":[67,67,67,67,67,53,53,46,56,58,58,58,61,61,61,47,85,85,85,85,85,82,63,56,17,17,27,27,36,36,32,32,19,85,85,79,79,85,85,85,70,70,70,55,55,55,52,57,57,0],"gold":153,"neow_bonus":"TWO_FIFTY_GOLD","is_prod":false,"is_daily":false,"chose_seed":false,"campfire_upgraded":5,"win_rate":0,"timestamp":1562033122,"path_taken":["M","?","M","?","$","E","R","?","T","M","R","$","M","?","R","BOSS","M","$","M","M","M","E","M","E","T","M","$","M","R","M","R","BOSS","M","M","$","M","M","R","M","?","T","?","$","?","M","E","R","BOSS"],"build_version":"2019-07-01","purchased_purges":2,"victory":false,"max_hp_per_floor":[68,68,68,68,68,82,82,82,92,92,92,92,92,85,85,85,85,85,85,85,85,85,85,85,85,85,85,85,85,85,85,85,85,85,85,85,85,85,85,85,85,85,85,85,85,81,81,81,81,81],"card_choices":[{"not_picked":["Turbo","Force Field"],"picked":"Conserve Battery","floor":1.0},{"not_picked":["Tempest","Chaos"],"picked":"Go for the Eyes","floor":2.0},{"not_picked":["Sweeping Beam","Redo","Chill"],"picked":"SKIP","floor":3.0},{"not_picked":["Steam","Rebound","Darkness"],"picked":"SKIP","floor":6.0},{"not_picked":["Fusion","Double Energy","Turbo"],"picked":"SKIP","floor":10.0},{"not_picked":["Compile Driver","Redo","Leap"],"picked":"SKIP","floor":13.0},{"not_picked":["Machine Learning","Reboot"],"picked":"Electrodynamics","floor":16.0},{"not_picked":["Leap+1","Chill"],"picked":"Go for the Eyes+1","floor":18.0},{"not_picked":["Steam","Stack"],"picked":"Defragment+1","floor":20.0},{"not_picked":["Coolheaded","Consume","Thunder Strike"],"picked":"SKIP","floor":21.0},{"not_picked":["Chill","Cold Snap","Compile Driver"],"picked":"SKIP","floor":22.0},{"not_picked":["Chill","Cold Snap","Compile Driver"],"picked":"SKIP","floor":22.0},{"not_picked":["Rainbow","Cold Snap+1"],"picked":"FTL","floor":23.0},{"not_picked":["Barrage","Rebound","Go for the Eyes"],"picked":"SKIP","floor":24.0},{"not_picked":["Consume","Multi-Cast"],"picked":"Steam","floor":25.0},{"not_picked":["Barrage","Cold Snap","Redo+1"],"picked":"SKIP","floor":27.0},{"not_picked":["Ball Lightning+1","Chill"],"picked":"Auto Shields+1","floor":29.0},{"not_picked":["Chill","Cold Snap","Redo+1"],"picked":"SKIP","floor":31.0},{"not_picked":["Barrage+1","Streamline","Double Energy"],"picked":"SKIP","floor":35.0},{"not_picked":["Rebound+1","Melter+1"],"picked":"Defragment","floor":36.0},{"not_picked":["Hello World","Rebound","Recycle"],"picked":"SKIP","floor":38.0},{"not_picked":["Gash","Compile Driver+1"],"picked":"Steam","floor":39.0},{"not_picked":["Stack","Streamline","Sweeping Beam"],"picked":"SKIP","floor":41.0},{"not_picked":["Rip and Tear","Barrage+1"],"picked":"Skim+1","floor":44},{"not_picked":["Gash","Sweeping Beam+1"],"picked":"Stack","floor":47},{"not_picked":["Thunder Strike","Leap"],"picked":"Force Field+1","floor":48}],"player_experience":669005,"relics_obtained":[{"floor":6.0,"key":"Mango"},{"floor":9.0,"key":"Pear"},{"floor":23.0,"key":"Bronze Scales"},{"floor":25.0,"key":"Art of War"},{"floor":26.0,"key":"Blue Candle"},{"floor":44,"key":"Peace Pipe"},{"floor":48,"key":"Symbiotic Virus"}],"event_choices":[{"damage_healed":0.0,"max_hp_gain":0.0,"max_hp_loss":0.0,"gold_gain":0.0,"event_name":"The Cleric","player_choice":"Leave","floor":4.0,"gold_loss":0.0,"damage_taken":0.0},{"cards_removed":["Strike_B"],"damage_healed":0.0,"max_hp_gain":0.0,"max_hp_loss":0.0,"gold_gain":0.0,"event_name":"Golden Wing","player_choice":"Card Removal","floor":8.0,"gold_loss":0.0,"damage_taken":7.0},{"damage_healed":0.0,"max_hp_gain":0.0,"max_hp_loss":7.0,"gold_gain":0.0,"event_name":"Golden Idol","player_choice":"Lose Max HP","floor":14.0,"gold_loss":0.0,"damage_taken":0.0,"relics_obtained":["Golden Idol"]},{"cards_removed":["Go for the Eyes"],"damage_healed":0.0,"max_hp_gain":0.0,"max_hp_loss":0.0,"gold_gain":0.0,"event_name":"Falling","player_choice":"Removed Attack","floor":42.0,"gold_loss":0.0,"damage_taken":0.0},{"damage_healed":0,"gold_gain":0,"player_choice":"Fight","damage_taken":0,"max_hp_gain":0,"max_hp_loss":0,"event_name":"Mysterious Sphere","floor":44,"gold_loss":0},{"damage_healed":0,"gold_gain":0,"player_choice":"Max HP","damage_taken":0,"max_hp_gain":0,"max_hp_loss":4,"event_name":"Winding Halls","floor":46,"gold_loss":0}],"is_beta":false,"boss_relics":[{"not_picked":["Empty Cage","Cursed Key"],"picked":"Coffee Dripper"},{"not_picked":["Orrery","Velvet Choker"],"picked":"Fusion Hammer"}],"items_purged_floors":[5,19],"is_endless":false,"potions_floor_spawned":[6,10,13,16,24,25,29,33,38,39,41,47,48],"killed_by":"Awakened One","ascension_level":0}