{"gold_per_floor":[109,109,36,36,49,49,64,79,147,147,173,10,10,22,22,117,117,128,148,162,16,16,16,33,33,33,33,61,61],"floor_reached":29,"playtime":2035,"items_purged":["Strike_B"],"score":243,"play_id":"f44db28a-bbb8-495e-b4ce-bbe0726d2609","local_time":"20181103004420","is_ascension_mode":false,"campfire_choices":[{"data":"Sunder","floor":6.0,"key":"SMITH"},{"data":"Echo Form","floor":10.0,"key":"SMITH"},{"data":"Defragment","floor":15.0,"key":"SMITH"},{"floor":23,"key":"REST"},{"floor":25,"key":"REST"},{"data":"Zap","floor":27,"key":"SMITH"}],"neow_cost":"NONE","seed_source_timestamp":55035482337257,"circlet_count":0,"master_deck":["Strike_B","Strike_B","Strike_B","Defend_B","Defend_B","Defend_B","Zap","Dualcast","Stack","Cold Snap","Zap+1","Sunder+1","Melter","Echo Form+1","Sweeping Beam","Defragment","Gash","Defragment+1","Seek","Barrage","Beam Cell+1","Ball Lightning","Conserve Battery+1","Normality","Reinforced Body"],"special_seed":0,"relics":["Cracked Core","Matryoshka","Blood Vial","Dead Branch","Cursed Key","Vajra","Orichalcum","The Courier","Darkstone Periapt"],"potions_floor_usage":[28,29,29],"damage_taken":[{"damage":1.0,"enemies":"Jaw Worm","floor":1.0,"turns":3.0},{"damage":4.0,"enemies":"Cultist","floor":5.0,"turns":3.0},{"damage":1.0,"enemies":"Small Slimes","floor":7.0,"turns":2.0},{"damage":13.0,"enemies":"Red Slaver","floor":8.0,"turns":3.0},{"damage":18.0,"enemies":"Lagavulin","floor":11.0,"turns":5.0},{"damage":0.0,"enemies":"Looter","floor":14.0,"turns":1.0},{"damage":50.0,"enemies":"The Guardian","floor":16.0,"turns":9.0},{"damage":15.0,"enemies":"2 Thieves","floor":18.0,"turns":4.0},{"damage":19.0,"enemies":"Spheric Guardian","floor":19.0,"turns":4.0},{"damage":18,"enemies":"Shelled Parasite and Fungi","floor":20,"turns":4},{"damage":15,"enemies":"Snecko","floor":24,"turns":3},{"damage":23,"enemies":"Book of Stabbing","floor":28,"turns":4},{"damage":15,"enemies":"Colosseum Slavers","floor":29,"turns":4},{"damage":32,"enemies":"Colosseum Nobs","floor":29,"turns":3}],"seed_played":"7608263669526498758","potions_obtained":[{"floor":7.0,"key":"Regen Potion"},{"floor":11.0,"key":"Fire Potion"},{"floor":14.0,"key":"LiquidBronze"},{"floor":18.0,"key":"AttackPotion"},{"floor":19.0,"key":"Energy Potion"},{"floor":24,"key":"LiquidBronze"}],"is_trial":false,"path_per_floor":["M","?","$","?","M","R","M","M","T","R","E","$","?","M","R","B",null,"M","M","M","$","?","R","M","R","T","R","E","?"],"character_chosen":"DEFECT","items_purchased":["Sunder","Defragment","Gash","Vajra"],"campfire_rested":2,"item_purchase_floors":[3,12,12,21],"current_hp_per_floor":[74,74,74,74,70,70,69,65,65,65,47,47,47,49,49,1,75,60,43,27,27,27,49,36,58,58,58,37,0],"gold":61,"neow_bonus":"THREE_CARDS","is_prod":false,"is_daily":false,"chose_seed":false,"campfire_upgraded":4,"win_rate":0,"timestamp":1541202260,"path_taken":["M","?","?","?","M","R","M","?","T","R","E","?","?","M","R","BOSS","M","M","?","$","?","R","M","R","T","R","E","?"],"build_version":"2018-11-01v2","purchased_purges":1,"victory":false,"max_hp_per_floor":[75,75,75,75,75,75,75,75,75,75,75,75,75,75,75,75,75,75,75,75,75,75,75,75,75,75,75,75,75],"card_choices":[{"not_picked":["BootSequence","Streamline"],"picked":"Stack","floor":0.0},{"not_picked":["Barrage","Go for the Eyes"],"picked":"Cold Snap","floor":1.0},{"not_picked":["Reinforced Body","Recycle"],"picked":"Melter","floor":5.0},{"not_picked":["Go for the Eyes","Gash"],"picked":"Echo Form","floor":7.0},{"not_picked":["Conserve Battery","Coolheaded"],"picked":"Sweeping Beam","floor":8.0},{"not_picked":["Hello World","Blizzard","Rainbow"],"picked":"SKIP","floor":11.0},{"not_picked":["Streamline","Steam Power"],"picked":"Defragment","floor":14.0},{"not_picked":["Creative AI","Core Surge"],"picked":"Seek","floor":16.0},{"not_picked":["Rip and Tear","Hologram"],"picked":"Barrage","floor":18.0},{"not_picked":["Barrage","Stack"],"picked":"Beam Cell+1","floor":19.0},{"not_picked":["Reinforced Body","Redo"],"picked":"Ball Lightning","floor":20},{"not_picked":["Beam Cell+1","Undo"],"picked":"Conserve Battery+1","floor":24},{"not_picked":["Compile Driver","All For One"],"picked":"Reinforced Body","floor":28}],"player_experience":603331,"relics_obtained":[{"floor":9.0,"key":"Matryoshka"},{"floor":11.0,"key":"Blood Vial"},{"floor":13.0,"key":"Dead Branch"},{"floor":26,"key":"Orichalcum"},{"floor":26,"key":"The Courier"},{"floor":28,"key":"Darkstone Periapt"}],"event_choices":[{"damage_healed":0.0,"max_hp_gain":0.0,"max_hp_loss":0.0,"gold_gain":0.0,"event_name":"Match and Keep!","player_choice":"1 cards matched","floor":2.0,"gold_loss":0.0,"damage_taken":0.0,"cards_obtained":["Zap"]},{"cards_removed":["Defend_B"],"damage_healed":0.0,"max_hp_gain":0.0,"max_hp_loss":0.0,"gold_gain":0.0,"event_name":"Bonfire Elementals","player_choice":"Offered Basic","floor":4.0,"gold_loss":0.0,"damage_taken":0.0},{"damage_healed":0.0,"max_hp_gain":0.0,"max_hp_loss":0.0,"gold_gain":0.0,"event_name":"Wheel of Change","player_choice":"Relic","floor":13.0,"gold_loss":0.0,"damage_taken":0.0},{"damage_healed":0,"gold_gain":0,"player_choice":"Ignored","damage_taken":0,"max_hp_gain":0,"max_hp_loss":0,"event_name":"Beggar","floor":22,"gold_loss":0},{"damage_healed":0,"gold_gain":0,"player_choice":"Fight","damage_taken":0,"max_hp_gain":0,"max_hp_loss":0,"event_name":"Colosseum","floor":29,"gold_loss":0},{"damage_healed":0,"gold_gain":0,"player_choice":"Fought Nobs","damage_taken":0,"max_hp_gain":0,"max_hp_loss":0,"event_name":"Colosseum","floor":29,"gold_loss":0}],"is_beta":true,"boss_relics":[{"not_picked":["Eternal Feather","Runic Pyramid"],"picked":"Cursed Key"}],"items_purged_floors":[12],"is_endless":false,"potions_floor_spawned":[7,11,14,18,19,24,29],"killed_by":"Colosseum Nobs","ascension_level":0}