{"gold_per_floor":[212,18,35,53,71,71,105,105,105,130,4,4,21,35,35,132,132,145,161,174,174,188,219,219,219],"floor_reached":25,"playtime":691,"items_purged":["Strike_R","Strike_R"],"score":225,"play_id":"e7ca24ad-1fc2-46ec-9a4b-8d4d82a04574","local_time":"20190713234154","is_ascension_mode":false,"campfire_choices":[{"data":"Pommel Strike","floor":6,"key":"SMITH"},{"data":"Inflame","floor":8,"key":"SMITH"},{"data":"Sword Boomerang","floor":15,"key":"SMITH"},{"data":"Demon Form","floor":24,"key":"SMITH"}],"neow_cost":"NONE","seed_source_timestamp":258206381404400,"circlet_count":0,"master_deck":["Strike_R","Strike_R","Strike_R","Defend_R","Defend_R+1","Defend_R+1","Defend_R","Bash","Inflame","Sword Boomerang+1","Pommel Strike+1","Inflame+1","Battle Trance","Shockwave","Sword Boomerang+1","Shrug It Off","Demon Form+1","Pain"],"relics":["Burning Blood","Bag of Preparation","War Paint","Odd Mushroom","Mark of Pain","WarpedTongs","Bottled Tornado"],"potions_floor_usage":[25],"damage_taken":[{"damage":6,"enemies":"Cultist","floor":1,"turns":3},{"damage":8,"enemies":"Jaw Worm","floor":3,"turns":3},{"damage":0,"enemies":"2 Louse","floor":4,"turns":2},{"damage":6,"enemies":"Red Slaver","floor":5,"turns":3},{"damage":29,"enemies":"3 Sentries","floor":7,"turns":7},{"damage":16,"enemies":"The Mushroom Lair","floor":10,"turns":4},{"damage":7,"enemies":"Looter","floor":13,"turns":3},{"damage":12,"enemies":"Blue Slaver","floor":14,"turns":2},{"damage":26,"enemies":"Hexaghost","floor":16,"turns":6},{"damage":2,"enemies":"Chosen","floor":18,"turns":3},{"damage":2,"enemies":"Spheric Guardian","floor":19,"turns":3},{"damage":13,"enemies":"Snecko","floor":20,"turns":4},{"damage":19,"enemies":"Centurion and Healer","floor":22,"turns":5},{"damage":30,"enemies":"Gremlin Leader","floor":23,"turns":6},{"damage":40,"enemies":"Snake Plant","floor":25,"turns":4}],"seed_played":"1201637593066538139","potions_obtained":[{"floor":3,"key":"GamblersBrew"},{"floor":4,"key":"Dexterity Potion"},{"floor":7,"key":"AttackPotion"}],"is_trial":false,"path_per_floor":["M","$","M","M","M","R","E","R","T","?","$","?","M","M","R","B",null,"M","M","M","?","M","E","R","M"],"character_chosen":"IRONCLAD","items_purchased":["Inflame","Sword Boomerang","Sword Boomerang"],"campfire_rested":0,"item_purchase_floors":[2,2,11],"current_hp_per_floor":[80,80,78,80,80,80,57,57,57,47,47,47,46,40,40,20,80,80,80,73,73,60,36,36,0],"gold":219,"neow_bonus":"HUNDRED_GOLD","is_prod":false,"is_daily":false,"chose_seed":false,"campfire_upgraded":4,"win_rate":0,"timestamp":1563050514,"path_taken":["M","$","M","M","M","R","E","R","T","?","$","?","M","?","R","BOSS","M","M","M","?","?","E","R","M"],"build_version":"2019-07-05","purchased_purges":2,"victory":false,"max_hp_per_floor":[80,80,80,80,80,80,80,80,80,80,80,80,80,80,80,80,80,80,80,80,80,80,80,80,80],"card_choices":[{"not_picked":["Sword Boomerang","Anger","Wild Strike"],"picked":"SKIP","floor":1},{"not_picked":["Warcry","Immolate"],"picked":"Pommel Strike","floor":3},{"not_picked":["Body Slam","Pummel","Flex"],"picked":"SKIP","floor":4},{"not_picked":["True Grit","Cleave"],"picked":"Inflame","floor":5},{"not_picked":["Clash","Flex"],"picked":"Battle Trance","floor":7},{"not_picked":["Uppercut","Dropkick"],"picked":"Shockwave","floor":10},{"not_picked":["Second Wind","Heavy Blade","Headbutt"],"picked":"SKIP","floor":13},{"not_picked":["Berserk","Cleave"],"picked":"Shrug It Off","floor":14},{"not_picked":["Barricade","Brutality"],"picked":"Demon Form","floor":16},{"not_picked":["Flex","Uppercut","Clash"],"picked":"SKIP","floor":18},{"not_picked":["Uppercut","Spot Weakness","True Grit"],"picked":"SKIP","floor":19},{"not_picked":["Feel No Pain","Fire Breathing","Combust"],"picked":"SKIP","floor":20},{"not_picked":["Rupture","Twin Strike","Havoc+1"],"picked":"SKIP","floor":22},{"not_picked":["Thunderclap","Demon Form","Clash"],"picked":"SKIP","floor":23}],"player_experience":707222,"relics_obtained":[{"floor":7,"key":"Bag of Preparation"},{"floor":9,"key":"War Paint"},{"floor":10,"key":"Odd Mushroom"},{"floor":23,"key":"Bottled Tornado"}],"event_choices":[{"damage_healed":0,"gold_gain":0,"player_choice":"Fought Mushrooms","damage_taken":0,"max_hp_gain":0,"max_hp_loss":0,"event_name":"Mushrooms","floor":10,"gold_loss":0},{"damage_healed":0,"gold_gain":0,"player_choice":"Upgraded","damage_taken":0,"max_hp_gain":0,"max_hp_loss":0,"event_name":"Upgrade Shrine","floor":12,"gold_loss":0,"cards_upgraded":["Sword Boomerang"]},{"damage_healed":0,"gold_gain":0,"player_choice":"Rummage","damage_taken":0,"relics_obtained":["WarpedTongs"],"max_hp_gain":0,"max_hp_loss":0,"event_name":"Accursed Blacksmith","floor":21,"gold_loss":0,"cards_obtained":["Pain"]}],"is_beta":false,"boss_relics":[{"not_picked":["Pandora\u0027s Box","White Beast Statue"],"picked":"Mark of Pain"}],"items_purged_floors":[2,11],"is_endless":false,"potions_floor_spawned":[3,4,7,18,23],"killed_by":"Snake Plant","ascension_level":0}