{"gold_per_floor":[213,228,28,28,28,28,46,46,70,70,108,127,81,97,97,218,218,231,30,48,48,61,61,61,79,79,98,98,131,131,145,145,269,269,294,12,12,12,33,33,71,71,95,95,95,119,142,142,142,142,142,142,40,83,83],"floor_reached":55,"playtime":1360,"items_purged":["Strike_R","Strike_R","Strike_R"],"score":715,"play_id":"04d0bb9a-dcc6-4ecf-9a78-ac782132fb28","local_time":"20190723192604","is_ascension_mode":false,"campfire_choices":[{"data":"Body Slam","floor":6.0,"key":"SMITH"},{"data":"Flame Barrier","floor":8.0,"key":"SMITH"},{"data":"Defend_R","floor":10.0,"key":"SMITH"},{"data":"Body Slam","floor":15.0,"key":"SMITH"},{"data":"Body Slam","floor":23.0,"key":"SMITH"},{"data":"Body Slam","floor":32,"key":"SMITH"},{"data":"Flame Barrier","floor":40,"key":"SMITH"},{"data":"Impervious","floor":42,"key":"SMITH"},{"data":"Shrug It Off","floor":44,"key":"SMITH"},{"floor":49,"key":"RECALL"},{"data":"Shrug It Off","floor":52,"key":"SMITH"}],"neow_cost":"NONE","seed_source_timestamp":6034577440400,"circlet_count":0,"master_deck":["Strike_R","Strike_R","Defend_R","Defend_R","Defend_R","Defend_R+1","Bash","Flame Barrier+1","Body Slam+1","Shrug It Off+1","Body Slam+1","Shrug It Off+1","Body Slam+1","Shrug It Off+1","Body Slam+1","Impervious+1","Evolve+1","Flame Barrier+1"],"special_seed":0,"relics":["Burning Blood","Golden Idol","Blood Vial","Bronze Scales","Coffee Dripper","Kunai","Art of War","MutagenicStrength","Orrery","Bag of Preparation","Incense Burner","Juzu Bracelet","Orichalcum"],"potions_floor_usage":[29,29,33,33,41,41,55,55,55],"damage_taken":[{"damage":0.0,"enemies":"Small Slimes","floor":1.0,"turns":3.0},{"damage":8.0,"enemies":"Jaw Worm","floor":2.0,"turns":4.0},{"damage":0.0,"enemies":"Cultist","floor":7.0,"turns":3.0},{"damage":14.0,"enemies":"Gremlin Nob","floor":11.0,"turns":4.0},{"damage":7.0,"enemies":"Exordium Wildlife","floor":12.0,"turns":5.0},{"damage":9.0,"enemies":"Exordium Thugs","floor":14.0,"turns":5.0},{"damage":43.0,"enemies":"Slime Boss","floor":16.0,"turns":12.0},{"damage":2.0,"enemies":"Chosen","floor":18.0,"turns":4.0},{"damage":7.0,"enemies":"Spheric Guardian","floor":20.0,"turns":5.0},{"damage":18.0,"enemies":"Shelled Parasite and Fungi","floor":22.0,"turns":5.0},{"damage":0,"enemies":"Sentry and Sphere","floor":25,"turns":3},{"damage":0,"enemies":"Centurion and Healer","floor":27,"turns":3},{"damage":0,"enemies":"Slavers","floor":29,"turns":4},{"damage":0,"enemies":"Snake Plant","floor":31,"turns":3},{"damage":36,"enemies":"Automaton","floor":33,"turns":8},{"damage":0,"enemies":"3 Shapes","floor":35,"turns":3},{"damage":0,"enemies":"Orb Walker","floor":39,"turns":1},{"damage":2,"enemies":"Reptomancer","floor":41,"turns":6},{"damage":0,"enemies":"Spire Growth","floor":46,"turns":2},{"damage":0,"enemies":"3 Darklings","floor":47,"turns":2},{"damage":34,"enemies":"Awakened One","floor":50,"turns":13},{"damage":12,"enemies":"Shield and Spear","floor":54,"turns":6},{"damage":76,"enemies":"The Heart","floor":55,"turns":6}],"seed_played":"-6722859094139370536","potions_obtained":[{"floor":2.0,"key":"Poison Potion"},{"floor":12.0,"key":"Strength Potion"},{"floor":14.0,"key":"Block Potion"},{"floor":20.0,"key":"Block Potion"},{"floor":22.0,"key":"Swift Potion"},{"floor":29,"key":"EntropicBrew"},{"floor":33,"key":"Block Potion"},{"floor":39,"key":"Dexterity Potion"},{"floor":54,"key":"LiquidBronze"}],"is_trial":false,"path_per_floor":["M","M","$","?","T","R","M","R","T","R","E","M","$","M","R","B",null,"M","$","M","$","M","R","?","M","T","M","$","E","?","M","R","B",null,"M","$","?","?","M","R","E","R","T","R","$","M","M","?","R","B",null,"R","$","E","B"],"character_chosen":"IRONCLAD","items_purchased":["Flame Barrier","Body Slam","Body Slam","Shrug It Off","Body Slam","Bag of Preparation","SkillPotion","SkillPotion"],"campfire_rested":0,"item_purchase_floors":[3,3,13,19,19,36,53,53],"current_hp_per_floor":[80,78,78,58,58,58,64,64,64,64,58,59,59,58,58,23,80,80,80,79,79,68,68,68,76,76,80,80,80,80,80,80,50,80,80,80,80,76,76,76,76,76,76,76,76,76,76,76,76,48,76,76,76,70,0],"gold":83,"neow_bonus":"HUNDRED_GOLD","is_prod":false,"is_daily":false,"chose_seed":false,"campfire_upgraded":10,"win_rate":0,"timestamp":1563899164,"path_taken":["M","M","$","?","?","R","M","R","T","R","E","M","$","M","R","BOSS","M","$","?","$","M","R","?","M","T","M","?","E","?","M","R","BOSS","M","$","?","?","M","R","E","R","T","R","$","M","M","?","R","BOSS","R","$","E","BOSS"],"build_version":"2019-07-17","purchased_purges":3,"victory":false,"max_hp_per_floor":[80,80,80,80,80,80,80,80,80,80,80,80,80,80,80,80,80,80,80,80,80,80,80,80,80,80,80,80,80,80,80,80,80,80,80,80,80,76,76,76,76,76,76,76,76,76,76,76,76,76,76,76,76,76,76],"card_choices":[{"not_picked":["Iron Wave","Entrench","Rampage"],"picked":"SKIP","floor":1.0},{"not_picked":["Thunderclap","Feel No Pain","Perfected Strike"],"picked":"SKIP","floor":2.0},{"not_picked":["Sever Soul","Twin Strike","Sentinel"],"picked":"SKIP","floor":7.0},{"not_picked":["Spot Weakness","Combust","Seeing Red"],"picked":"SKIP","floor":11.0},{"not_picked":["Infernal Blade","Iron Wave"],"picked":"Shrug It Off","floor":12.0},{"not_picked":["Iron Wave","Havoc","Rupture"],"picked":"SKIP","floor":14.0},{"not_picked":["Rampage","Intimidate","Metallicize"],"picked":"SKIP","floor":18.0},{"not_picked":["Thunderclap","Inflame"],"picked":"Shrug It Off+1","floor":20.0},{"not_picked":["Uppercut+1","Clothesline","Power Through"],"picked":"SKIP","floor":22.0},{"not_picked":["Uppercut","Rage+1","Pommel Strike"],"picked":"SKIP","floor":25},{"not_picked":["Iron Wave","Twin Strike"],"picked":"Body Slam","floor":27},{"not_picked":["Clash","Infernal Blade+1"],"picked":"Impervious","floor":29},{"not_picked":["Body Slam","Clash+1","Clothesline"],"picked":"SKIP","floor":31},{"not_picked":["Intimidate","Body Slam"],"picked":"Evolve+1","floor":34},{"not_picked":["Headbutt","Pommel Strike"],"picked":"Flame Barrier","floor":35},{"not_picked":["Demon Form","Feel No Pain","Anger"],"picked":"SKIP","floor":39},{"not_picked":["Feel No Pain+1","Perfected Strike+1","True Grit"],"picked":"SKIP","floor":41},{"not_picked":["Thunderclap","Wild Strike","Twin Strike+1"],"picked":"SKIP","floor":46},{"not_picked":["Iron Wave","Clash","Disarm"],"picked":"SKIP","floor":47},{"not_picked":["Whirlwind+1","Sword Boomerang","Evolve"],"picked":"SKIP","floor":54}],"player_experience":747590,"relics_obtained":[{"floor":9.0,"key":"Blood Vial"},{"floor":11.0,"key":"Bronze Scales"},{"floor":26,"key":"Kunai"},{"floor":29,"key":"Art of War"},{"floor":41,"key":"Incense Burner"},{"floor":43,"key":"Juzu Bracelet"},{"floor":54,"key":"Orichalcum"}],"event_choices":[{"damage_healed":0.0,"max_hp_gain":0.0,"max_hp_loss":0.0,"gold_gain":0.0,"event_name":"Golden Idol","player_choice":"Take Damage","floor":4.0,"gold_loss":0.0,"damage_taken":20.0,"relics_obtained":["Golden Idol"]},{"damage_healed":0.0,"max_hp_gain":0.0,"max_hp_loss":0.0,"gold_gain":0.0,"event_name":"Vampires","player_choice":"Ignored","floor":24.0,"gold_loss":0.0,"damage_taken":0.0},{"damage_healed":0,"gold_gain":0,"player_choice":"Inject Mutagens","damage_taken":0,"relics_obtained":["MutagenicStrength"],"max_hp_gain":0,"max_hp_loss":0,"event_name":"Drug Dealer","floor":30,"gold_loss":0},{"damage_healed":0,"gold_gain":0,"player_choice":"Memory 1","damage_taken":0,"max_hp_gain":0,"max_hp_loss":0,"event_name":"SensoryStone","floor":37,"gold_loss":0},{"damage_healed":0,"gold_gain":0,"player_choice":"Max HP","damage_taken":0,"max_hp_gain":0,"max_hp_loss":4,"event_name":"Winding Halls","floor":38,"gold_loss":0},{"damage_healed":0,"gold_gain":0,"player_choice":"Ignored","damage_taken":0,"max_hp_gain":0,"max_hp_loss":0,"event_name":"Tomb of Lord Red Mask","floor":48,"gold_loss":0}],"is_beta":false,"boss_relics":[{"not_picked":["Snecko Eye","Black Blood"],"picked":"Coffee Dripper"},{"not_picked":["Pandora\u0027s Box","Calling Bell"],"picked":"Orrery"}],"items_purged_floors":[3,19,36],"is_endless":false,"potions_floor_spawned":[2,12,14,20,22,29,33,39,54],"killed_by":"The Heart","ascension_level":0}