{"gold_per_floor":[366,291,311,327,327,355,355,373,373,448,461,479,654,367,367,467,467,467,467,467,467,50,50,50,50,50,10,10,10,10,10,10,10,10,10,10,10,10,10,10,10,10,10,10,10,0,0,0],"floor_reached":48,"playtime":1704,"items_purged":["Writhe","Doubt","Writhe"],"score":428,"play_id":"6e47af46-d2e8-4d0b-9ba1-67b21db7bf0c","local_time":"20181123024418","is_ascension_mode":false,"campfire_choices":[{"data":"Inflame","floor":7.0,"key":"SMITH"},{"floor":15.0,"key":"REST"},{"data":"Demon Form","floor":23.0,"key":"SMITH"},{"data":"Sword Boomerang","floor":28,"key":"SMITH"},{"data":"Inflame","floor":32,"key":"SMITH"},{"data":"Inflame","floor":40,"key":"SMITH"}],"neow_cost":"CURSE","seed_source_timestamp":110666189560795,"circlet_count":0,"master_deck":["Strike_R","Strike_R","Strike_R","Strike_R","Strike_R","Defend_R","Defend_R","Defend_R","Bash","Sword Boomerang+1","Inflame+1","Inflame+1","Inflame+1","Demon Form+1","Twin Strike","Dropkick","Whirlwind","Headbutt","Thunderclap","Shrug It Off","Decay"],"special_seed":0,"relics":["Burning Blood","Torii","Matryoshka","Anchor","Unceasing Top","Juzu Bracelet","Ectoplasm","Happy Flower","Paper Frog","Strawberry","Potion Belt","Eternal Feather","Turnip","Vajra","Red Mask"],"potions_floor_usage":[33,33,41],"damage_taken":[{"damage":14.0,"enemies":"Jaw Worm","floor":1.0,"turns":4.0},{"damage":1.0,"enemies":"2 Louse","floor":3.0,"turns":3.0},{"damage":2.0,"enemies":"Small Slimes","floor":4.0,"turns":5.0},{"damage":54.0,"enemies":"Lagavulin","floor":6.0,"turns":6.0},{"damage":8.0,"enemies":"Blue Slaver","floor":8.0,"turns":4.0},{"damage":0.0,"enemies":"Exordium Wildlife","floor":11.0,"turns":3.0},{"damage":1.0,"enemies":"3 Louse","floor":12.0,"turns":3.0},{"damage":13.0,"enemies":"The Guardian","floor":16.0,"turns":7.0},{"damage":12.0,"enemies":"Shell Parasite","floor":18.0,"turns":5.0},{"damage":1.0,"enemies":"Chosen","floor":19.0,"turns":4.0},{"damage":18.0,"enemies":"Snecko","floor":24.0,"turns":4.0},{"damage":10,"enemies":"Sentry and Sphere","floor":30,"turns":3},{"damage":60,"enemies":"Champ","floor":33,"turns":7},{"damage":22,"enemies":"3 Darklings","floor":35,"turns":4},{"damage":20,"enemies":"Orb Walker","floor":39,"turns":4},{"damage":33,"enemies":"Jaw Worm Horde","floor":41,"turns":3},{"damage":18,"enemies":"Mind Bloom Boss Battle","floor":42,"turns":5},{"damage":26,"enemies":"3 Darklings","floor":45,"turns":4},{"damage":11,"enemies":"4 Shapes","floor":48,"turns":6}],"seed_played":"8285879147016240285","potions_obtained":[{"floor":1.0,"key":"Fire Potion"},{"floor":4.0,"key":"AttackPotion"},{"floor":12.0,"key":"PowerPotion"},{"floor":16.0,"key":"SkillPotion"},{"floor":18.0,"key":"PowerPotion"},{"floor":19.0,"key":"Fire Potion"},{"floor":35,"key":"Poison Potion"}],"is_trial":false,"path_per_floor":["M","$","M","M","?","E","R","M","T","?","M","M","?","$","R","B",null,"M","M","?","?","$","R","M","$","T","$","R","?","M","$","R","B",null,"M","?","?","$","M","R","M","?","T","$","M","?","?","M"],"character_chosen":"IRONCLAD","items_purchased":["Juzu Bracelet","Inflame","Paper Frog","Dropkick","Whirlwind"],"campfire_rested":1,"item_purchase_floors":[14,14,22,22,27],"current_hp_per_floor":[72,72,77,80,73,25,25,23,23,12,18,23,23,23,47,40,80,74,79,79,79,79,79,67,67,74,74,74,66,62,62,62,8,87,71,71,71,71,57,66,39,27,27,27,7,7,7,0],"gold":0,"neow_bonus":"TWO_FIFTY_GOLD","is_prod":false,"is_daily":false,"chose_seed":false,"campfire_upgraded":5,"win_rate":0,"timestamp":1542933858,"path_taken":["M","$","M","M","?","E","R","M","T","?","M","M","?","$","R","BOSS","M","M","?","?","?","R","M","$","T","$","R","?","M","$","R","BOSS","M","?","?","$","M","R","M","?","T","$","M","?","?","M"],"build_version":"2018-11-15","purchased_purges":3,"victory":false,"max_hp_per_floor":[80,80,80,80,80,80,80,80,80,80,80,80,80,80,80,80,80,80,80,80,80,80,80,80,80,87,87,87,87,87,87,87,87,87,87,87,87,87,87,87,87,87,87,87,87,87,87,87],"card_choices":[{"not_picked":["Uppercut","Warcry","Anger"],"picked":"SKIP","floor":1.0},{"not_picked":["Sentinel","Wild Strike","Carnage"],"picked":"SKIP","floor":3.0},{"not_picked":["Iron Wave","Flex"],"picked":"Sword Boomerang","floor":4.0},{"not_picked":["Anger","Havoc"],"picked":"Inflame","floor":6.0},{"not_picked":["Clash","Pommel Strike","Uppercut"],"picked":"SKIP","floor":8.0},{"not_picked":["Iron Wave","Cleave"],"picked":"Inflame","floor":11.0},{"not_picked":["Thunderclap","Flex","Body Slam"],"picked":"SKIP","floor":12.0},{"not_picked":["Immolate","Brutality"],"picked":"Demon Form","floor":16.0},{"not_picked":["Rampage","Armaments","Metallicize"],"picked":"SKIP","floor":18.0},{"not_picked":["Sever Soul","Clash"],"picked":"Twin Strike","floor":19.0},{"not_picked":["Body Slam","Intimidate","Iron Wave"],"picked":"SKIP","floor":24.0},{"not_picked":["Shrug It Off+1","Clothesline"],"picked":"Headbutt","floor":30},{"not_picked":["Ghostly Armor+1","Armaments","Carnage+1"],"picked":"SKIP","floor":35},{"not_picked":["Disarm+1","Flex","Havoc"],"picked":"SKIP","floor":39},{"not_picked":["Dual Wield+1","Headbutt+1"],"picked":"Thunderclap","floor":41},{"not_picked":["Power Through+1","Seeing Red+1"],"picked":"Shrug It Off","floor":45}],"player_experience":496583,"relics_obtained":[{"floor":6.0,"key":"Matryoshka"},{"floor":9.0,"key":"Anchor"},{"floor":9.0,"key":"Unceasing Top"},{"floor":26.0,"key":"Strawberry"},{"floor":26.0,"key":"Potion Belt"},{"floor":42,"key":"Turnip"},{"floor":43,"key":"Vajra"}],"event_choices":[{"damage_healed":0.0,"max_hp_gain":0.0,"max_hp_loss":0.0,"gold_gain":0.0,"event_name":"Scrap Ooze","player_choice":"Success","floor":5.0,"gold_loss":0.0,"damage_taken":7.0,"relics_obtained":["Torii"]},{"damage_healed":0.0,"max_hp_gain":0.0,"max_hp_loss":0.0,"gold_gain":75.0,"event_name":"World of Goop","player_choice":"Gather Gold","floor":10.0,"gold_loss":0.0,"damage_taken":11.0},{"damage_healed":0.0,"max_hp_gain":0.0,"max_hp_loss":0.0,"gold_gain":175.0,"event_name":"Liars Game","player_choice":"AGREE","floor":13.0,"gold_loss":0.0,"damage_taken":0.0,"cards_obtained":["Doubt"]},{"damage_healed":0.0,"max_hp_gain":0.0,"max_hp_loss":0.0,"gold_gain":0.0,"event_name":"The Mausoleum","player_choice":"Opened","floor":20.0,"gold_loss":0.0,"damage_taken":0.0,"relics_obtained":["Happy Flower"],"cards_obtained":["Writhe"]},{"damage_healed":0,"gold_gain":0,"player_choice":"","damage_taken":8,"max_hp_gain":0,"max_hp_loss":0,"event_name":"Knowing Skull","floor":29,"potions_obtained":[],"gold_loss":0,"cards_obtained":[]},{"damage_healed":0,"gold_gain":0,"player_choice":"Ignored","damage_taken":0,"max_hp_gain":0,"max_hp_loss":0,"event_name":"Golden Shrine","floor":36,"gold_loss":0},{"cards_removed":["Defend_R"],"damage_healed":0,"gold_gain":0,"player_choice":"Removed Skill","damage_taken":0,"max_hp_gain":0,"max_hp_loss":0,"event_name":"Falling","floor":37,"gold_loss":0},{"damage_healed":0,"gold_gain":0,"player_choice":"Fight","damage_taken":0,"max_hp_gain":0,"max_hp_loss":0,"event_name":"MindBloom","floor":42,"gold_loss":0},{"damage_healed":0,"gold_gain":0,"player_choice":"Paid","damage_taken":0,"relics_obtained":["Red Mask"],"max_hp_gain":0,"max_hp_loss":0,"event_name":"Tomb of Lord Red Mask","floor":46,"gold_loss":10},{"damage_healed":0,"gold_gain":0,"player_choice":"Cursed","damage_taken":0,"max_hp_gain":0,"max_hp_loss":0,"event_name":"Wheel of Change","floor":47,"gold_loss":0,"cards_obtained":["Decay"]}],"is_beta":false,"boss_relics":[{"not_picked":["Snecko Eye","Velvet Choker"],"picked":"Ectoplasm"},{"not_picked":["Tiny House","Astrolabe"],"picked":"Eternal Feather"}],"items_purged_floors":[2,14,22],"is_endless":false,"potions_floor_spawned":[1,4,12,16,18,19,24,35],"killed_by":"4 Shapes","ascension_level":0}