{"gold_per_floor":[362,374,134,144,157,170,197,197,197,197,197,210,210,227,227,324,324,339,339,72,83,97,111,111,137,191,46,57,68,68,84,84,184,184,203,53,70,70,86,86,102,113,162,262,30,30,48,101,101,101],"floor_reached":51,"playtime":1595,"items_purged":["Strike_R+1"],"score":725,"play_id":"170fbc90-dde3-4309-b637-509dc280ceab","local_time":"20190615181716","is_ascension_mode":false,"campfire_choices":[{"data":"Armaments","floor":8,"key":"SMITH"},{"data":"Metallicize","floor":11,"key":"SMITH"},{"data":"Battle Trance","floor":13,"key":"SMITH"},{"data":"Spot Weakness","floor":15,"key":"SMITH"},{"data":"Inflame","floor":24,"key":"SMITH"},{"data":"Inflame","floor":32,"key":"SMITH"},{"data":"Bash","floor":40,"key":"SMITH"},{"data":"Feed","floor":46,"key":"SMITH"},{"floor":49,"key":"REST"}],"neow_cost":"PERCENT_DAMAGE","seed_source_timestamp":155052530823000,"circlet_count":0,"master_deck":["Strike_R+1","Strike_R+1","Strike_R+1","Strike_R+1","Defend_R+1","Defend_R+1","Defend_R+1","Defend_R+1","Bash+1","Battle Trance+1","Shrug It Off+1","Metallicize+1","Armaments+1","Spot Weakness+1","Feed+1","Inflame+1","Whirlwind","Inflame+1","Twin Strike","Limit Break+1","Headbutt+1","Inflame+1"],"relics":["Black Blood","PreservedInsect","Pen Nib","Red Skull","Velvet Choker","Vajra","Bronze Scales","Happy Flower","Anchor","War Paint","Lantern","Omamori","Champion Belt"],"potions_floor_usage":[16,48,50,50,50,50],"damage_taken":[{"damage":0,"enemies":"Small Slimes","floor":1,"turns":3},{"damage":1,"enemies":"Jaw Worm","floor":2,"turns":5},{"damage":0,"enemies":"Cultist","floor":4,"turns":5},{"damage":8,"enemies":"3 Louse","floor":5,"turns":4},{"damage":6,"enemies":"Large Slime","floor":6,"turns":10},{"damage":32,"enemies":"Gremlin Nob","floor":7,"turns":5},{"damage":7,"enemies":"2 Fungi Beasts","floor":12,"turns":3},{"damage":3,"enemies":"3 Louse","floor":14,"turns":4},{"damage":19,"enemies":"Slime Boss","floor":16,"turns":11},{"damage":17,"enemies":"Spheric Guardian","floor":18,"turns":4},{"damage":0,"enemies":"Chosen","floor":21,"turns":3},{"damage":6,"enemies":"Snecko","floor":22,"turns":4},{"damage":7,"enemies":"Sentry and Sphere","floor":23,"turns":4},{"damage":11,"enemies":"Book of Stabbing","floor":25,"turns":5},{"damage":11,"enemies":"Snake Plant","floor":28,"turns":3},{"damage":0,"enemies":"Chosen and Byrds","floor":29,"turns":4},{"damage":1,"enemies":"3 Cultists","floor":31,"turns":4},{"damage":32,"enemies":"Champ","floor":33,"turns":9},{"damage":7,"enemies":"3 Darklings","floor":35,"turns":3},{"damage":0,"enemies":"3 Shapes","floor":37,"turns":3},{"damage":9,"enemies":"Maw","floor":39,"turns":5},{"damage":8,"enemies":"Jaw Worm Horde","floor":41,"turns":4},{"damage":12,"enemies":"4 Shapes","floor":42,"turns":4},{"damage":19,"enemies":"3 Darklings","floor":47,"turns":5},{"damage":39,"enemies":"2 Orb Walkers","floor":48,"turns":4},{"damage":60,"enemies":"Time Eater","floor":50,"turns":5}],"seed_played":"6948401859315228383","potions_obtained":[{"floor":4,"key":"Dexterity Potion"},{"floor":5,"key":"SpeedPotion"},{"floor":6,"key":"EssenceOfSteel"},{"floor":23,"key":"SteroidPotion"},{"floor":37,"key":"EntropicBrew"},{"floor":39,"key":"Regen Potion"}],"is_trial":false,"path_per_floor":["M","M","$","M","M","M","E","R","T","?","R","M","R","M","R","B",null,"M","?","$","M","M","M","R","E","T","$","M","M","$","M","R","B",null,"M","$","M","$","M","R","M","M","T","?","$","R","M","?","R","B",null],"character_chosen":"IRONCLAD","items_purchased":["Metallicize","Armaments","PreservedInsect","Vajra","Inflame","Whirlwind","Anchor","War Paint","Omamori"],"campfire_rested":1,"item_purchase_floors":[3,3,3,20,20,20,27,36,45],"current_hp_per_floor":[62,67,67,73,71,71,45,45,45,71,71,70,70,73,73,60,80,73,73,73,82,82,84,84,79,79,79,74,83,83,91,91,65,96,96,96,96,96,96,96,99,100,100,100,100,100,91,71,101,61],"gold":101,"neow_bonus":"TWO_FIFTY_GOLD","is_prod":false,"is_daily":false,"chose_seed":false,"campfire_upgraded":8,"win_rate":0,"timestamp":1560611836,"path_taken":["M","M","$","M","M","M","E","R","T","?","R","M","R","M","R","BOSS","M","?","$","M","M","M","R","E","T","$","M","M","$","M","R","BOSS","M","$","M","$","M","R","M","M","T","?","?","R","M","?","R","BOSS"],"build_version":"2019-01-23","purchased_purges":1,"victory":true,"max_hp_per_floor":[80,80,80,80,80,80,80,80,80,80,80,80,80,80,80,80,80,84,84,84,87,87,90,90,90,90,90,90,93,93,96,96,96,96,96,96,96,96,96,96,99,102,102,102,102,102,102,102,102,102],"card_choices":[{"not_picked":["Perfected Strike","Twin Strike"],"picked":"Battle Trance","floor":1},{"not_picked":["Power Through","Armaments"],"picked":"Shrug It Off","floor":2},{"not_picked":["Iron Wave","Sword Boomerang","Twin Strike"],"picked":"SKIP","floor":4},{"not_picked":["Pommel Strike","Flex","Dual Wield"],"picked":"SKIP","floor":5},{"not_picked":["Reaper","Heavy Blade","Sword Boomerang"],"picked":"SKIP","floor":6},{"not_picked":["Fire Breathing","Flex","Intimidate"],"picked":"SKIP","floor":7},{"not_picked":["Wild Strike","Heavy Blade","Double Tap"],"picked":"SKIP","floor":12},{"not_picked":["Twin Strike","Disarm"],"picked":"Spot Weakness","floor":14},{"not_picked":["Immolate","Fiend Fire"],"picked":"Feed","floor":16},{"not_picked":["Dual Wield","Clothesline","Iron Wave"],"picked":"SKIP","floor":18},{"not_picked":["Sentinel+1","Armaments+1","Rampage"],"picked":"SKIP","floor":21},{"not_picked":["Power Through","Disarm","Body Slam+1"],"picked":"SKIP","floor":22},{"not_picked":["Disarm","Dual Wield","Thunderclap+1"],"picked":"SKIP","floor":23},{"not_picked":["Dropkick","Body Slam+1","Shockwave"],"picked":"SKIP","floor":25},{"not_picked":["Twin Strike","Sentinel"],"picked":"Inflame","floor":28},{"not_picked":["Armaments","Ghostly Armor"],"picked":"Twin Strike","floor":29},{"not_picked":["Seeing Red","Anger+1","Corruption"],"picked":"SKIP","floor":31},{"not_picked":["Impervious","Offering"],"picked":"Limit Break","floor":33},{"not_picked":["Clothesline","Shrug It Off+1"],"picked":"Headbutt+1","floor":35},{"not_picked":["Pommel Strike+1","Armaments","Battle Trance+1"],"picked":"SKIP","floor":37},{"not_picked":["Flex+1","Intimidate+1","Clothesline"],"picked":"SKIP","floor":39},{"not_picked":["Immolate","Warcry","Wild Strike+1"],"picked":"SKIP","floor":41},{"not_picked":["Heavy Blade+1","Sentinel"],"picked":"Inflame+1","floor":42},{"not_picked":["Rupture+1","Reckless Charge+1","Intimidate+1"],"picked":"SKIP","floor":47}],"player_experience":614043,"relics_obtained":[{"floor":7,"key":"Pen Nib"},{"floor":9,"key":"Red Skull"},{"floor":25,"key":"Bronze Scales"},{"floor":26,"key":"Happy Flower"},{"floor":43,"key":"Lantern"},{"floor":48,"key":"Champion Belt"}],"event_choices":[{"damage_healed":26,"gold_gain":0,"player_choice":"Banana","damage_taken":0,"max_hp_gain":0,"max_hp_loss":0,"event_name":"Big Fish","floor":10,"gold_loss":0},{"damage_healed":0,"gold_gain":0,"player_choice":"Simplicity","damage_taken":0,"max_hp_gain":0,"max_hp_loss":0,"event_name":"Back to Basics","floor":19,"gold_loss":0,"cards_upgraded":["Strike_R","Strike_R","Strike_R","Strike_R","Strike_R","Defend_R","Defend_R","Defend_R","Defend_R"]},{"damage_healed":0,"gold_gain":100,"player_choice":"Pray","damage_taken":0,"max_hp_gain":0,"max_hp_loss":0,"event_name":"Golden Shrine","floor":44,"gold_loss":0},{"damage_healed":0,"gold_gain":0,"player_choice":"Fight","damage_taken":0,"max_hp_gain":0,"max_hp_loss":0,"event_name":"Mysterious Sphere","floor":48,"gold_loss":0}],"is_beta":false,"boss_relics":[{"not_picked":["Pandora\u0027s Box","Snecko Eye"],"picked":"Velvet Choker"},{"not_picked":["Black Star","Lizard Tail"],"picked":"Black Blood"}],"items_purged_floors":[45],"is_endless":false,"potions_floor_spawned":[4,5,6,12,23,29,31,37,39,41,47],"ascension_level":0}