{"gold_per_floor":[20,20,20,31,0,27,27,72,96,96,124,124,158,176,176,273,273,284,303,322,322,36,36,71,1,25,58,58,58,91,109,109,206,206,218,143,103,123,140,171,203,203,203,231,242,260,271,282,282,282],"floor_reached":51,"playtime":16387,"items_purged":["Neutralize"],"score":964,"play_id":"38efe875-9fde-488a-b4cf-6a210eca4ef3","local_time":"20190723164613","is_ascension_mode":true,"campfire_choices":[{"floor":7,"key":"REST"},{"floor":12,"key":"REST"},{"floor":15,"key":"REST"},{"floor":23,"key":"REST"},{"floor":28,"key":"REST"},{"data":"Leg Sweep","floor":32,"key":"SMITH"},{"data":"Flechettes","floor":42,"key":"SMITH"},{"data":"Deadly Poison","floor":49,"key":"SMITH"}],"neow_cost":"NO_GOLD","seed_source_timestamp":5118336768321,"circlet_count":0,"master_deck":["Strike_G+1","Defend_G+1","Defend_G+1","Defend_G+1","Defend_G+1","Defend_G+1","Survivor","Night Terror+1","Flechettes+1","Riddle With Holes","PiercingWail","Infinite Blades","Deadly Poison+1","Backflip","Bouncing Flask+1","Noxious Fumes+1","Leg Sweep+1","Venomology","Cloak And Dagger+1","Bane","Predator+1","Riddle With Holes+1","Terror","Backflip+1","Bullet Time+1","Footwork+1","Outmaneuver+1","Crippling Poison+1","Catalyst+1"],"relics":["Ring of the Snake","Dream Catcher","PreservedInsect","Pen Nib","Bronze Scales","Art of War","Snecko Eye","Thread and Needle","WingedGreaves","Bag of Preparation","Toxic Egg 2","MutagenicStrength","Dodecahedron","Empty Cage","Bag of Marbles","Ancient Tea Set","Bottled Tornado","Centennial Puzzle"],"potions_floor_usage":[11,13,20,24,24,27,30,33,35,38,39,41,44,45,46,47,48,48,50,50],"damage_taken":[{"damage":1,"enemies":"2 Louse","floor":1,"turns":4},{"damage":2,"enemies":"Small Slimes","floor":4,"turns":3},{"damage":30,"enemies":"Lagavulin","floor":6,"turns":10},{"damage":21,"enemies":"3 Sentries","floor":11,"turns":7},{"damage":24,"enemies":"Gremlin Nob","floor":13,"turns":4},{"damage":1,"enemies":"Cultist","floor":14,"turns":3},{"damage":16,"enemies":"Slime Boss","floor":16,"turns":11},{"damage":16,"enemies":"3 Byrds","floor":18,"turns":3},{"damage":0,"enemies":"Chosen","floor":19,"turns":3},{"damage":12,"enemies":"Centurion and Healer","floor":20,"turns":4},{"damage":11,"enemies":"Gremlin Leader","floor":24,"turns":5},{"damage":10,"enemies":"Slavers","floor":27,"turns":4},{"damage":4,"enemies":"Book of Stabbing","floor":30,"turns":4},{"damage":0,"enemies":"Snake Plant","floor":31,"turns":2},{"damage":14,"enemies":"Collector","floor":33,"turns":4},{"damage":0,"enemies":"3 Darklings","floor":35,"turns":1},{"damage":0,"enemies":"Orb Walker","floor":38,"turns":2},{"damage":0,"enemies":"Jaw Worm Horde","floor":39,"turns":1},{"damage":0,"enemies":"Reptomancer","floor":40,"turns":2},{"damage":0,"enemies":"Giant Head","floor":41,"turns":4},{"damage":0,"enemies":"Reptomancer","floor":44,"turns":2},{"damage":0,"enemies":"Maw","floor":45,"turns":4},{"damage":0,"enemies":"Transient","floor":46,"turns":5},{"damage":0,"enemies":"Sphere and 2 Shapes","floor":47,"turns":5},{"damage":0,"enemies":"Maw","floor":48,"turns":6},{"damage":60,"enemies":"Time Eater","floor":50,"turns":9}],"seed_played":"4912160488175495655","potions_obtained":[{"floor":6,"key":"Ancient Potion"},{"floor":11,"key":"Weak Potion"},{"floor":16,"key":"SpeedPotion"},{"floor":24,"key":"Block Potion"},{"floor":30,"key":"Ancient Potion"},{"floor":31,"key":"GamblersBrew"},{"floor":38,"key":"SteroidPotion"},{"floor":40,"key":"LiquidBronze"},{"floor":41,"key":"Weak Potion"},{"floor":44,"key":"SpeedPotion"}],"is_trial":false,"path_per_floor":["M","?","?","M","?","E","R","T","T","?","E","R","E","M","R","B",null,"M","M","M","?","$","R","E","$","T","E","R","?","E","M","R","B",null,"M","$","?","M","M","E","E","R","T","E","M","M","M","M","R","B",null],"character_chosen":"THE_SILENT","items_purchased":["Thread and Needle","Terror"],"campfire_rested":5,"item_purchase_floors":[22,25],"current_hp_per_floor":[69,69,55,53,53,23,44,44,44,44,23,44,20,19,40,24,70,54,54,42,42,42,63,52,52,52,42,63,63,59,59,59,45,70,70,70,70,70,70,70,70,70,70,70,70,70,70,70,70,10],"gold":282,"neow_bonus":"TRANSFORM_TWO_CARDS","is_prod":false,"is_daily":false,"chose_seed":false,"campfire_upgraded":3,"win_rate":0,"timestamp":1563918373,"path_taken":["M","?","?","M","?","E","R","?","T","?","E","R","E","M","R","BOSS","M","?","M","?","$","R","E","$","T","E","R","?","E","M","R","BOSS","M","$","?","M","M","E","E","R","T","E","M","M","?","?","R","BOSS"],"build_version":"2019-07-17","purchased_purges":1,"victory":true,"max_hp_per_floor":[70,70,70,70,70,70,70,70,70,70,70,70,70,70,70,70,70,70,70,70,70,70,70,70,70,70,70,70,70,70,70,70,70,70,70,70,70,70,70,70,70,70,70,70,70,70,70,70,70,70],"card_choices":[{"not_picked":["Cloak And Dagger","PiercingWail"],"picked":"Flechettes","floor":1},{"not_picked":["Reflex","Dagger Throw"],"picked":"PiercingWail","floor":4},{"not_picked":["Storm of Steel","Underhanded Strike"],"picked":"Infinite Blades","floor":6},{"not_picked":["Deflect","Backstab"],"picked":"Deadly Poison","floor":7},{"not_picked":["Poisoned Stab","Acrobatics"],"picked":"Backflip","floor":11},{"not_picked":["Reflex","Dagger Throw"],"picked":"Bouncing Flask","floor":12},{"not_picked":["Blur","Dodge and Roll"],"picked":"Noxious Fumes","floor":13},{"not_picked":["Slice","Outmaneuver"],"picked":"Escape Plan","floor":14},{"not_picked":["Flying Knee","Choke"],"picked":"Leg Sweep","floor":15},{"not_picked":["Unload","Corpse Explosion"],"picked":"Venomology","floor":16},{"not_picked":["Sucker Punch+1","Tactician"],"picked":"Cloak And Dagger+1","floor":18},{"not_picked":["Dagger Throw","Concentrate","Calculated Gamble"],"picked":"SKIP","floor":19},{"not_picked":["Sucker Punch","Well Laid Plans+1"],"picked":"Bane","floor":20},{"not_picked":["Prepared","Poisoned Stab+1"],"picked":"Predator+1","floor":23},{"not_picked":["Underhanded Strike","Cloak And Dagger"],"picked":"Riddle With Holes+1","floor":24},{"not_picked":["Tactician","Malaise","Poisoned Stab"],"picked":"SKIP","floor":27},{"not_picked":["Accuracy","Escape Plan+1"],"picked":"Backflip+1","floor":28},{"not_picked":["Unload","Prepared+1","Dagger Spray+1"],"picked":"SKIP","floor":30},{"not_picked":["Underhanded Strike+1","Dagger Spray","Blade Dance+1"],"picked":"SKIP","floor":31},{"not_picked":["Glass Knife","Die Die Die"],"picked":"Bullet Time+1","floor":33},{"not_picked":["Dodge and Roll+1","Tactician+1","Cloak And Dagger+1"],"picked":"SKIP","floor":35},{"not_picked":["Flying Knee","Choke"],"picked":"Footwork+1","floor":38},{"not_picked":["PiercingWail+1","Noxious Fumes","Dodge and Roll+1"],"picked":"SKIP","floor":39},{"not_picked":["Tactician+1","Bane+1","Well Laid Plans"],"picked":"SKIP","floor":40},{"not_picked":["All Out Attack+1","Quick Slash+1"],"picked":"Outmaneuver+1","floor":41},{"not_picked":["Infinite Blades+1","Glass Knife","Concentrate+1"],"picked":"SKIP","floor":44},{"not_picked":["Tactician+1","PiercingWail+1","Slice"],"picked":"SKIP","floor":45},{"not_picked":["Dagger Spray","Bouncing Flask+1"],"picked":"Crippling Poison+1","floor":46},{"not_picked":["Reflex+1","Escape Plan+1","Blade Dance+1"],"picked":"SKIP","floor":47},{"not_picked":["PiercingWail+1","Finisher+1"],"picked":"Catalyst+1","floor":48}],"player_experience":534025,"relics_obtained":[{"floor":6,"key":"Dream Catcher"},{"floor":8,"key":"PreservedInsect"},{"floor":9,"key":"Pen Nib"},{"floor":11,"key":"Bronze Scales"},{"floor":13,"key":"Art of War"},{"floor":24,"key":"WingedGreaves"},{"floor":26,"key":"Bag of Preparation"},{"floor":27,"key":"Toxic Egg 2"},{"floor":30,"key":"Dodecahedron"},{"floor":40,"key":"Bag of Marbles"},{"floor":41,"key":"Ancient Tea Set"},{"floor":43,"key":"Bottled Tornado"},{"floor":44,"key":"Centennial Puzzle"}],"event_choices":[{"damage_healed":0,"gold_gain":0,"cards_transformed":["Strike_G"],"player_choice":"Change","damage_taken":0,"max_hp_gain":0,"max_hp_loss":0,"event_name":"Living Wall","floor":2,"gold_loss":0,"cards_obtained":["Riddle With Holes"]},{"damage_healed":0,"gold_gain":0,"player_choice":"Entered Light","damage_taken":14,"max_hp_gain":0,"max_hp_loss":0,"event_name":"Shining Light","floor":3,"gold_loss":0,"cards_upgraded":["Defend_G","Night Terror"]},{"damage_healed":0,"gold_gain":0,"player_choice":"Left Gold","damage_taken":0,"max_hp_gain":0,"max_hp_loss":0,"event_name":"World of Goop","floor":5,"gold_loss":31},{"cards_removed":["Strike_G"],"damage_healed":0,"gold_gain":0,"player_choice":"Card Removal","damage_taken":0,"max_hp_gain":0,"max_hp_loss":0,"event_name":"Wheel of Change","floor":10,"gold_loss":0},{"damage_healed":0,"gold_gain":0,"player_choice":"Simplicity","damage_taken":0,"max_hp_gain":0,"max_hp_loss":0,"event_name":"Back to Basics","floor":21,"gold_loss":0,"cards_upgraded":["Strike_G","Defend_G","Defend_G","Defend_G","Defend_G"]},{"damage_healed":0,"gold_gain":0,"player_choice":"Inject Mutagens","damage_taken":0,"relics_obtained":["MutagenicStrength"],"max_hp_gain":0,"max_hp_loss":0,"event_name":"Drug Dealer","floor":29,"gold_loss":0},{"damage_healed":0,"gold_gain":0,"player_choice":"Upgraded Two","damage_taken":0,"max_hp_gain":0,"max_hp_loss":0,"event_name":"Designer","floor":37,"gold_loss":40,"cards_upgraded":["Bouncing Flask","Noxious Fumes"]}],"is_beta":false,"boss_relics":[{"not_picked":["Velvet Choker","Orrery"],"picked":"Snecko Eye"},{"not_picked":["Runic Dome","Eternal Feather"],"picked":"Empty Cage"}],"items_purged_floors":[36],"is_endless":false,"potions_floor_spawned":[6,11,16,24,30,31,38,40,41,44],"ascension_level":3}