{"gold_per_floor":[118,15,35,46,65,94,94,110,110,145,162,179,199,217,217,314,314,334,334,26,42,42,71,71,90,115,135,150,75,109,109,109,204,204,224,149,168,89,106,139,187,187,265,285,285,385,385,396,396,396],"floor_reached":51,"playtime":10452,"items_purged":["Pain"],"score":758,"play_id":"d5720a06-c0c0-4c21-9673-042e147195c5","local_time":"20190725233653","is_ascension_mode":false,"campfire_choices":[{"floor":15,"key":"REST"},{"floor":24,"key":"REST"},{"data":"Night Terror","floor":32,"key":"SMITH"},{"data":"1","floor":42,"key":"LIFT"},{"floor":45,"key":"REST"},{"floor":49,"key":"REST"}],"neow_cost":"NONE","seed_source_timestamp":1060238396098628,"circlet_count":0,"master_deck":["Strike_G","Strike_G","Strike_G","Defend_G","Defend_G","Defend_G","Survivor","Neutralize","Dagger Throw","Poisoned Stab","Deflect","Sucker Punch","Skewer","Eviscerate","Dodge and Roll","Leg Sweep","Dash","Tools of the Trade","Bouncing Flask","Envenom","Backflip+1","Night Terror+1","Dagger Throw","Noxious Fumes","Blur","Bullet Time","Masterful Stab","Eviscerate","Backflip+1","A Thousand Cuts","Writhe","Clumsy","Injury","Backflip+1","Calculated Gamble+1","Blur+1","Parasite","Deflect+1","Flechettes+1","Outmaneuver+1","Heel Hook","Underhanded Strike+1","Escape Plan+1","Crippling Poison+1"],"relics":["Ring of the Snake","Mercury Hourglass","Bronze Scales","Darkstone Periapt","Bird Faced Urn","Runic Pyramid","Ginger","WarpedTongs","Bottled Flame","Vajra","Dodecahedron","Calling Bell","FossilizedHelix","Toxic Egg 2","Snake Skull","Girya","Tingsha","Bottled Tornado","Prayer Wheel"],"potions_floor_usage":[10,10,16,16,16,33,33,33,46,50,50,50],"damage_taken":[{"damage":7,"enemies":"Small Slimes","floor":1,"turns":6},{"damage":0,"enemies":"Cultist","floor":3,"turns":4},{"damage":0,"enemies":"Jaw Worm","floor":4,"turns":2},{"damage":0,"enemies":"Red Slaver","floor":5,"turns":3},{"damage":19,"enemies":"Lagavulin","floor":6,"turns":8},{"damage":0,"enemies":"Exordium Wildlife","floor":8,"turns":3},{"damage":17,"enemies":"3 Sentries","floor":10,"turns":5},{"damage":0,"enemies":"Lots of Slimes","floor":11,"turns":3},{"damage":0,"enemies":"Blue Slaver","floor":12,"turns":3},{"damage":0,"enemies":"Red Slaver","floor":13,"turns":3},{"damage":0,"enemies":"3 Louse","floor":14,"turns":3},{"damage":42,"enemies":"Slime Boss","floor":16,"turns":11},{"damage":8,"enemies":"3 Byrds","floor":18,"turns":3},{"damage":0,"enemies":"Chosen","floor":21,"turns":4},{"damage":40,"enemies":"Slavers","floor":23,"turns":5},{"damage":3,"enemies":"Centurion and Healer","floor":25,"turns":9},{"damage":2,"enemies":"Shelled Parasite and Fungi","floor":27,"turns":6},{"damage":0,"enemies":"Cultist and Chosen","floor":28,"turns":5},{"damage":17,"enemies":"Gremlin Leader","floor":30,"turns":7},{"damage":49,"enemies":"Collector","floor":33,"turns":8},{"damage":17,"enemies":"3 Darklings","floor":35,"turns":4},{"damage":0,"enemies":"3 Shapes","floor":37,"turns":5},{"damage":1,"enemies":"Writhing Mass","floor":39,"turns":6},{"damage":40,"enemies":"Giant Head","floor":40,"turns":9},{"damage":39,"enemies":"2 Orb Walkers","floor":41,"turns":5},{"damage":0,"enemies":"Maw","floor":44,"turns":6},{"damage":0,"enemies":"Mind Bloom Boss Battle","floor":46,"turns":6},{"damage":0,"enemies":"Sphere and 2 Shapes","floor":48,"turns":4},{"damage":82,"enemies":"Time Eater","floor":50,"turns":12}],"seed_played":"-8654880202130959959","potions_obtained":[{"floor":4,"key":"PowerPotion"},{"floor":6,"key":"EntropicBrew"},{"floor":16,"key":"FearPotion"},{"floor":18,"key":"SpeedPotion"},{"floor":25,"key":"Energy Potion"},{"floor":33,"key":"FearPotion"},{"floor":37,"key":"AttackPotion"},{"floor":40,"key":"SpeedPotion"},{"floor":44,"key":"SkillPotion"},{"floor":46,"key":"SkillPotion"}],"is_trial":false,"path_per_floor":["M","?","M","M","M","E","?","M","T","E","M","M","M","M","R","B",null,"M","?","$","M","?","E","R","M","T","M","M","?","E","?","R","B",null,"M","$","M","$","M","E","?","R","T","M","R","?","?","M","R","B",null],"character_chosen":"THE_SILENT","items_purchased":["Ginger","Blur+1"],"campfire_rested":4,"item_purchase_floors":[20,38],"current_hp_per_floor":[70,70,70,70,70,51,51,51,51,34,34,34,34,34,57,15,77,69,69,69,71,77,39,63,66,66,70,74,74,63,63,63,18,101,88,88,88,88,101,67,30,30,30,38,70,74,74,78,107,31],"gold":396,"neow_bonus":"TEN_PERCENT_HP_BONUS","is_prod":false,"is_daily":false,"chose_seed":false,"campfire_upgraded":1,"win_rate":0.0,"timestamp":1564115813,"path_taken":["M","?","?","M","M","E","?","M","T","E","M","?","M","M","R","BOSS","M","?","$","M","?","E","R","M","T","M","?","?","E","?","R","BOSS","M","?","M","$","?","E","?","R","T","M","R","?","?","M","R","BOSS"],"build_version":"2019-07-17","purchased_purges":1,"victory":true,"max_hp_per_floor":[77,77,77,77,77,77,77,77,77,77,77,77,77,77,77,77,77,77,77,77,77,83,83,83,83,83,83,83,83,83,83,83,83,101,101,101,101,101,107,107,107,107,107,107,107,107,107,107,107,107],"card_choices":[{"not_picked":["Acrobatics","Leg Sweep"],"picked":"Dagger Throw","floor":1},{"not_picked":["Quick Slash","Expertise"],"picked":"Poisoned Stab","floor":3},{"not_picked":["Dagger Throw","Acrobatics"],"picked":"Deflect","floor":4},{"not_picked":["Slice","Flying Knee"],"picked":"Sucker Punch","floor":5},{"not_picked":["A Thousand Cuts","Masterful Stab"],"picked":"Skewer","floor":6},{"not_picked":["Finisher","Choke"],"picked":"Eviscerate","floor":8},{"not_picked":["Infinite Blades","Backstab"],"picked":"Dodge and Roll","floor":10},{"not_picked":["Backflip","Deadly Poison"],"picked":"Leg Sweep","floor":11},{"not_picked":["Finisher","Outmaneuver"],"picked":"Dash","floor":12},{"not_picked":["Sucker Punch","Deadly Poison"],"picked":"Tools of the Trade","floor":13},{"not_picked":["Underhanded Strike","PiercingWail"],"picked":"Bouncing Flask","floor":14},{"not_picked":["Adrenaline","Bullet Time"],"picked":"Envenom","floor":16},{"not_picked":["Quick Slash+1","Slice"],"picked":"Backflip+1","floor":18},{"not_picked":["Predator","Poisoned Stab"],"picked":"Noxious Fumes","floor":21},{"not_picked":["Blade Dance+1","Tactician"],"picked":"Blur","floor":23},{"not_picked":["Choke+1","Prepared"],"picked":"Bullet Time","floor":25},{"not_picked":["Dodge and Roll","Acrobatics"],"picked":"Underhanded Strike","floor":27},{"not_picked":["Quick Slash","PiercingWail"],"picked":"Masterful Stab","floor":28},{"not_picked":["Sucker Punch","Dagger Throw"],"picked":"Eviscerate","floor":30},{"not_picked":["Unload","Bullet Time"],"picked":"A Thousand Cuts","floor":33},{"not_picked":["Reflex+1","Dagger Spray+1"],"picked":"Backflip+1","floor":35},{"not_picked":["Slice","Blade Dance+1"],"picked":"Calculated Gamble+1","floor":37},{"not_picked":["Underhanded Strike","Blade Dance+1"],"picked":"Deflect+1","floor":39},{"not_picked":["Skewer+1","Outmaneuver+1"],"picked":"Flechettes+1","floor":40},{"not_picked":["Slice","PiercingWail+1"],"picked":"Outmaneuver+1","floor":41},{"not_picked":["Unload","Backflip+1"],"picked":"Heel Hook","floor":44},{"not_picked":["Deadly Poison+1","Blur+1"],"picked":"Underhanded Strike+1","floor":46},{"not_picked":["Dagger Spray","Heel Hook+1"],"picked":"Escape Plan+1","floor":48},{"not_picked":["Acrobatics+1","Deadly Poison+1"],"picked":"Crippling Poison+1","floor":48}],"player_experience":19345,"relics_obtained":[{"floor":6,"key":"Bronze Scales"},{"floor":9,"key":"Darkstone Periapt"},{"floor":10,"key":"Bird Faced Urn"},{"floor":23,"key":"Bottled Flame"},{"floor":26,"key":"Vajra"},{"floor":30,"key":"Dodecahedron"},{"floor":34,"key":"FossilizedHelix"},{"floor":34,"key":"Toxic Egg 2"},{"floor":34,"key":"Snake Skull"},{"floor":40,"key":"Girya"},{"floor":41,"key":"Tingsha"},{"floor":43,"key":"Bottled Tornado"},{"floor":46,"key":"Prayer Wheel"}],"event_choices":[{"damage_healed":0,"gold_gain":0,"player_choice":"Paid Gold","damage_taken":0,"relics_obtained":["Mercury Hourglass"],"max_hp_gain":0,"max_hp_loss":0,"event_name":"WeMeetAgain","floor":2,"gold_loss":103},{"cards_removed":["Strike_G"],"damage_healed":0,"gold_gain":0,"player_choice":"Purged","damage_taken":0,"max_hp_gain":0,"max_hp_loss":0,"event_name":"Purifier","floor":7,"gold_loss":0},{"damage_healed":0,"gold_gain":0,"cards_transformed":["Strike_G","Defend_G"],"player_choice":"Became Test Subject","damage_taken":0,"max_hp_gain":0,"max_hp_loss":0,"event_name":"Drug Dealer","floor":19,"gold_loss":0,"cards_obtained":["Night Terror","Dagger Throw"]},{"damage_healed":0,"gold_gain":0,"player_choice":"Rummage","damage_taken":0,"relics_obtained":["WarpedTongs"],"max_hp_gain":0,"max_hp_loss":0,"event_name":"Accursed Blacksmith","floor":22,"gold_loss":0,"cards_obtained":["Pain"]},{"cards_removed":["Defend_G"],"damage_healed":0,"gold_gain":0,"player_choice":"Gave Gold","damage_taken":0,"max_hp_gain":0,"max_hp_loss":0,"event_name":"Beggar","floor":29,"gold_loss":75},{"damage_healed":0,"gold_gain":0,"player_choice":"Copied","damage_taken":0,"max_hp_gain":0,"max_hp_loss":0,"event_name":"Duplicator","floor":31,"gold_loss":0,"cards_obtained":["Backflip"]},{"damage_healed":0,"gold_gain":0,"player_choice":"Fight","damage_taken":0,"max_hp_gain":0,"max_hp_loss":0,"event_name":"Mysterious Sphere","floor":41,"gold_loss":0},{"damage_healed":0,"gold_gain":0,"player_choice":"Fight","damage_taken":0,"max_hp_gain":0,"max_hp_loss":0,"event_name":"MindBloom","floor":46,"gold_loss":0},{"cards_removed":["Underhanded Strike"],"damage_healed":0,"gold_gain":0,"player_choice":"Removed Attack","damage_taken":0,"max_hp_gain":0,"max_hp_loss":0,"event_name":"Falling","floor":47,"gold_loss":0}],"is_beta":false,"boss_relics":[{"not_picked":["Snecko Eye","WristBlade"],"picked":"Runic Pyramid"},{"not_picked":["Orrery","Runic Dome"],"picked":"Calling Bell"}],"items_purged_floors":[36],"is_endless":false,"potions_floor_spawned":[4,6,13,16,18,25,33,37,40,44,46,48],"ascension_level":0}