{"gold_per_floor":[113,125,135,135,154,182,88,88],"floor_reached":8,"playtime":799,"items_purged":[],"score":64,"play_id":"44ed96fd-16e5-40bb-b496-6030f4f94807","local_time":"20190726221559","is_ascension_mode":true,"campfire_choices":[],"neow_cost":"NONE","seed_source_timestamp":1151462261822757,"circlet_count":0,"master_deck":["Strike_B","Strike_B","Strike_B","Strike_B","Defend_B","Defend_B","Defend_B","Defend_B","Zap","Dualcast","Cold Snap","Compile Driver","Go for the Eyes","Gash","Leap+1","Hologram+1","Redo+1"],"relics":["Cracked Core","Blood Vial","Toxic Egg 2"],"potions_floor_usage":[],"damage_taken":[{"damage":6,"enemies":"Cultist","floor":1,"turns":3},{"damage":0,"enemies":"2 Louse","floor":2,"turns":2},{"damage":2,"enemies":"Jaw Worm","floor":3,"turns":5},{"damage":27,"enemies":"Exordium Thugs","floor":5,"turns":5},{"damage":20,"enemies":"Lagavulin","floor":6,"turns":7},{"damage":28,"enemies":"3 Sentries","floor":8,"turns":9}],"seed_played":"9107683147512271321","potions_obtained":[{"floor":2,"key":"Strength Potion"},{"floor":4,"key":"SneckoOil"},{"floor":4,"key":"Dexterity Potion"},{"floor":4,"key":"Weak Potion"},{"floor":5,"key":"Regen Potion"}],"is_trial":false,"path_per_floor":["M","M","M","?","M","E","$","E"],"character_chosen":"DEFECT","items_purchased":["Hologram+1","Redo+1"],"campfire_rested":0,"item_purchase_floors":[7,7],"current_hp_per_floor":[69,71,71,71,46,28,28,2],"gold":88,"neow_bonus":"RANDOM_COMMON_RELIC","is_prod":false,"is_daily":false,"chose_seed":false,"campfire_upgraded":0,"win_rate":0,"timestamp":1564197359,"path_taken":["M","M","?","?","M","E","$","E"],"build_version":"2019-07-17","purchased_purges":0,"victory":false,"max_hp_per_floor":[75,75,75,75,75,75,75,75],"card_choices":[{"not_picked":["Capacitor","Turbo"],"picked":"Cold Snap","floor":1},{"not_picked":["Sweeping Beam","Redo"],"picked":"Compile Driver","floor":2},{"not_picked":["Compile Driver","Rip and Tear"],"picked":"Go for the Eyes","floor":3},{"not_picked":["Reprogram","Skim"],"picked":"Gash","floor":5},{"not_picked":["Reprogram","Aggregate"],"picked":"Leap","floor":6}],"player_experience":71135,"relics_obtained":[{"floor":6,"key":"Toxic Egg 2"}],"event_choices":[{"damage_healed":0,"gold_gain":0,"player_choice":"Got Potions","damage_taken":0,"max_hp_gain":0,"max_hp_loss":0,"event_name":"Lab","floor":4,"gold_loss":0}],"is_beta":false,"boss_relics":[],"items_purged_floors":[],"is_endless":false,"potions_floor_spawned":[2,5],"killed_by":"3 Sentries","ascension_level":2}