{"gold_per_floor":[109,121,132,132,132,132,161,190,190,190,208,161,180,210,210,313,313,329,349,302,312,411,411,428,463,490,506,519,201,211,225,225,323,323,334,96,96,110,127,127,142,142,142,159,169,169,189,199,199,199],"floor_reached":51,"playtime":2205,"items_purged":["Strike_R"],"score":687,"play_id":"26dec53e-f7e5-4c0a-beaa-0aafaa3a1a28","local_time":"20181004031217","is_ascension_mode":false,"campfire_choices":[{"data":"Body Slam","floor":6.0,"key":"SMITH"},{"data":"Offering","floor":10.0,"key":"SMITH"},{"data":"Flame Barrier","floor":15,"key":"SMITH"},{"data":"Body Slam","floor":23,"key":"SMITH"},{"data":"Body Slam","floor":32,"key":"SMITH"},{"data":"Bash","floor":40,"key":"SMITH"},{"data":"Defend_R","floor":42,"key":"SMITH"},{"floor":46,"key":"REST"},{"data":"Defend_R","floor":49,"key":"SMITH"}],"neow_cost":"NONE","seed_source_timestamp":3206487465098,"circlet_count":0,"master_deck":["Strike_R","Strike_R","Strike_R","Defend_R+1","Defend_R+1","Defend_R+1","Defend_R","Bash+1","Body Slam+1","Offering+1","Armaments+1","Flame Barrier+1","Demon Form+1","Body Slam+1","Ghostly Armor+1","Demon Form+1","Flame Barrier+1","Body Slam+1","Reaper","Shrug It Off+1","Shrug It Off+1"],"special_seed":0,"relics":["Black Blood","Centennial Puzzle","Odd Mushroom","Frozen Egg 2","Question Card","War Paint","Omamori","Juzu Bracelet","Gremlin Horn","Lizard Tail","Mummified Hand","Bottled Tornado"],"potions_floor_usage":[16,16,31,39,41,50,50,50],"damage_taken":[{"damage":6.0,"enemies":"Cultist","floor":1.0,"turns":3.0},{"damage":5.0,"enemies":"2 Louse","floor":2.0,"turns":3.0},{"damage":5.0,"enemies":"Small Slimes","floor":3.0,"turns":4.0},{"damage":10.0,"enemies":"The Mushroom Lair","floor":7.0,"turns":5.0},{"damage":26.0,"enemies":"Gremlin Nob","floor":8.0,"turns":4.0},{"damage":14.0,"enemies":"Exordium Wildlife","floor":11.0,"turns":6.0},{"damage":2.0,"enemies":"Blue Slaver","floor":13.0,"turns":4.0},{"damage":23,"enemies":"Lagavulin","floor":14,"turns":7},{"damage":33,"enemies":"Slime Boss","floor":16,"turns":22},{"damage":10,"enemies":"3 Byrds","floor":18,"turns":3},{"damage":20,"enemies":"2 Thieves","floor":19,"turns":4},{"damage":6,"enemies":"Centurion and Healer","floor":21,"turns":6},{"damage":12,"enemies":"Cultist and Chosen","floor":24,"turns":8},{"damage":21,"enemies":"Gremlin Leader","floor":25,"turns":8},{"damage":12,"enemies":"Snake Plant","floor":27,"turns":4},{"damage":6,"enemies":"Snecko","floor":28,"turns":5},{"damage":16,"enemies":"Cultist and Chosen","floor":30,"turns":4},{"damage":6,"enemies":"Snake Plant","floor":31,"turns":5},{"damage":44,"enemies":"Automaton","floor":33,"turns":9},{"damage":17,"enemies":"3 Shapes","floor":35,"turns":8},{"damage":33,"enemies":"3 Darklings","floor":38,"turns":7},{"damage":27,"enemies":"Spire Growth","floor":39,"turns":5},{"damage":37,"enemies":"Sphere and 2 Shapes","floor":41,"turns":6},{"damage":15,"enemies":"Reptomancer","floor":44,"turns":5},{"damage":41,"enemies":"Transient","floor":45,"turns":5},{"damage":39,"enemies":"Maw","floor":47,"turns":8},{"damage":8,"enemies":"Sphere and 2 Shapes","floor":48,"turns":7},{"damage":105,"enemies":"Donu and Deca","floor":50,"turns":10}],"seed_played":"3681146126666121793","potions_obtained":[{"floor":1.0,"key":"SkillPotion"},{"floor":7.0,"key":"FearPotion"},{"floor":13.0,"key":"SteroidPotion"},{"floor":14,"key":"Fire Potion"},{"floor":16,"key":"SteroidPotion"},{"floor":24,"key":"Swift Potion"},{"floor":25,"key":"BloodPotion"},{"floor":27,"key":"Regen Potion"},{"floor":39,"key":"Fire Potion"},{"floor":47,"key":"Poison Potion"},{"floor":48,"key":"Fire Potion"}],"is_trial":false,"path_per_floor":["M","M","M","?","$","R","?","E","T","R","M","$","M","E","R","B",null,"M","M","$","M","?","R","M","E","T","M","M","$","M","M","R","B",null,"M","$","?","M","M","R","M","R","T","M","M","R","M","M","R","B"],"character_chosen":"IRONCLAD","items_purchased":["Armaments","Body Slam","Gremlin Horn","Mummified Hand"],"campfire_rested":1,"item_purchase_floors":[12,20,29,36],"current_hp_per_floor":[80,80,80,80,80,80,76,56,56,56,48,48,52,35,35,8,80,80,70,70,74,74,74,72,61,61,59,63,63,57,61,61,27,80,73,73,73,76,76,76,49,49,49,65,34,56,66,76,76,30],"gold":199,"neow_bonus":"RANDOM_COMMON_RELIC","is_prod":false,"is_daily":false,"chose_seed":false,"campfire_upgraded":8,"win_rate":0,"timestamp":1538611937,"path_taken":["M","M","M","?","?","R","?","E","T","R","M","$","M","E","R","BOSS","M","M","$","M","?","R","M","E","T","M","M","$","M","M","R","BOSS","M","$","?","M","M","R","M","R","T","M","M","R","M","M","R","BOSS"],"build_version":"2018-09-27","purchased_purges":1,"victory":true,"max_hp_per_floor":[80,80,80,80,80,80,80,80,80,80,80,80,80,80,80,80,80,80,80,80,80,80,80,80,80,80,80,80,80,80,80,80,80,80,80,80,76,76,76,76,76,76,76,76,76,76,76,76,76,76],"card_choices":[{"not_picked":["Hemokinesis","Anger","Iron Wave"],"picked":"SKIP","floor":1.0},{"not_picked":["Clash","Spot Weakness"],"picked":"Body Slam","floor":2.0},{"not_picked":["Sword Boomerang","Dual Wield","Warcry"],"picked":"SKIP","floor":3.0},{"not_picked":["Iron Wave","Sentinel"],"picked":"Offering","floor":8.0},{"not_picked":["Heavy Blade","Cleave","Evolve+1","Clothesline"],"picked":"SKIP","floor":11.0},{"not_picked":["Pommel Strike","True Grit","Warcry","Havoc"],"picked":"SKIP","floor":13.0},{"not_picked":["Pommel Strike","Clothesline","Heavy Blade"],"picked":"Flame Barrier","floor":14},{"not_picked":["Feed","Juggernaut+1","Brutality+1"],"picked":"Demon Form+1","floor":16},{"not_picked":["Anger","Twin Strike","Second Wind","Perfected Strike"],"picked":"SKIP","floor":18},{"not_picked":["Havoc","Perfected Strike","Spot Weakness","Sentinel"],"picked":"SKIP","floor":19},{"not_picked":["Clash","Power Through","Havoc"],"picked":"Ghostly Armor+1","floor":21},{"not_picked":["Dropkick","Pommel Strike","Rupture+1","Cleave+1"],"picked":"SKIP","floor":24},{"not_picked":["Metallicize+1","Heavy Blade","Sentinel"],"picked":"Demon Form+1","floor":25},{"not_picked":["Evolve+1","Clash+1","Armaments+1"],"picked":"Flame Barrier+1","floor":27},{"not_picked":["Perfected Strike","Clothesline","Reckless Charge+1"],"picked":"Body Slam","floor":28},{"not_picked":["Clash","True Grit","Sword Boomerang","Pommel Strike"],"picked":"SKIP","floor":30},{"not_picked":["Body Slam","Havoc","Flex","Thunderclap"],"picked":"SKIP","floor":31},{"not_picked":["Offering","Exhume","Fiend Fire"],"picked":"Reaper","floor":33},{"not_picked":["Iron Wave+1","Sword Boomerang","Combust+1","Body Slam"],"picked":"SKIP","floor":35},{"not_picked":["Perfected Strike","Disarm+1","Uppercut","Dropkick"],"picked":"SKIP","floor":38},{"not_picked":["Clash","Anger","Metallicize+1"],"picked":"Shrug It Off+1","floor":39},{"not_picked":["Whirlwind+1","Pommel Strike","Heavy Blade+1"],"picked":"Shrug It Off+1","floor":41},{"not_picked":["Clash","Cleave+1","Power Through+1","Wild Strike+1"],"picked":"SKIP","floor":44},{"not_picked":["Wild Strike","Clothesline+1","Flex","Double Tap"],"picked":"SKIP","floor":45},{"not_picked":["Metallicize+1","Ghostly Armor","Spot Weakness","Clash"],"picked":"SKIP","floor":47},{"not_picked":["True Grit","Searing Blow","Anger+1","Body Slam"],"picked":"SKIP","floor":48}],"player_experience":358504,"relics_obtained":[{"floor":7.0,"key":"Odd Mushroom"},{"floor":8.0,"key":"Frozen Egg 2"},{"floor":9.0,"key":"Question Card"},{"floor":14,"key":"War Paint"},{"floor":25,"key":"Omamori"},{"floor":26,"key":"Juzu Bracelet"},{"floor":43,"key":"Bottled Tornado"}],"event_choices":[{"event_name":"Purifier","player_choice":"One Purge","floor":4.0,"damage_taken":0.0},{"event_name":"Mushrooms","player_choice":"Fought Mushrooms","floor":7.0,"damage_taken":0.0},{"event_name":"Nest","player_choice":"Stole From Cult","floor":22,"damage_taken":0},{"event_name":"Winding Halls","player_choice":"Max HP","floor":37,"damage_taken":0}],"is_beta":false,"boss_relics":[{"not_picked":["Tiny House","Philosopher\u0027s Stone"],"picked":"Black Blood"},{"not_picked":["Eternal Feather","White Beast Statue"],"picked":"Lizard Tail"}],"items_purged_floors":[29],"is_endless":false,"potions_floor_spawned":[1,7,13,14,16,24,25,27,30,39,47,48],"ascension_level":0}