{"gold_per_floor":[20,20,20,36,36,63,63,63,63,83,94,94,94,117,117,117],"floor_reached":16,"playtime":396,"items_purged":[],"score":100,"play_id":"f6f49341-dab5-44bc-82b4-8b522382994b","local_time":"20190707192055","is_ascension_mode":false,"campfire_choices":[{"data":"Defend_R","floor":8.0,"key":"SMITH"},{"data":"Body Slam","floor":12.0,"key":"SMITH"},{"data":"Armaments","floor":15.0,"key":"SMITH"}],"neow_cost":"NO_GOLD","seed_source_timestamp":69839183685400,"circlet_count":0,"master_deck":["Strike_R","Strike_R","Strike_R","Strike_R","Strike_R","Defend_R","Defend_R","Defend_R+1","Defend_R+1","Bash","Body Slam+1","Armaments+1"],"special_seed":0,"relics":["Burning Blood","Nunchaku","Singing Bowl","Calipers","Golden Idol"],"potions_floor_usage":[16],"damage_taken":[{"damage":5.0,"enemies":"2 Louse","floor":1.0,"turns":4.0},{"damage":2.0,"enemies":"Small Slimes","floor":4.0,"turns":3.0},{"damage":54.0,"enemies":"Lagavulin","floor":6.0,"turns":6.0},{"damage":0.0,"enemies":"Cultist","floor":10.0,"turns":3.0},{"damage":13.0,"enemies":"Gremlin Gang","floor":11.0,"turns":8.0},{"damage":13.0,"enemies":"Large Slime","floor":14.0,"turns":6.0},{"damage":29,"enemies":"Hexaghost","floor":16,"turns":8}],"seed_played":"7330206654834730873","potions_obtained":[{"floor":4.0,"key":"Poison Potion"},{"floor":11.0,"key":"Dexterity Potion"}],"is_trial":false,"path_per_floor":["M","$","?","M","$","E","$","R","T","M","M","R","?","M","R","B"],"character_chosen":"IRONCLAD","items_purchased":[],"campfire_rested":0,"item_purchase_floors":[],"current_hp_per_floor":[80,80,80,80,80,34,34,34,34,40,35,35,35,28,28,0],"gold":117,"neow_bonus":"ONE_RARE_RELIC","is_prod":false,"is_daily":false,"chose_seed":false,"campfire_upgraded":3,"win_rate":0,"timestamp":1562516455,"path_taken":["M","$","?","M","$","E","$","R","T","M","M","R","?","M","R","BOSS"],"build_version":"2019-07-05","purchased_purges":0,"victory":false,"max_hp_per_floor":[80,80,80,80,80,82,82,82,82,82,84,84,78,78,78,78],"card_choices":[{"not_picked":["Havoc","Flex","Armaments"],"picked":"SKIP","floor":1.0},{"not_picked":["Iron Wave","Pummel","Havoc"],"picked":"SKIP","floor":4.0},{"not_picked":["Flex","Feel No Pain","Havoc"],"picked":"Singing Bowl","floor":6.0},{"not_picked":["Anger","Pommel Strike"],"picked":"Body Slam","floor":10.0},{"not_picked":["Wild Strike","Uppercut","Perfected Strike"],"picked":"Singing Bowl","floor":11.0},{"not_picked":["Combust","Power Through"],"picked":"Armaments","floor":14.0}],"player_experience":685992,"relics_obtained":[{"floor":6.0,"key":"Singing Bowl"},{"floor":9.0,"key":"Calipers"}],"event_choices":[{"damage_healed":0.0,"max_hp_gain":0.0,"max_hp_loss":0.0,"gold_gain":0.0,"event_name":"Living Wall","player_choice":"Grow","floor":3.0,"gold_loss":0.0,"damage_taken":0.0,"cards_upgraded":["Defend_R"]},{"damage_healed":0.0,"max_hp_gain":0.0,"max_hp_loss":6.0,"gold_gain":0.0,"event_name":"Golden Idol","player_choice":"Lose Max HP","floor":13.0,"gold_loss":0.0,"damage_taken":0.0,"relics_obtained":["Golden Idol"]}],"is_beta":false,"boss_relics":[],"items_purged_floors":[],"is_endless":false,"potions_floor_spawned":[4,11],"killed_by":"Hexaghost","ascension_level":0}