{"path_per_floor":["M","M","M","?","$","R","M","E","T","E","M","M","?","E","R"],"character_chosen":"IRONCLAD","items_purchased":["Reaper","Evolve"],"gold_per_floor":[115,132,150,150,9,9,19,46,46,73,90,102,102,166,166,166],"floor_reached":16,"campfire_rested":0,"playtime":618,"item_purchase_floors":[],"current_hp_per_floor":[80,80,80,80,80,80,63,69,69,32,38,47,47,57,57,0],"items_purged":[],"gold":166,"score":122,"play_id":"4860d223-6cfb-4c80-aaef-dbc1b8b88cf5","local_time":"20180621233650","is_prod":false,"is_daily":false,"chose_seed":false,"is_ascension_mode":false,"campfire_upgraded":2,"win_rate":0,"timestamp":1529613410,"campfire_choices":[{"data":"Evolve","floor":6.0,"key":"SMITH"},{"data":"Limit Break","floor":15.0,"key":"SMITH"}],"path_taken":["M","M","M","?","$","R","M","E","T","E","M","M","?","E","R","BOSS"],"build_version":"2018-06-14v2","seed_source_timestamp":158977381879466,"purchased_purges":0,"victory":false,"master_deck":["Strike_R","Strike_R","Strike_R","Strike_R","Defend_R","Defend_R","Defend_R","Defend_R","Bash","Armaments+1","Iron Wave","Shrug It Off","Reaper","Evolve+1","Thunderclap","Iron Wave","Limit Break+1","Perfected Strike","Twin Strike"],"max_hp_per_floor":[80,80,80,80,80,80,80,80,80,80,80,80,80,80,80,80],"special_seed":0,"relics":["Burning Blood","NeowsBlessing","Bottled Lightning","The Courier","Boot","Tiny Chest"],"card_choices":[{"not_picked":["Dual Wield","Havoc"],"picked":"Armaments","floor":1.0},{"not_picked":["Barricade","Clash"],"picked":"Iron Wave","floor":2.0},{"not_picked":["Reckless Charge","Pommel Strike"],"picked":"Shrug It Off","floor":3.0},{"not_picked":["Metallicize","Shrug It Off"],"picked":"Thunderclap","floor":7.0},{"not_picked":["Twin Strike","Wild Strike"],"picked":"Iron Wave","floor":8.0},{"not_picked":["Cleave","True Grit"],"picked":"Limit Break","floor":10.0},{"not_picked":["Dual Wield","Anger"],"picked":"Perfected Strike","floor":11.0},{"not_picked":["Blood for Blood","Sentinel","Reckless Charge"],"picked":"SKIP","floor":12.0},{"not_picked":["Warcry","Havoc"],"picked":"Twin Strike","floor":14.0}],"player_experience":154433,"potions_floor_usage":[16],"damage_taken":[{"damage":0.0,"enemies":"Cultist","floor":1.0,"turns":1.0},{"damage":0.0,"enemies":"Jaw Worm","floor":2.0,"turns":1.0},{"damage":0.0,"enemies":"2 Louse","floor":3.0,"turns":1.0},{"damage":23.0,"enemies":"Lots of Slimes","floor":7.0,"turns":4.0},{"damage":12.0,"enemies":"3 Sentries","floor":8.0,"turns":8.0},{"damage":47.0,"enemies":"Lagavulin","floor":10.0,"turns":9.0},{"damage":0.0,"enemies":"Looter","floor":11.0,"turns":4.0},{"damage":0.0,"enemies":"3 Louse","floor":12.0,"turns":3.0},{"damage":14.0,"enemies":"3 Sentries","floor":14.0,"turns":4.0},{"damage":70,"enemies":"The Guardian","floor":16,"turns":12}],"relics_obtained":[{"floor":8.0,"key":"Bottled Lightning"},{"floor":9.0,"key":"The Courier"},{"floor":10.0,"key":"Boot"},{"floor":14.0,"key":"Tiny Chest"}],"event_choices":[{"event_name":"Living Wall","player_choice":"Grow","floor":4.0,"damage_taken":0.0},{"event_name":"Purifier","player_choice":"One Purge","floor":13.0,"damage_taken":0.0}],"boss_relics":[],"items_purged_floors":[],"is_endless":false,"potions_floor_spawned":[1,10,11],"seed_played":"-4459455224650139589","killed_by":"The Guardian","ascension_level":0,"potions_obtained":[{"floor":1.0,"key":"LiquidBronze"},{"floor":10.0,"key":"PowerPotion"},{"floor":11.0,"key":"SpeedPotion"}],"is_trial":false}