{"path_per_floor":["M","$","?","M","M","R","M","M","T","R","M","R","M","E","R","B",null,"M","M","?","$","M","R","E","R","T","R","$","M","R","?","R"],"character_chosen":"DEFECT","items_purchased":["Self Repair","Sunder","Ornamental Fan","Go for the Eyes+1","Beam Cell+1"],"gold_per_floor":[116,3,3,28,49,49,70,90,90,90,109,109,125,163,163,291,291,311,336,336,37,51,51,87,87,111,111,58,72,72,72,72,72],"floor_reached":33,"campfire_rested":2,"playtime":1183,"item_purchase_floors":[],"current_hp_per_floor":[75,75,69,69,69,69,59,54,54,54,58,58,54,33,53,23,69,69,61,61,61,63,63,30,50,50,50,50,46,46,46,46,0],"items_purged":[],"gold":72,"score":267,"play_id":"eee60b05-b278-4f78-a1f8-642a157e6436","local_time":"20180611020847","is_prod":false,"is_daily":false,"chose_seed":false,"is_ascension_mode":false,"campfire_upgraded":7,"win_rate":0,"timestamp":1528672127,"campfire_choices":[{"data":"Static Discharge","floor":6.0,"key":"SMITH"},{"data":"Double Energy","floor":10,"key":"SMITH"},{"data":"Zap","floor":12,"key":"SMITH"},{"floor":15,"key":"REST"},{"data":"Sunder","floor":23,"key":"SMITH"},{"floor":25,"key":"REST"},{"data":"Dualcast","floor":27,"key":"SMITH"},{"data":"Self Repair","floor":30,"key":"SMITH"},{"data":"Sweeping Beam","floor":32,"key":"SMITH"}],"path_taken":["M","$","?","M","M","R","M","M","T","R","?","R","M","E","R","BOSS","M","M","?","$","M","R","E","R","T","R","$","M","R","?","R","BOSS"],"build_version":"2018-06-07v3","seed_source_timestamp":778899341367286,"purchased_purges":0,"victory":false,"master_deck":["Strike_B","Strike_B","Strike_B","Strike_B","Defend_B","Defend_B","Defend_B","Defend_B","Zap+1","Dualcast+1","Clumsy","Static Discharge+1","Self Repair+1","Sunder+1","Double Energy+1","Sweeping Beam+1","Steam","Hologram","Hologram","Gash+1","Beam Cell+1","Go for the Eyes+1","BootSequence+1","Clumsy","Beam Cell+1","Self Repair+1"],"max_hp_per_floor":[75,75,69,69,69,69,69,69,69,69,69,69,69,69,69,69,69,69,69,69,69,69,69,69,69,69,69,69,69,69,69,69,69],"relics":["Cracked Core","Sundial","Golden Idol","Molten Egg 2","Thread and Needle","Cursed Key","Ornamental Fan","Letter Opener","Omamori"],"card_choices":[{"not_picked":["Sunder","Hologram"],"picked":"Static Discharge","floor":1.0},{"not_picked":["Recycle","Genetic Algorithm"],"picked":"Double Energy","floor":4.0},{"not_picked":["Streamline","Barrage"],"picked":"Sweeping Beam","floor":5.0},{"not_picked":["Consume","Cold Snap"],"picked":"Steam","floor":7},{"not_picked":["Force Field","Turbo"],"picked":"Hologram","floor":8},{"not_picked":["Cold Snap+1","Tempest","Compile Driver+1"],"picked":"SKIP","floor":11},{"not_picked":["Scrape+1","Coolheaded"],"picked":"Hologram","floor":13},{"not_picked":["Turbo","Rainbow"],"picked":"Gash+1","floor":14},{"not_picked":["Rebound+1","Cold Snap+1","Turbo"],"picked":"SKIP","floor":18},{"not_picked":["Reinforced Body","Conserve Battery"],"picked":"Beam Cell+1","floor":19},{"not_picked":["Beam Cell+1","Redo"],"picked":"BootSequence+1","floor":22},{"not_picked":["Chill","Ball Lightning+1","Cold Snap+1"],"picked":"SKIP","floor":24},{"not_picked":["Storm","Skim+1"],"picked":"Self Repair+1","floor":29}],"player_experience":112103,"potions_floor_usage":[33,33],"damage_taken":[{"damage":0.0,"enemies":"2 Louse","floor":1.0,"turns":2.0},{"damage":6.0,"enemies":"Cultist","floor":4.0,"turns":4.0},{"damage":0.0,"enemies":"Small Slimes","floor":5.0,"turns":2.0},{"damage":10.0,"enemies":"Looter","floor":7.0,"turns":2.0},{"damage":5,"enemies":"Gremlin Gang","floor":8,"turns":2},{"damage":3,"enemies":"3 Louse","floor":11,"turns":3},{"damage":11,"enemies":"Exordium Thugs","floor":13,"turns":4},{"damage":28,"enemies":"Gremlin Nob","floor":14,"turns":4},{"damage":37,"enemies":"The Guardian","floor":16,"turns":9},{"damage":0,"enemies":"Chosen","floor":18,"turns":6},{"damage":15,"enemies":"2 Thieves","floor":19,"turns":4},{"damage":5,"enemies":"3 Cultists","floor":22,"turns":5},{"damage":40,"enemies":"Gremlin Leader","floor":24,"turns":9},{"damage":11,"enemies":"Chosen and Byrds","floor":29,"turns":5},{"damage":48,"enemies":"Collector","floor":33,"turns":7}],"relics_obtained":[{"floor":9,"key":"Molten Egg 2"},{"floor":14,"key":"Thread and Needle"},{"floor":24,"key":"Letter Opener"},{"floor":26,"key":"Omamori"}],"event_choices":[{"event_name":"Golden Idol","player_choice":"Lose Max HP","floor":3.0,"damage_taken":0.0},{"event_name":"Beggar","player_choice":"Ignored","floor":20,"damage_taken":0},{"event_name":"Ghosts","player_choice":"Ignored","floor":31,"damage_taken":0}],"boss_relics":[{"not_picked":["Eternal Feather","Ectoplasm"],"picked":"Cursed Key"}],"items_purged_floors":[],"potions_floor_spawned":[1,5,8,16,18,24,29],"seed_played":"-2071564279188487036","killed_by":"Collector","ascension_level":0,"potions_obtained":[{"floor":1.0,"key":"EssenceOfSteel"},{"floor":5.0,"key":"FearPotion"},{"floor":8,"key":"LiquidBronze"},{"floor":16,"key":"SpeedPotion"}],"is_trial":false}