{"gold_per_floor":[112,127,142,90,103,135,135,170,170,190,190,211,211,254,254,379,379,393,418,262,282,282,282,323,323,323,144,169,169,202,202,202,326,326,345,98,114,74,98,98,132,55,55,55,68,68,82,101,101,101],"floor_reached":51,"playtime":1356,"items_purged":["Strike_R","Doubt"],"score":767,"play_id":"db012c8f-6ef7-445a-a0fd-70bf72191c25","local_time":"20190121032354","is_ascension_mode":false,"campfire_choices":[{"data":"Spot Weakness","floor":7.0,"key":"SMITH"},{"floor":13.0,"key":"REST"},{"data":"Evolve","floor":15.0,"key":"SMITH"},{"data":"Rage","floor":23.0,"key":"SMITH"},{"data":"Sword Boomerang","floor":25.0,"key":"SMITH"},{"floor":32.0,"key":"REST"},{"floor":40.0,"key":"REST"},{"floor":44.0,"key":"REST"},{"floor":49.0,"key":"REST"}],"neow_cost":"NONE","seed_source_timestamp":106883292589226,"circlet_count":0,"master_deck":["Strike_R","Strike_R","Strike_R","Strike_R","Defend_R","Defend_R","Defend_R","Defend_R","Bash","Spot Weakness+1","Evolve+1","Twin Strike","Cleave","Rage+1","Sword Boomerang","Sword Boomerang+1","Feed","Sword Boomerang+1","Sword Boomerang+1","Whirlwind","Ghostly Armor","Demon Form+1","Reaper","Shrug It Off","Battle Trance","Blind"],"special_seed":0,"relics":["Burning Blood","Happy Flower","Bottled Lightning","Pocketwatch","Golden Idol","Turnip","Cursed Key","Juzu Bracelet","Kunai","Red Mask","Fusion Hammer","Singing Bowl","Potion Belt"],"potions_floor_usage":[50],"damage_taken":[{"damage":1.0,"enemies":"Cultist","floor":1.0,"turns":3.0},{"damage":4.0,"enemies":"2 Louse","floor":2.0,"turns":3.0},{"damage":0.0,"enemies":"Small Slimes","floor":3.0,"turns":3.0},{"damage":18.0,"enemies":"Gremlin Gang","floor":5.0,"turns":6.0},{"damage":27.0,"enemies":"3 Sentries","floor":6.0,"turns":7.0},{"damage":36.0,"enemies":"Lagavulin","floor":8.0,"turns":4.0},{"damage":7.0,"enemies":"2 Fungi Beasts","floor":10.0,"turns":2.0},{"damage":11.0,"enemies":"Exordium Wildlife","floor":12.0,"turns":4.0},{"damage":9.0,"enemies":"3 Sentries","floor":14.0,"turns":3.0},{"damage":11.0,"enemies":"Hexaghost","floor":16.0,"turns":7.0},{"damage":10.0,"enemies":"3 Byrds","floor":18.0,"turns":4.0},{"damage":2.0,"enemies":"Chosen","floor":19.0,"turns":3.0},{"damage":25.0,"enemies":"Snecko","floor":21.0,"turns":4.0},{"damage":32.0,"enemies":"Slavers","floor":24.0,"turns":2.0},{"damage":5.0,"enemies":"Cultist and Chosen","floor":28.0,"turns":3.0},{"damage":10.0,"enemies":"Masked Bandits","floor":30.0,"turns":3.0},{"damage":25.0,"enemies":"Colosseum Slavers","floor":31.0,"turns":4.0},{"damage":17.0,"enemies":"Collector","floor":33.0,"turns":7.0},{"damage":7.0,"enemies":"Orb Walker","floor":35.0,"turns":3.0},{"damage":12.0,"enemies":"3 Darklings","floor":37.0,"turns":4.0},{"damage":39.0,"enemies":"Sphere and 2 Shapes","floor":39.0,"turns":5.0},{"damage":65.0,"enemies":"Reptomancer","floor":41.0,"turns":5.0},{"damage":31.0,"enemies":"4 Shapes","floor":45.0,"turns":3.0},{"damage":12.0,"enemies":"Jaw Worm Horde","floor":47.0,"turns":2.0},{"damage":10.0,"enemies":"3 Darklings","floor":48.0,"turns":3.0},{"damage":61,"enemies":"Time Eater","floor":50,"turns":9}],"seed_played":"-6356922240827733065","potions_obtained":[{"floor":3.0,"key":"Strength Potion"},{"floor":5.0,"key":"SpeedPotion"},{"floor":10.0,"key":"BloodPotion"},{"floor":14.0,"key":"LiquidBronze"},{"floor":16.0,"key":"Fire Potion"},{"floor":24.0,"key":"SpeedPotion"},{"floor":28.0,"key":"EssenceOfSteel"},{"floor":33.0,"key":"EssenceOfSteel"},{"floor":37.0,"key":"Fire Potion"},{"floor":47.0,"key":"Ancient Potion"}],"is_trial":false,"path_per_floor":["M","M","M","$","M","E","R","E","T","M","?","M","R","E","R","B",null,"M","M","$","M","?","R","E","R","T","$","M","$","?","?","R","B",null,"M","$","M","?","M","R","E","$","T","R","M","?","M","M","R","B",null],"character_chosen":"IRONCLAD","items_purchased":["Twin Strike","Whirlwind","Ghostly Armor","Singing Bowl","Battle Trance"],"campfire_rested":5,"item_purchase_floors":[4,20,27,36,42],"current_hp_per_floor":[88,88,88,88,76,55,55,25,25,24,24,27,51,48,48,43,81,80,84,84,68,68,68,42,42,42,42,43,43,39,23,50,39,90,90,90,84,84,56,84,42,42,42,71,51,51,47,53,84,52],"gold":101,"neow_bonus":"TEN_PERCENT_HP_BONUS","is_prod":false,"is_daily":false,"chose_seed":false,"campfire_upgraded":4,"win_rate":0,"timestamp":1548033834,"path_taken":["M","M","?","$","M","E","R","E","T","M","?","M","R","E","R","BOSS","M","M","$","M","?","R","E","R","T","?","M","$","?","?","R","BOSS","M","$","M","?","M","R","E","$","T","R","M","?","M","M","R","BOSS"],"build_version":"2019-01-17v2","purchased_purges":2,"victory":true,"max_hp_per_floor":[88,88,88,88,88,88,88,88,88,88,81,81,81,81,81,81,81,84,84,84,87,87,87,87,87,87,87,87,87,87,90,90,90,90,90,90,90,90,95,95,97,97,97,97,102,102,104,106,106,106],"card_choices":[{"not_picked":["True Grit","Anger","Thunderclap"],"picked":"SKIP","floor":1.0},{"not_picked":["Combust","Anger"],"picked":"Spot Weakness","floor":2.0},{"not_picked":["Wild Strike","Pommel Strike"],"picked":"Evolve","floor":3.0},{"not_picked":["Iron Wave","Immolate"],"picked":"Cleave","floor":5.0},{"not_picked":["Combust","Iron Wave","Pommel Strike"],"picked":"SKIP","floor":6.0},{"not_picked":["Wild Strike","Body Slam"],"picked":"Rage","floor":8.0},{"not_picked":["Infernal Blade","Armaments","Anger"],"picked":"SKIP","floor":10.0},{"not_picked":["Armaments","Twin Strike"],"picked":"Sword Boomerang","floor":12.0},{"not_picked":["Seeing Red","Bludgeon"],"picked":"Sword Boomerang","floor":14.0},{"not_picked":["Immolate","Juggernaut"],"picked":"Feed","floor":16.0},{"not_picked":["Anger","Intimidate+1"],"picked":"Sword Boomerang+1","floor":18.0},{"not_picked":["Cleave+1","Uppercut"],"picked":"Sword Boomerang+1","floor":19.0},{"not_picked":["Anger","Heavy Blade","Pommel Strike+1"],"picked":"SKIP","floor":21.0},{"not_picked":["Thunderclap","Sword Boomerang","Clash"],"picked":"SKIP","floor":24.0},{"not_picked":["Pommel Strike+1","Flame Barrier+1"],"picked":"Demon Form","floor":28.0},{"not_picked":["Brutality","Exhume"],"picked":"Reaper","floor":33.0},{"not_picked":["Flex","True Grit","Reckless Charge"],"picked":"SKIP","floor":35.0},{"not_picked":["Havoc+1","Heavy Blade"],"picked":"Shrug It Off","floor":37.0},{"not_picked":["Cleave+1","Evolve","Iron Wave"],"picked":"Singing Bowl","floor":39.0},{"not_picked":["Thunderclap+1","Cleave","Metallicize+1"],"picked":"Singing Bowl","floor":41.0},{"not_picked":["Heavy Blade","Warcry+1","Iron Wave+1"],"picked":"Singing Bowl","floor":45.0},{"not_picked":["Thinking Ahead","Bandage Up"],"picked":"Blind","floor":46.0},{"not_picked":["Disarm","Sever Soul","Warcry"],"picked":"Singing Bowl","floor":47.0},{"not_picked":["Clash+1","Sever Soul+1","Heavy Blade"],"picked":"Singing Bowl","floor":48.0}],"player_experience":551248,"relics_obtained":[{"floor":6.0,"key":"Happy Flower"},{"floor":8.0,"key":"Bottled Lightning"},{"floor":9.0,"key":"Pocketwatch"},{"floor":14.0,"key":"Turnip"},{"floor":24.0,"key":"Juzu Bracelet"},{"floor":26.0,"key":"Kunai"},{"floor":30.0,"key":"Red Mask"},{"floor":41.0,"key":"Potion Belt"}],"event_choices":[{"damage_healed":0.0,"max_hp_gain":0.0,"max_hp_loss":7.0,"gold_gain":0.0,"event_name":"Golden Idol","player_choice":"Lose Max HP","floor":11.0,"gold_loss":0.0,"damage_taken":0.0,"relics_obtained":["Golden Idol"]},{"damage_healed":0.0,"max_hp_gain":0.0,"max_hp_loss":0.0,"gold_gain":0.0,"event_name":"NoteForYourself","player_choice":"Ignored","floor":22.0,"gold_loss":0.0,"damage_taken":0.0},{"damage_healed":0.0,"max_hp_gain":0.0,"max_hp_loss":0.0,"gold_gain":0.0,"event_name":"Masked Bandits","player_choice":"Fought Bandits","floor":30.0,"gold_loss":0.0,"damage_taken":0.0},{"damage_healed":0.0,"max_hp_gain":0.0,"max_hp_loss":0.0,"gold_gain":0.0,"event_name":"Colosseum","player_choice":"Fight","floor":31.0,"gold_loss":0.0,"damage_taken":0.0},{"damage_healed":0.0,"max_hp_gain":0.0,"max_hp_loss":0.0,"gold_gain":0.0,"event_name":"Colosseum","player_choice":"Fled From Nobs","floor":31.0,"gold_loss":0.0,"damage_taken":0.0},{"damage_healed":0.0,"max_hp_gain":0.0,"max_hp_loss":0.0,"gold_gain":0.0,"event_name":"Designer","player_choice":"Upgrade","floor":38.0,"gold_loss":40.0,"damage_taken":0.0,"cards_upgraded":["Demon Form"]},{"damage_healed":0.0,"max_hp_gain":0.0,"max_hp_loss":0.0,"gold_gain":0.0,"event_name":"SensoryStone","player_choice":"Memory 1","floor":46.0,"gold_loss":0.0,"damage_taken":0.0}],"is_beta":false,"boss_relics":[{"not_picked":["Pandora\u0027s Box","Velvet Choker"],"picked":"Cursed Key"},{"not_picked":["Calling Bell","Mark of Pain"],"picked":"Fusion Hammer"}],"items_purged_floors":[20,27],"is_endless":false,"potions_floor_spawned":[3,5,10,14,16,24,28,33,37,47],"ascension_level":0}