{"path_per_floor":["M","M","$","?","M","E","?","R","T","E","M","$","M","M","R","B",null,"M","M","$","M","M","$","E","R","T","R","?","$","E","M","R","B",null,"M","?"],"character_chosen":"IRONCLAD","items_purchased":["Bag of Marbles","Apotheosis","Orichalcum","Twin Strike"],"gold_per_floor":[212,224,72,72,82,117,179,179,206,237,249,46,63,77,77,179,179,196,214,40,51,70,70,102,102,102,102,102,102,127,144,144,244,244,258,258,258],"floor_reached":37,"campfire_rested":0,"playtime":1319,"item_purchase_floors":[],"current_hp_per_floor":[80,80,80,80,78,51,42,42,42,42,48,48,37,40,40,40,80,80,85,85,85,81,81,77,77,77,77,77,77,75,64,64,23,90,89,89,0],"items_purged":[],"gold":258,"score":469,"play_id":"cedb0af5-d738-4a42-a4a2-160268a8434b","local_time":"20180608144400","is_prod":false,"is_daily":false,"chose_seed":false,"is_ascension_mode":false,"campfire_upgraded":5,"win_rate":0.0,"timestamp":1528458240,"campfire_choices":[{"data":"Bash","floor":8.0,"key":"SMITH"},{"data":"Apotheosis","floor":15.0,"key":"SMITH"},{"data":"Inflame","floor":25.0,"key":"SMITH"},{"data":"Inflame","floor":27.0,"key":"SMITH"},{"data":"Flame Barrier","floor":32.0,"key":"SMITH"}],"path_taken":["M","M","$","?","M","E","?","R","T","E","M","$","M","M","R","BOSS","M","?","$","M","M","$","E","R","T","R","?","$","E","?","R","BOSS","M","?","BOSS"],"build_version":"2018-06-07","seed_source_timestamp":564842442509588,"purchased_purges":0,"victory":false,"master_deck":["Strike_R","Strike_R","Strike_R","Strike_R","Strike_R","Defend_R+1","Defend_R","Defend_R","Defend_R","Bash+1","Shrug It Off","Flame Barrier+1","Thunderclap","Twin Strike","Armaments","Apotheosis+1","Inflame+1","Twin Strike","Fiend Fire","Shockwave","Bloodletting+1","Twin Strike","Inflame+1","Cleave+1","Impervious","Clumsy","Twin Strike+1"],"max_hp_per_floor":[80,80,80,80,80,80,80,80,80,80,80,80,80,80,80,80,80,80,85,85,85,85,85,85,85,85,85,85,85,90,90,90,90,90,90,90,95],"relics":["Black Blood","Bag of Marbles","Vajra","Bronze Scales","Omamori","Potion Belt","Orichalcum","War Paint","Shuriken","Toolbox","Calling Bell","Anchor","Mummified Hand","Shovel"],"card_choices":[{"not_picked":["Flex","Pommel Strike","Carnage"],"picked":"SKIP","floor":1.0},{"not_picked":["Pommel Strike","True Grit","Combust"],"picked":"SKIP","floor":2.0},{"not_picked":["Second Wind","Dropkick"],"picked":"Shrug It Off","floor":5.0},{"not_picked":["Rampage","Armaments"],"picked":"Flame Barrier","floor":6.0},{"not_picked":["Body Slam","Dropkick"],"picked":"Thunderclap","floor":7.0},{"not_picked":["Reckless Charge","Heavy Blade"],"picked":"Twin Strike","floor":10.0},{"not_picked":["True Grit","Body Slam"],"picked":"Armaments","floor":11.0},{"not_picked":["Burning Pact","Headbutt"],"picked":"Inflame","floor":13.0},{"not_picked":["Fire Breathing","Sever Soul"],"picked":"Twin Strike","floor":14.0},{"not_picked":["Brutality","Barricade"],"picked":"Fiend Fire","floor":16.0},{"not_picked":["True Grit","Clothesline"],"picked":"Shockwave","floor":18.0},{"not_picked":["Shockwave","Shrug It Off"],"picked":"Bloodletting","floor":19.0},{"not_picked":["Heavy Blade","Feel No Pain+1","True Grit"],"picked":"SKIP","floor":21.0},{"not_picked":["Sever Soul+1","Flex","Feel No Pain"],"picked":"SKIP","floor":22.0},{"not_picked":["Metallicize","Hemokinesis"],"picked":"Inflame","floor":24.0},{"not_picked":["Body Slam","Fire Breathing"],"picked":"Cleave+1","floor":30.0},{"not_picked":["Body Slam","Bloodletting","Blood for Blood"],"picked":"SKIP","floor":31.0},{"not_picked":["Bludgeon","Barricade"],"picked":"Impervious","floor":33.0},{"not_picked":["Body Slam","Anger+1"],"picked":"Twin Strike+1","floor":35.0}],"player_experience":96438,"potions_floor_usage":[37,37,37,37,37],"damage_taken":[{"damage":0.0,"enemies":"Small Slimes","floor":1.0,"turns":4.0},{"damage":6.0,"enemies":"Cultist","floor":2.0,"turns":3.0},{"damage":8.0,"enemies":"Jaw Worm","floor":5.0,"turns":3.0},{"damage":33.0,"enemies":"3 Sentries","floor":6.0,"turns":13.0},{"damage":15.0,"enemies":"Gremlin Nob","floor":7.0,"turns":3.0},{"damage":6.0,"enemies":"Gremlin Nob","floor":10.0,"turns":3.0},{"damage":0.0,"enemies":"2 Fungi Beasts","floor":11.0,"turns":2.0},{"damage":17.0,"enemies":"Exordium Thugs","floor":13.0,"turns":5.0},{"damage":3.0,"enemies":"Red Slaver","floor":14.0,"turns":6.0},{"damage":6.0,"enemies":"Hexaghost","floor":16.0,"turns":7.0},{"damage":4.0,"enemies":"Spheric Guardian","floor":18.0,"turns":4.0},{"damage":0.0,"enemies":"Chosen","floor":19.0,"turns":4.0},{"damage":7.0,"enemies":"3 Cultists","floor":21.0,"turns":5.0},{"damage":14.0,"enemies":"Snake Plant","floor":22.0,"turns":3.0},{"damage":14.0,"enemies":"Gremlin Leader","floor":24.0,"turns":6.0},{"damage":17.0,"enemies":"Slavers","floor":30.0,"turns":4.0},{"damage":21.0,"enemies":"Sentry and Sphere","floor":31.0,"turns":4.0},{"damage":51.0,"enemies":"Collector","floor":33.0,"turns":11.0},{"damage":11.0,"enemies":"3 Darklings","floor":35.0,"turns":4.0},{"damage":104,"enemies":"Donu and Deca","floor":37,"turns":7}],"relics_obtained":[{"floor":6.0,"key":"Vajra"},{"floor":9.0,"key":"Omamori"},{"floor":10.0,"key":"Potion Belt"},{"floor":24.0,"key":"War Paint"},{"floor":26.0,"key":"Shuriken"},{"floor":30.0,"key":"Toolbox"},{"floor":34.0,"key":"Anchor"},{"floor":34.0,"key":"Mummified Hand"},{"floor":34.0,"key":"Shovel"}],"event_choices":[{"event_name":"Golden Wing","player_choice":"Ignored","floor":4.0,"damage_taken":0.0},{"event_name":"Dead Adventurer","player_choice":"Searched \u00273\u0027 times","floor":7.0,"damage_taken":0.0},{"event_name":"The Lab","player_choice":"Got Potions","floor":28.0,"damage_taken":0.0},{"event_name":"SecretPortal","player_choice":"Took Portal.","floor":36.0,"damage_taken":0.0}],"boss_relics":[{"not_picked":["Eternal Feather","Lizard Tail"],"picked":"Black Blood"},{"not_picked":["Sozu","Pandora\u0027s Box"],"picked":"Calling Bell"}],"items_purged_floors":[],"potions_floor_spawned":[2,6,11,13,14,18,19,30,31,33,35],"seed_played":"5949129555265026361","killed_by":"Donu and Deca","ascension_level":0,"potions_obtained":[{"floor":2.0,"key":"Weak Potion"},{"floor":6.0,"key":"SteroidPotion"},{"floor":11.0,"key":"LiquidBronze"},{"floor":13.0,"key":"Fire Potion"},{"floor":14.0,"key":"Strength Potion"},{"floor":18.0,"key":"Fruit Juice"},{"floor":19.0,"key":"BloodPotion"},{"floor":28.0,"key":"Fruit Juice"},{"floor":28.0,"key":"Strength Potion"},{"floor":28.0,"key":"SkillPotion"},{"floor":30.0,"key":"SkillPotion"},{"floor":31.0,"key":"EssenceOfSteel"},{"floor":33.0,"key":"GamblersBrew"},{"floor":35.0,"key":"Fruit Juice"}],"is_trial":false}