{"gold_per_floor":[114,126,144,63,79,31,65,65,89,89,101,115,147,157,157,258,258,258],"floor_reached":18,"playtime":505,"items_purged":[],"score":174,"play_id":"d028929f-06e6-42f3-bdab-beda3782aee7","local_time":"20181005063025","is_ascension_mode":false,"campfire_choices":[{"floor":8,"key":"REST"},{"data":"Armaments","floor":15,"key":"SMITH"}],"neow_cost":"NONE","seed_source_timestamp":11219115753178,"circlet_count":0,"master_deck":["Strike_R","Strike_R","Strike_R","Strike_R","Strike_R","Defend_R","Defend_R","Defend_R","Bash","Rampage","Inflame","Sword Boomerang","Shrug It Off","Armaments+1","Demon Form"],"special_seed":0,"relics":["Burning Blood","Regal Pillow","PreservedInsect","Vajra","Black Star"],"potions_floor_usage":[5,7,16],"damage_taken":[{"damage":0.0,"enemies":"Small Slimes","floor":1.0,"turns":3.0},{"damage":6.0,"enemies":"Cultist","floor":2.0,"turns":3.0},{"damage":7.0,"enemies":"2 Louse","floor":3.0,"turns":3.0},{"damage":41,"enemies":"Exordium Thugs","floor":5,"turns":4},{"damage":30,"enemies":"Lagavulin","floor":7,"turns":7},{"damage":6,"enemies":"2 Fungi Beasts","floor":11,"turns":3},{"damage":7,"enemies":"Looter","floor":12,"turns":3},{"damage":39,"enemies":"3 Sentries","floor":13,"turns":8},{"damage":1,"enemies":"Exordium Thugs","floor":14,"turns":3},{"damage":26,"enemies":"The Guardian","floor":16,"turns":8},{"damage":0,"enemies":"3 Byrds","floor":18,"turns":2}],"seed_played":"-1902286693186635327","potions_obtained":[{"floor":3.0,"key":"Explosive Potion"},{"floor":5,"key":"SkillPotion"},{"floor":7,"key":"SmokeBomb"},{"floor":13,"key":"SkillPotion"},{"floor":14,"key":"Ancient Potion"}],"is_trial":false,"path_per_floor":["M","M","M","$","M","$","E","R","T","?","M","M","E","M","R","B",null],"character_chosen":"IRONCLAD","items_purchased":["Inflame","Shrug It Off"],"campfire_rested":1,"item_purchase_floors":[4,6],"current_hp_per_floor":[80,80,79,79,44,44,20,59,59,80,80,79,46,51,51,31,80,80],"gold":258,"neow_bonus":"REMOVE_CARD","is_prod":false,"is_daily":false,"chose_seed":false,"campfire_upgraded":1,"win_rate":0,"timestamp":1538710225,"path_taken":["M","M","M","$","M","$","E","R","T","?","?","M","E","M","R","BOSS","M"],"build_version":"2018-10-04","purchased_purges":0,"victory":false,"max_hp_per_floor":[80,80,80,80,80,80,80,80,80,80,80,80,80,80,80,80,80,80],"card_choices":[{"not_picked":["Pommel Strike","Entrench"],"picked":"Rampage","floor":1.0},{"not_picked":["Twin Strike","Pommel Strike","Heavy Blade"],"picked":"SKIP","floor":2.0},{"not_picked":["True Grit","Sentinel","Rupture"],"picked":"SKIP","floor":3.0},{"not_picked":["Evolve","Wild Strike"],"picked":"Sword Boomerang","floor":5},{"not_picked":["Evolve","Perfected Strike","Shockwave"],"picked":"SKIP","floor":7},{"not_picked":["Brutality","Wild Strike"],"picked":"Armaments","floor":11},{"not_picked":["Hemokinesis","Warcry","Infernal Blade"],"picked":"SKIP","floor":12},{"not_picked":["Intimidate","Pommel Strike","Anger"],"picked":"SKIP","floor":13},{"not_picked":["Carnage","Corruption","Rupture"],"picked":"SKIP","floor":14},{"not_picked":["Dark Embrace","Bludgeon"],"picked":"Demon Form","floor":16}],"player_experience":368119,"relics_obtained":[{"floor":7,"key":"Regal Pillow"},{"floor":9,"key":"PreservedInsect"},{"floor":13,"key":"Vajra"}],"event_choices":[{"event_name":"Wheel of Change","player_choice":"Full Heal","floor":10,"damage_taken":0}],"is_beta":false,"boss_relics":[{"not_picked":["Snecko Eye","Philosopher\u0027s Stone"],"picked":"Black Star"}],"items_purged_floors":[],"is_endless":false,"potions_floor_spawned":[3,5,7,13,14],"killed_by":"3 Byrds","ascension_level":0}