{"path_per_floor":["M","?","M","$","?","E","M","M","T","E","R","M","M","?","R","B",null,"M","$","M","M","M","R","E","R","T","?","?","?","M","M","R","B",null,"M","?","M","?","M","R","M","R","T","$","M","?","$","M","R","B"],"character_chosen":"DEFECT","items_purchased":["Self Repair","Leap","Capacitor","Tempest","Finesse","Regen Potion","Strength Potion","Block Potion"],"gold_per_floor":[111,111,124,37,37,65,80,97,121,149,149,159,172,122,122,219,219,230,23,40,52,62,62,88,88,159,159,159,159,173,193,193,290,320,333,333,344,344,359,359,376,376,399,151,167,167,68,79,79,79],"floor_reached":51,"campfire_rested":3,"playtime":6472,"current_hp_per_floor":[74,74,71,71,64,43,45,54,54,50,50,59,68,68,68,16,75,67,67,69,72,42,42,25,47,47,47,47,47,12,36,58,20,80,80,80,79,79,58,58,61,61,61,61,80,75,75,60,80,29],"items_purged":["Flux Capacitor","Strike_B"],"gold":79,"score":631,"play_id":"fc5492d6-abbb-4108-b2e6-67a4086e1d4e","local_time":"20180430195248","is_prod":false,"is_daily":false,"chose_seed":false,"is_ascension_mode":false,"campfire_upgraded":5,"timestamp":1525110768,"path_taken":["M","?","M","$","?","E","M","M","T","E","R","M","?","?","R","BOSS","M","$","M","M","M","R","E","R","T","?","?","?","M","M","R","BOSS","M","?","M","?","M","R","M","R","T","?","M","?","$","M","R","BOSS"],"build_version":"2018-04-27v3","seed_source_timestamp":23275638534924,"purchased_purges":3,"victory":true,"master_deck":["Defend_B","Defend_B","Defend_B","Zap+1","Tempest","Go for the Eyes","Self Repair+1","Leap+1","Streamline","Barrage","Go for the Eyes+1","Leap","Blaster","Machine Learning","Capacitor+1","Tempest","Coolheaded+1","Double Energy+1","Skim","Capacitor+1","Streamline+1","Auto Shields+1","Sweeping Beam+1","Seek","Chaos","Barrage","Finesse","Fusion","Bandage Up"],"max_hp_per_floor":[75,75,75,75,75,75,75,75,75,75,75,75,75,75,75,75,75,75,75,75,75,75,75,75,75,75,75,75,75,75,75,75,75,80,80,80,80,80,80,80,80,80,80,80,80,80,80,80,80,80],"relics":["Cracked Core","Blood Vial","Pen Nib","Oddly Smooth Stone","Nuclear Battery","Bottled Tornado","Nloth\u0027s Gift","Tiny House","Gambling Chip","Juzu Bracelet"],"card_choices":[{"not_picked":["Hello World","Aggregate"],"picked":"Tempest","floor":1},{"not_picked":["Cold Snap","Chaos"],"picked":"Go for the Eyes","floor":3},{"not_picked":["Static Discharge","Undo"],"picked":"Streamline","floor":6},{"not_picked":["Axe Kick","Storm"],"picked":"Barrage","floor":7},{"not_picked":["Steam Power","Flux Capacitor"],"picked":"Go for the Eyes","floor":8},{"not_picked":["Loop","Tempest"],"picked":"Leap","floor":10},{"not_picked":["Buffer","Rebound"],"picked":"Flux Capacitor","floor":12},{"not_picked":["Hello World","Hologram"],"picked":"Blaster","floor":13},{"not_picked":["Redo","Echo Form"],"picked":"Machine Learning","floor":16},{"not_picked":["Cold Snap","Flux Capacitor"],"picked":"Coolheaded","floor":20},{"not_picked":["Rebound","Impulse"],"picked":"Double Energy","floor":21},{"not_picked":["Impulse","Doom and Gloom"],"picked":"Skim","floor":24},{"not_picked":["Prime","Beam Cell"],"picked":"Auto Shields","floor":30},{"not_picked":["Rebound","Flux Capacitor"],"picked":"Sweeping Beam","floor":31},{"not_picked":["Machine Learning","Rainbow"],"picked":"Seek","floor":33},{"not_picked":["Coolheaded","Loop"],"picked":"Chaos","floor":34},{"not_picked":["Capacitor","Self Repair"],"picked":"Barrage","floor":39},{"not_picked":["Impulse","Hologram"],"picked":"Fusion","floor":45},{"not_picked":["Magnetism","Dark Shackles"],"picked":"Bandage Up","floor":46}],"player_experience":364195,"potions_floor_usage":[8,10,16,21,31,33,41,45,50,50,50],"damage_taken":[{"damage":1,"enemies":"Jaw Worm","floor":1,"turns":3},{"damage":3,"enemies":"Small Slimes","floor":3,"turns":3},{"damage":28,"enemies":"3 Sentries","floor":6,"turns":9},{"damage":0,"enemies":"Cultist","floor":7,"turns":3},{"damage":0,"enemies":"Exordium Thugs","floor":8,"turns":3},{"damage":13,"enemies":"Lagavulin","floor":10,"turns":5},{"damage":0,"enemies":"2 Fungi Beasts","floor":12,"turns":4},{"damage":0,"enemies":"Exordium Wildlife","floor":13,"turns":3},{"damage":64,"enemies":"Hexaghost","floor":16,"turns":17},{"damage":18,"enemies":"2 Thieves","floor":18,"turns":4},{"damage":0,"enemies":"Spheric Guardian","floor":20,"turns":2},{"damage":9,"enemies":"Snecko","floor":21,"turns":4},{"damage":42,"enemies":"Chosen and Byrds","floor":22,"turns":6},{"damage":29,"enemies":"Book of Stabbing","floor":24,"turns":6},{"damage":47,"enemies":"Sentry and Sphere","floor":30,"turns":6},{"damage":0,"enemies":"Snecko","floor":31,"turns":4},{"damage":50,"enemies":"Collector","floor":33,"turns":10},{"damage":2,"enemies":"Orb Walker","floor":35,"turns":4},{"damage":11,"enemies":"3 Shapes","floor":37,"turns":5},{"damage":32,"enemies":"Spire Growth","floor":39,"turns":6},{"damage":9,"enemies":"Flame Bruiser 2 Orb","floor":41,"turns":6},{"damage":5,"enemies":"Maw","floor":45,"turns":7},{"damage":30,"enemies":"Sphere and 2 Shapes","floor":48,"turns":4},{"damage":55,"enemies":"Time Eater","floor":50,"turns":13}],"event_choices":[{"event_name":"Living Wall","player_choice":"Forget","floor":2,"damage_taken":0},{"event_name":"Golden Wing","player_choice":"Card Removal","floor":5,"damage_taken":0},{"event_name":"The Cleric","player_choice":"Card Removal","floor":14,"damage_taken":0},{"event_name":"Transmorgrifier","player_choice":"Transform","floor":27,"damage_taken":0},{"event_name":"Match and Keep!","player_choice":"1 cards matched","floor":28,"damage_taken":0},{"event_name":"N\u0027loth","player_choice":"Traded a Frozen Egg 2","floor":29,"damage_taken":0},{"event_name":"Wheel of Change","player_choice":"Relic","floor":38,"damage_taken":0},{"event_name":"SensoryStone","player_choice":"Memory 2","floor":46,"damage_taken":0}],"boss_relics":[{"not_picked":["Eternal Feather","Runic Dome"],"picked":"Nuclear Battery"},{"not_picked":["Orrery","Pandora\u0027s Box"],"picked":"Tiny House"}],"potions_floor_spawned":[1,6,10,18,30,31,35,41,45,48],"seed_played":"-8641784729851894980","ascension_level":0,"is_trial":false}