{"gold_per_floor":[118,118,131,151,151,151,180,180,180,208,222,255,255,273,273,370,370,384,395,395,163,174,204,216,250,274,274,61,88,108,108,108,208,208,226,53,64,84,94,128,128,159,186,206,206,206,206,7,7,7],"floor_reached":51,"playtime":16313,"items_purged":["Strike_G","Decay","Strike_G"],"score":944,"play_id":"beb1b278-000a-4d7f-a0c2-8102a0080a8b","local_time":"20190726031026","is_ascension_mode":true,"campfire_choices":[{"floor":6.0,"key":"REST"},{"floor":13.0,"key":"REST"},{"data":"A Thousand Cuts","floor":15.0,"key":"SMITH"},{"floor":27.0,"key":"REST"},{"floor":32.0,"key":"REST"},{"floor":41,"key":"REST"},{"floor":45,"key":"REST"},{"floor":49,"key":"REST"}],"neow_cost":"CURSE","seed_source_timestamp":0,"circlet_count":0,"master_deck":["Strike_G+1","Strike_G+1","Defend_G","Defend_G+1","Defend_G+1","Defend_G","Defend_G","Survivor+1","Neutralize+1","Malaise","PiercingWail","Backstab","Calculated Gamble","A Thousand Cuts+1","Escape Plan","Dagger Throw","Underhanded Strike","Acrobatics","Tactician","Glass Knife","Infinite Blades+1","Backflip","Footwork+1","Blade Dance","Flying Knee","Slice","Prepared+1","Deflect","Cloak And Dagger","Panache+1","Noxious Fumes+1","Terror","Cloak And Dagger","Well Laid Plans+1","Flechettes+1","Underhanded Strike+1","Escape Plan+1","Prepared+1","Noxious Fumes+1","Catalyst"],"special_seed":0,"relics":["Ring of the Snake","Calipers","Frozen Egg 2","Whetstone","Darkstone Periapt","Fusion Hammer","Bag of Marbles","Paper Crane","War Paint","Dream Catcher","Strawberry","Shuriken","White Beast Statue","Potion Belt","Ancient Tea Set","Orichalcum"],"potions_floor_usage":[37,38,40,40,50,50,50],"damage_taken":[{"damage":0.0,"enemies":"2 Louse","floor":1.0,"turns":4.0},{"damage":7.0,"enemies":"Jaw Worm","floor":3.0,"turns":7.0},{"damage":4.0,"enemies":"Cultist","floor":4.0,"turns":4.0},{"damage":29.0,"enemies":"Gremlin Nob","floor":7.0,"turns":6.0},{"damage":13.0,"enemies":"Lagavulin","floor":10.0,"turns":12.0},{"damage":0.0,"enemies":"Gremlin Gang","floor":11.0,"turns":1.0},{"damage":14.0,"enemies":"Gremlin Nob","floor":12.0,"turns":3.0},{"damage":0.0,"enemies":"Exordium Thugs","floor":14.0,"turns":4.0},{"damage":4.0,"enemies":"Hexaghost","floor":16.0,"turns":13.0},{"damage":9.0,"enemies":"2 Thieves","floor":18.0,"turns":4.0},{"damage":5.0,"enemies":"3 Byrds","floor":19.0,"turns":3.0},{"damage":2.0,"enemies":"Snake Plant","floor":22.0,"turns":6.0},{"damage":5.0,"enemies":"Gremlin Leader","floor":23.0,"turns":6.0},{"damage":0.0,"enemies":"3 Cultists","floor":24.0,"turns":3.0},{"damage":3.0,"enemies":"Book of Stabbing","floor":25.0,"turns":6.0},{"damage":17.0,"enemies":"Gremlin Leader","floor":29.0,"turns":6.0},{"damage":4.0,"enemies":"Cultist and Chosen","floor":30.0,"turns":6.0},{"damage":18.0,"enemies":"Automaton","floor":33.0,"turns":6.0},{"damage":6.0,"enemies":"Orb Walker","floor":35.0,"turns":4.0},{"damage":0,"enemies":"3 Shapes","floor":37,"turns":6},{"damage":9,"enemies":"Writhing Mass","floor":38,"turns":6},{"damage":18,"enemies":"4 Shapes","floor":39,"turns":7},{"damage":5,"enemies":"Reptomancer","floor":40,"turns":5},{"damage":33,"enemies":"Nemesis","floor":42,"turns":7},{"damage":13,"enemies":"3 Darklings","floor":44,"turns":2},{"damage":62,"enemies":"Awakened One","floor":50,"turns":16}],"seed_played":"8920665792399314205","potions_obtained":[{"floor":3.0,"key":"Swift Potion"},{"floor":4.0,"key":"EntropicBrew"},{"floor":11.0,"key":"AttackPotion"},{"floor":16.0,"key":"Swift Potion"},{"floor":22.0,"key":"LiquidBronze"},{"floor":23.0,"key":"Explosive Potion"},{"floor":33.0,"key":"SkillPotion"},{"floor":35.0,"key":"Fruit Juice"},{"floor":37,"key":"Swift Potion"},{"floor":38,"key":"FairyPotion"},{"floor":39,"key":"Regen Potion"},{"floor":40,"key":"EssenceOfSteel"},{"floor":42,"key":"Fire Potion"},{"floor":44,"key":"AttackPotion"}],"is_trial":false,"path_per_floor":["M","?","M","M","?","R","E","?","T","E","M","E","R","M","R","B",null,"M","M","?","$","M","E","M","E","T","R","$","E","M","T","R","B",null,"M","$","M","M","M","E","R","E","T","M","R","?","?","$","R","B",null],"character_chosen":"THE_SILENT","items_purchased":["Footwork+1","Blade Dance","Endless Agony","Panache+1","Noxious Fumes+1","Well Laid Plans+1","Noxious Fumes+1"],"campfire_rested":7,"item_purchase_floors":[21,21,21,28,28,36,48],"current_hp_per_floor":[70,70,63,59,45,66,37,37,37,24,24,10,31,31,31,27,59,50,45,45,45,43,38,38,35,35,56,56,46,42,42,65,47,70,64,64,69,60,42,51,75,42,42,29,53,53,82,82,82,20],"gold":7,"neow_bonus":"THREE_RARE_CARDS","is_prod":false,"is_daily":false,"chose_seed":false,"campfire_upgraded":1,"win_rate":0,"timestamp":1564128626,"path_taken":["M","?","M","M","?","R","E","?","T","E","M","E","R","M","R","BOSS","M","M","?","$","?","E","M","E","T","R","$","E","?","?","R","BOSS","M","$","M","M","M","E","R","E","T","M","R","?","?","$","R","BOSS"],"build_version":"2019-07-17","purchased_purges":3,"victory":true,"max_hp_per_floor":[70,70,70,70,70,70,70,70,70,70,70,70,70,70,70,70,70,70,70,70,70,70,70,70,70,70,70,70,77,77,77,77,77,77,77,77,82,82,82,82,82,82,82,82,82,82,82,82,82,82],"card_choices":[{"not_picked":["Phantasmal Killer","Burst"],"picked":"Malaise","floor":0.0},{"not_picked":["Underhanded Strike","Sucker Punch"],"picked":"PiercingWail","floor":1.0},{"not_picked":["Dagger Spray","All Out Attack"],"picked":"Backstab","floor":3.0},{"not_picked":["Deadly Poison","Acrobatics"],"picked":"Calculated Gamble","floor":4.0},{"not_picked":["Concentrate","Flying Knee"],"picked":"A Thousand Cuts","floor":7.0},{"not_picked":["Deadly Poison","All Out Attack"],"picked":"Dagger Throw","floor":10.0},{"not_picked":["Cloak And Dagger","Poisoned Stab"],"picked":"Underhanded Strike","floor":11.0},{"not_picked":["Dagger Spray","Quick Slash"],"picked":"Acrobatics","floor":12.0},{"not_picked":["Concentrate","Calculated Gamble"],"picked":"Tactician","floor":14.0},{"not_picked":["Phantasmal Killer","Night Terror"],"picked":"Glass Knife","floor":16.0},{"not_picked":["Masterful Stab","Escape Plan"],"picked":"Infinite Blades+1","floor":18.0},{"not_picked":["Underhanded Strike","Dodge and Roll"],"picked":"Backflip","floor":19.0},{"not_picked":["Bane","Sucker Punch"],"picked":"Flying Knee","floor":22.0},{"not_picked":["Dagger Spray","Malaise"],"picked":"Slice","floor":23.0},{"not_picked":["Underhanded Strike","Flying Knee"],"picked":"Prepared+1","floor":24.0},{"not_picked":["Backstab","Dash"],"picked":"Deflect","floor":25.0},{"not_picked":["Dagger Throw","Acrobatics"],"picked":"Cloak And Dagger","floor":27.0},{"not_picked":["Deflect","Bane"],"picked":"Terror","floor":29.0},{"not_picked":["Prepared","Wraith Form v2+1","Dagger Spray"],"picked":"SKIP","floor":30.0},{"not_picked":["Underhanded Strike","Slice"],"picked":"Cloak And Dagger","floor":32.0},{"not_picked":["Deadly Poison","Crippling Poison","Caltrops+1"],"picked":"SKIP","floor":35.0},{"not_picked":["Deflect+1","Slice+1","Dodge and Roll"],"picked":"SKIP","floor":37},{"not_picked":["Dodge and Roll+1","Terror+1","Backflip+1"],"picked":"SKIP","floor":38},{"not_picked":["Dodge and Roll+1","Dagger Throw","Crippling Poison"],"picked":"SKIP","floor":39},{"not_picked":["Prepared","Skewer"],"picked":"Flechettes+1","floor":40},{"not_picked":["Blade Dance+1","Adrenaline"],"picked":"Underhanded Strike+1","floor":41},{"not_picked":["Blur","Acrobatics+1","Endless Agony"],"picked":"SKIP","floor":42},{"not_picked":["Dagger Throw","Infinite Blades+1"],"picked":"Escape Plan+1","floor":44},{"not_picked":["Sucker Punch+1","Blade Dance+1"],"picked":"Prepared+1","floor":45},{"not_picked":["PiercingWail","Dodge and Roll+1"],"picked":"Catalyst","floor":49}],"player_experience":625187,"relics_obtained":[{"floor":7.0,"key":"Calipers"},{"floor":9.0,"key":"Frozen Egg 2"},{"floor":10.0,"key":"Whetstone"},{"floor":12.0,"key":"Darkstone Periapt"},{"floor":23.0,"key":"Paper Crane"},{"floor":25.0,"key":"War Paint"},{"floor":26.0,"key":"Dream Catcher"},{"floor":29.0,"key":"Strawberry"},{"floor":31.0,"key":"Shuriken"},{"floor":40,"key":"Potion Belt"},{"floor":42,"key":"Ancient Tea Set"},{"floor":43,"key":"Orichalcum"}],"event_choices":[{"damage_healed":0.0,"max_hp_gain":0.0,"max_hp_loss":0.0,"gold_gain":0.0,"event_name":"Liars Game","player_choice":"Ignored","floor":2.0,"gold_loss":0.0,"damage_taken":0.0},{"damage_healed":0.0,"max_hp_gain":0.0,"max_hp_loss":0.0,"gold_gain":0.0,"event_name":"Shining Light","player_choice":"Entered Light","floor":5.0,"gold_loss":0.0,"damage_taken":14.0,"cards_upgraded":["Neutralize","Defend_G"]},{"damage_healed":0.0,"max_hp_gain":0.0,"max_hp_loss":0.0,"gold_gain":0.0,"cards_transformed":["Strike_G"],"event_name":"Living Wall","player_choice":"Change","floor":8.0,"gold_loss":0.0,"damage_taken":0.0,"cards_obtained":["Escape Plan"]},{"damage_healed":0.0,"max_hp_gain":0.0,"max_hp_loss":0.0,"gold_gain":0.0,"event_name":"WeMeetAgain","player_choice":"Gave Potion","floor":20.0,"gold_loss":0.0,"damage_taken":0.0,"relics_obtained":["Bag of Marbles"]},{"damage_healed":0,"gold_gain":0,"player_choice":"Ignored","damage_taken":0,"max_hp_gain":0,"max_hp_loss":0,"event_name":"Mysterious Sphere","floor":46,"gold_loss":0},{"cards_removed":["Endless Agony"],"damage_healed":29,"gold_gain":0,"player_choice":"Offered Uncommon","damage_taken":0,"max_hp_gain":0,"max_hp_loss":0,"event_name":"Bonfire Elementals","floor":47,"gold_loss":0}],"is_beta":false,"boss_relics":[{"not_picked":["Runic Dome","Ring of the Serpent"],"picked":"Fusion Hammer"},{"not_picked":["Black Star","Lizard Tail"],"picked":"White Beast Statue"}],"items_purged_floors":[21,36,48],"is_endless":false,"potions_floor_spawned":[3,4,11,16,22,23,33,35,37,38,39,40,42,44],"ascension_level":5}