{"gold_per_floor":[111,111,126,5,24,24,55,55,55,85,99,99,130,142,142,238,238,253,264,78,98,118,153,167,167,216,261,278,289,16,16,16,117,117,129,139,69,89,100,100,118,168,168,19,19,32,52,64,64,64],"floor_reached":51,"playtime":2510,"items_purged":["Regret"],"score":820,"play_id":"0eb5c8cb-236a-428b-a817-757c27f3fa80","local_time":"20180708040827","is_ascension_mode":false,"campfire_choices":[{"data":"Deadly Poison","floor":6.0,"key":"SMITH"},{"data":"Neutralize","floor":8.0,"key":"SMITH"},{"data":"Deadly Poison","floor":12.0,"key":"SMITH"},{"data":"Cloak And Dagger","floor":15.0,"key":"SMITH"},{"data":"Bullet Time","floor":25.0,"key":"SMITH"},{"data":"Apotheosis","floor":32.0,"key":"SMITH"},{"data":"Noxious Fumes","floor":40.0,"key":"SMITH"},{"floor":49.0,"key":"REST"}],"neow_cost":"NONE","seed_source_timestamp":40036637440128,"circlet_count":0,"master_deck":["Survivor","Neutralize+1","Backflip","Deadly Poison+1","Deflect","Poisoned Stab","Deflect","Backflip","Deadly Poison+1","Cloak And Dagger+1","Envenom","PiercingWail","Flying Knee","Prepared","Backflip","Flechettes","Outmaneuver","Deflect","Well Laid Plans+1","Blur","Bullet Time+1","Cloak And Dagger+1","Noxious Fumes+1","Apotheosis+1","Calculated Gamble","Corpse Explosion","Quick Slash+1","Distraction+1","Blade Dance+1","Escape Plan","Noxious Fumes+1","Noxious Fumes","Calculated Gamble","Leg Sweep+1","Cloak And Dagger","Accuracy","Backflip","Deflect+1","Cloak And Dagger+1","Footwork","Noxious Fumes"],"special_seed":0,"relics":["Ring of the Snake","Unceasing Top","Question Card","Ninja Scroll","Mercury Hourglass","Meat on the Bone","Pandora\u0027s Box","Bronze Scales","Dream Catcher","Orichalcum","Oddly Smooth Stone","Astrolabe","The Specimen","Letter Opener"],"potions_floor_usage":[50,50],"damage_taken":[{"damage":0.0,"enemies":"Small Slimes","floor":1.0,"turns":4.0},{"damage":5.0,"enemies":"2 Louse","floor":3.0,"turns":3.0},{"damage":1.0,"enemies":"Cultist","floor":5.0,"turns":4.0},{"damage":18.0,"enemies":"3 Sentries","floor":7.0,"turns":11.0},{"damage":1.0,"enemies":"Gremlin Nob","floor":10.0,"turns":3.0},{"damage":2.0,"enemies":"3 Louse","floor":11.0,"turns":3.0},{"damage":8.0,"enemies":"Lagavulin","floor":13.0,"turns":5.0},{"damage":0.0,"enemies":"Blue Slaver","floor":14.0,"turns":2.0},{"damage":4.0,"enemies":"The Guardian","floor":16.0,"turns":8.0},{"damage":3.0,"enemies":"3 Byrds","floor":18.0,"turns":3.0},{"damage":0.0,"enemies":"Shell Parasite","floor":19.0,"turns":3.0},{"damage":18.0,"enemies":"Sentry and Sphere","floor":21.0,"turns":7.0},{"damage":7.0,"enemies":"Slaver and Parasite","floor":22.0,"turns":5.0},{"damage":7.0,"enemies":"Slavers","floor":23.0,"turns":5.0},{"damage":0.0,"enemies":"Snecko","floor":24.0,"turns":4.0},{"damage":0.0,"enemies":"Cultist and Chosen","floor":28.0,"turns":4.0},{"damage":9.0,"enemies":"Snake Plant","floor":29.0,"turns":2.0},{"damage":20.0,"enemies":"Champ","floor":33.0,"turns":11.0},{"damage":17.0,"enemies":"3 Darklings","floor":35.0,"turns":4.0},{"damage":4.0,"enemies":"Orb Walker","floor":36.0,"turns":4.0},{"damage":18.0,"enemies":"Sphere and 2 Shapes","floor":38.0,"turns":5.0},{"damage":7.0,"enemies":"4 Shapes","floor":39.0,"turns":3.0},{"damage":13.0,"enemies":"Maw","floor":41.0,"turns":6.0},{"damage":8.0,"floor":42.0,"turns":3.0},{"damage":17.0,"enemies":"Sphere and 2 Shapes","floor":46.0,"turns":4.0},{"damage":0.0,"enemies":"4 Shapes","floor":47.0,"turns":3.0},{"damage":5.0,"enemies":"Maw","floor":48.0,"turns":7.0},{"damage":38,"enemies":"Donu and Deca","floor":50,"turns":8}],"seed_played":"-3496372604575054665","potions_obtained":[{"floor":1.0,"key":"PowerPotion"},{"floor":7.0,"key":"SteroidPotion"},{"floor":10.0,"key":"SpeedPotion"},{"floor":13.0,"key":"SteroidPotion"},{"floor":18.0,"key":"Regen Potion"},{"floor":21.0,"key":"Block Potion"},{"floor":22.0,"key":"Fire Potion"},{"floor":28.0,"key":"LiquidBronze"},{"floor":29.0,"key":"EssenceOfSteel"},{"floor":35.0,"key":"SteroidPotion"},{"floor":39.0,"key":"PowerPotion"}],"is_trial":false,"path_per_floor":["M","?","M","$","M","R","E","R","T","E","M","R","E","M","R","B",null,"M","M","$","M","M","E","M","R","T","T","M","M","$","?","R","B",null,"M","M","$","M","M","R","M","?","T","$","?","M","M","M","R","B"],"character_chosen":"THE_SILENT","items_purchased":["Deflect","Bronze Scales","Blur","Apotheosis","Calculated Gamble","Noxious Fumes","Accuracy","Backflip","SkillPotion"],"campfire_rested":1,"item_purchase_floors":[4,20,20,30,30,37,44,44,44],"current_hp_per_floor":[77,77,72,72,71,71,53,53,53,52,50,50,42,42,42,50,77,74,74,74,70,63,56,56,56,56,56,56,47,47,47,47,39,77,60,56,56,50,43,43,42,46,46,46,46,41,41,48,71,45],"gold":64,"neow_bonus":"TEN_PERCENT_HP_BONUS","is_prod":false,"is_daily":false,"chose_seed":false,"campfire_upgraded":7,"win_rate":0,"timestamp":1531012107,"path_taken":["M","?","M","$","M","R","E","R","T","E","M","R","E","M","R","BOSS","M","M","$","M","M","E","M","R","T","?","M","M","$","?","R","BOSS","M","M","$","M","M","R","M","?","T","$","?","M","M","M","R","BOSS"],"build_version":"2018-07-05","purchased_purges":1,"victory":true,"max_hp_per_floor":[77,77,77,77,77,77,77,77,77,77,77,77,77,77,77,77,77,77,77,77,77,77,77,77,77,77,77,77,77,77,77,77,77,77,77,77,77,77,77,77,77,77,77,77,77,77,77,77,77,77],"card_choices":[{"not_picked":["Expertise","Accuracy"],"picked":"Backflip","floor":1.0},{"not_picked":["Expertise","Prepared"],"picked":"Deadly Poison","floor":3.0},{"not_picked":["Slice","Prepared"],"picked":"Poisoned Stab","floor":5.0},{"not_picked":["Flying Knee","Slice"],"picked":"Deflect","floor":7.0},{"not_picked":["Slice","Riddle With Holes","Heel Hook"],"picked":"Backflip","floor":10.0},{"not_picked":["Finisher","Concentrate","Grand Finale"],"picked":"Deadly Poison","floor":11.0},{"not_picked":["Choke","Poisoned Stab","Tools of the Trade"],"picked":"Cloak And Dagger","floor":13.0},{"not_picked":["Quick Slash","PiercingWail","Deadly Poison","Underhanded Strike"],"picked":"SKIP","floor":14.0},{"not_picked":["After Image","Night Terror","A Thousand Cuts"],"picked":"Envenom","floor":16.0},{"not_picked":["Poisoned Stab","Dodge and Roll","Acrobatics"],"picked":"Deflect","floor":18.0},{"not_picked":["Malaise","Escape Plan","Dagger Spray"],"picked":"Well Laid Plans+1","floor":19.0},{"not_picked":["Choke","Poisoned Stab+1","Slice","Acrobatics"],"picked":"SKIP","floor":21.0},{"not_picked":["Bane","Sucker Punch","Outmaneuver","Underhanded Strike+1"],"picked":"SKIP","floor":22.0},{"not_picked":["Bane","Sucker Punch","Outmaneuver","Underhanded Strike+1"],"picked":"SKIP","floor":22.0},{"not_picked":["Deadly Poison+1","Concentrate+1","Blade Dance"],"picked":"Bullet Time","floor":23.0},{"not_picked":["All Out Attack","Deadly Poison","Distraction+1","Backstab"],"picked":"SKIP","floor":24.0},{"not_picked":["Deflect","Dagger Throw+1","PiercingWail+1"],"picked":"Cloak And Dagger+1","floor":28.0},{"not_picked":["Expertise+1","Outmaneuver+1","Blur"],"picked":"Noxious Fumes","floor":29.0},{"not_picked":["Wraith Form v2","Unload","Envenom"],"picked":"Corpse Explosion","floor":33.0},{"not_picked":["PiercingWail+1","Slice","Bane+1"],"picked":"Escape Plan","floor":35.0},{"not_picked":["Poisoned Stab","Underhanded Strike+1","Crippling Poison+1"],"picked":"Noxious Fumes+1","floor":36.0},{"not_picked":["Sucker Punch","Bane+1","Underhanded Strike","Dash"],"picked":"SKIP","floor":38.0},{"not_picked":["Choke+1","PiercingWail","Blade Dance"],"picked":"Calculated Gamble","floor":39.0},{"not_picked":["Deadly Poison","Dash","Dodge and Roll"],"picked":"Leg Sweep+1","floor":41.0},{"not_picked":["Corpse Explosion","PiercingWail+1","Slice"],"picked":"Cloak And Dagger","floor":42.0},{"not_picked":["Slice","Cloak And Dagger","Deadly Poison"],"picked":"Deflect+1","floor":46.0},{"not_picked":["Deadly Poison+1","Poisoned Stab","Venomology"],"picked":"Cloak And Dagger+1","floor":47.0},{"not_picked":["Bouncing Flask","Riddle With Holes","Blur"],"picked":"Footwork","floor":48.0},{"not_picked":["Terror","Quick Slash+1","Cloak And Dagger"],"picked":"Noxious Fumes","floor":49.0}],"player_experience":182846,"relics_obtained":[{"floor":7.0,"key":"Question Card"},{"floor":9.0,"key":"Ninja Scroll"},{"floor":10.0,"key":"Mercury Hourglass"},{"floor":13.0,"key":"Meat on the Bone"},{"floor":23.0,"key":"Dream Catcher"},{"floor":26.0,"key":"Orichalcum"},{"floor":27.0,"key":"Oddly Smooth Stone"},{"floor":42.0,"key":"The Specimen"},{"floor":43.0,"key":"Letter Opener"}],"event_choices":[{"event_name":"Big Fish","player_choice":"Box","floor":2.0,"damage_taken":0.0},{"event_name":"Cursed Tome","player_choice":"Ignored","floor":31.0,"damage_taken":0.0},{"event_name":"Mysterious Sphere","player_choice":"Fight","floor":42.0,"damage_taken":0.0},{"event_name":"Falling","player_choice":"Removed Attack","floor":45.0,"damage_taken":0.0}],"boss_relics":[{"not_picked":["Calling Bell","Tiny House"],"picked":"Pandora\u0027s Box"},{"not_picked":["Runic Dome","Empty Cage"],"picked":"Astrolabe"}],"items_purged_floors":[4],"is_endless":false,"potions_floor_spawned":[1,7,10,13,18,21,22,28,29,35,38,39,41],"ascension_level":0}