{"gold_per_floor":[363,538,538,463,482,482,136,136,136,136,68,68,84,84,84,188,188,204,216,65,85,105,136,0,0,27,27,39,53,53,70,70,165,165,182,182,196,211,222,222,255,255,331,33,51,51,51,63,63,63],"floor_reached":51,"playtime":1558,"items_purged":["Shame","Doubt"],"score":712,"play_id":"395a0f37-19da-4d5a-8b8d-0cfec89fb0b3","local_time":"20190121035047","is_ascension_mode":false,"campfire_choices":[{"data":"Zap","floor":6.0,"key":"SMITH"},{"data":"Storm","floor":8.0,"key":"SMITH"},{"data":"Loop","floor":10.0,"key":"SMITH"},{"data":"Force Field","floor":12.0,"key":"SMITH"},{"data":"Hologram","floor":15.0,"key":"SMITH"},{"floor":25,"key":"REST"},{"floor":32,"key":"REST"},{"data":"Loop","floor":40,"key":"SMITH"},{"floor":42,"key":"REST"},{"floor":49,"key":"REST"}],"neow_cost":"CURSE","seed_source_timestamp":108328371759786,"circlet_count":0,"master_deck":["Strike_B","Strike_B","Strike_B","Strike_B","Defend_B","Defend_B+1","Defend_B","Defend_B","Zap+1","Dualcast","BootSequence+1","Loop+1","Storm+1","Force Field+1","Hologram+1","Electrodynamics","Steam","Static Discharge","Leap","Conserve Battery","Loop+1","Seek+1","Loop+1","Go for the Eyes+1"],"special_seed":0,"relics":["Cracked Core","Runic Capacitor","Molten Egg 2","Dream Catcher","Sozu","DataDisk","Pocketwatch","Bag of Preparation","Lizard Tail","Mercury Hourglass","Ornamental Fan","Centennial Puzzle","Juzu Bracelet"],"potions_floor_usage":[],"damage_taken":[{"damage":2.0,"enemies":"2 Louse","floor":1.0,"turns":3.0},{"damage":0.0,"enemies":"Jaw Worm","floor":5.0,"turns":3.0},{"damage":1.0,"enemies":"Cultist","floor":13.0,"turns":4.0},{"damage":24.0,"enemies":"Hexaghost","floor":16.0,"turns":10.0},{"damage":4.0,"enemies":"Shell Parasite","floor":18.0,"turns":6.0},{"damage":0.0,"enemies":"Spheric Guardian","floor":19.0,"turns":4.0},{"damage":32.0,"enemies":"Snecko","floor":21.0,"turns":6.0},{"damage":10.0,"enemies":"Snake Plant","floor":22.0,"turns":3.0},{"damage":11.0,"enemies":"Slavers","floor":23.0,"turns":4.0},{"damage":0,"enemies":"Cultist and Chosen","floor":28,"turns":4},{"damage":5,"enemies":"Centurion and Healer","floor":29,"turns":4},{"damage":0,"enemies":"Chosen and Byrds","floor":31,"turns":4},{"damage":26,"enemies":"Collector","floor":33,"turns":7},{"damage":0,"enemies":"3 Shapes","floor":35,"turns":2},{"damage":2,"enemies":"Orb Walker","floor":37,"turns":3},{"damage":0,"enemies":"Sphere and 2 Shapes","floor":38,"turns":4},{"damage":0,"enemies":"Maw","floor":39,"turns":7},{"damage":34,"enemies":"Nemesis","floor":41,"turns":7},{"damage":1,"enemies":"Spire Growth","floor":45,"turns":5},{"damage":11,"enemies":"Jaw Worm Horde","floor":48,"turns":2},{"damage":71,"enemies":"Awakened One","floor":50,"turns":11}],"seed_played":"-5545557951691407","potions_obtained":[{"floor":1.0,"key":"FocusPotion"},{"floor":13.0,"key":"Explosive Potion"}],"is_trial":false,"path_per_floor":["M","?","?","$","M","R","$","R","T","R","$","R","M","?","R","B",null,"M","M","$","M","M","E","?","R","T","?","M","M","$","M","R","B",null,"M","?","M","M","M","R","E","R","T","$","M","?","?","M","R","B",null],"character_chosen":"DEFECT","items_purchased":["Storm","Runic Capacitor","Force Field","DataDisk","Centennial Puzzle","Juzu Bracelet"],"campfire_rested":4,"item_purchase_floors":[7,7,11,20,44,44],"current_hp_per_floor":[73,73,58,58,58,58,58,58,58,58,58,58,57,45,45,21,75,71,71,71,39,29,18,18,40,40,40,40,35,35,35,57,31,75,75,75,73,73,73,73,39,61,61,61,60,60,60,49,71,37],"gold":63,"neow_bonus":"TWO_FIFTY_GOLD","is_prod":false,"is_daily":false,"chose_seed":false,"campfire_upgraded":6,"win_rate":0,"timestamp":1548035447,"path_taken":["M","?","?","$","M","R","$","R","T","R","$","R","M","?","R","BOSS","M","M","$","M","M","E","?","R","T","?","M","?","$","M","R","BOSS","M","?","M","M","M","R","E","R","T","$","M","?","?","M","R","BOSS"],"build_version":"2019-01-17v2","purchased_purges":2,"victory":true,"max_hp_per_floor":[75,75,75,75,75,75,75,75,75,75,75,75,75,75,75,75,75,75,75,75,75,75,75,75,75,75,75,75,75,75,75,75,75,75,75,75,75,75,75,75,75,75,75,75,75,75,75,75,75,75],"card_choices":[{"not_picked":["Beam Cell","Gash"],"picked":"BootSequence","floor":1.0},{"not_picked":["Sweeping Beam","Steam"],"picked":"Loop","floor":5.0},{"not_picked":["Genetic Algorithm","Beam Cell+1"],"picked":"Hologram","floor":13.0},{"not_picked":["Thunder Strike+1","Multi-Cast"],"picked":"Electrodynamics","floor":16.0},{"not_picked":["Cold Snap+1","Stack","Heatsinks+1"],"picked":"SKIP","floor":18.0},{"not_picked":["Sweeping Beam+1","Redo"],"picked":"Steam","floor":19.0},{"not_picked":["Rebound+1","Go for the Eyes+1"],"picked":"Static Discharge","floor":21.0},{"not_picked":["Turbo","Sunder+1"],"picked":"Leap","floor":22.0},{"not_picked":["Fusion","Hello World"],"picked":"Conserve Battery","floor":23.0},{"not_picked":["Beam Cell+1","Double Energy","Steam"],"picked":"SKIP","floor":28},{"not_picked":["Leap","Tempest","Barrage+1"],"picked":"SKIP","floor":29},{"not_picked":["Cold Snap+1","Skim","Hyperbeam+1"],"picked":"SKIP","floor":31},{"not_picked":["Ball Lightning+1","Redo"],"picked":"Loop","floor":32},{"not_picked":["Core Surge+1","Thunder Strike+1"],"picked":"Seek","floor":33},{"not_picked":["Tempest","Turbo","Cold Snap+1"],"picked":"SKIP","floor":35},{"not_picked":["Ball Lightning+1","Consume"],"picked":"Loop+1","floor":37},{"not_picked":["Beam Cell+1","Ball Lightning+1"],"picked":"Go for the Eyes+1","floor":38},{"not_picked":["Barrage+1","Lockon+1","Sunder+1"],"picked":"SKIP","floor":39},{"not_picked":["Doom and Gloom+1","Steam","Amplify"],"picked":"SKIP","floor":41},{"not_picked":["Lockon+1","FTL+1","Genetic Algorithm+1"],"picked":"SKIP","floor":45},{"not_picked":["Turbo","Consume","Self Repair+1"],"picked":"SKIP","floor":48}],"player_experience":552604,"relics_obtained":[{"floor":9.0,"key":"Molten Egg 2"},{"floor":23.0,"key":"Pocketwatch"},{"floor":26,"key":"Bag of Preparation"},{"floor":41,"key":"Mercury Hourglass"},{"floor":43,"key":"Ornamental Fan"}],"event_choices":[{"damage_healed":0.0,"max_hp_gain":0.0,"max_hp_loss":0.0,"gold_gain":175.0,"event_name":"Liars Game","player_choice":"AGREE","floor":2.0,"gold_loss":0.0,"damage_taken":0.0,"cards_obtained":["Doubt"]},{"damage_healed":0.0,"max_hp_gain":0.0,"max_hp_loss":0.0,"gold_gain":0.0,"event_name":"Shining Light","player_choice":"Entered Light","floor":3.0,"gold_loss":0.0,"damage_taken":15.0,"cards_upgraded":["BootSequence","Defend_B"]},{"damage_healed":0.0,"max_hp_gain":0.0,"max_hp_loss":0.0,"gold_gain":0.0,"event_name":"Scrap Ooze","player_choice":"Success","floor":14.0,"gold_loss":0.0,"damage_taken":12.0,"relics_obtained":["Dream Catcher"]},{"damage_healed":0,"gold_gain":0,"player_choice":"Paid Fearfully","damage_taken":0,"max_hp_gain":0,"max_hp_loss":0,"event_name":"Masked Bandits","floor":24,"gold_loss":136},{"damage_healed":0,"gold_gain":0,"player_choice":"Ignored","damage_taken":0,"max_hp_gain":0,"max_hp_loss":0,"event_name":"N\u0027loth","floor":27,"gold_loss":0},{"damage_healed":0,"gold_gain":0,"player_choice":"Ignored","damage_taken":0,"max_hp_gain":0,"max_hp_loss":0,"event_name":"Tomb of Lord Red Mask","floor":36,"gold_loss":0},{"damage_healed":0,"gold_gain":0,"player_choice":"Upgraded","damage_taken":0,"max_hp_gain":0,"max_hp_loss":0,"event_name":"Upgrade Shrine","floor":46,"gold_loss":0,"cards_upgraded":["Seek"]},{"damage_healed":0,"gold_gain":0,"player_choice":"Ignored","damage_taken":0,"max_hp_gain":0,"max_hp_loss":0,"event_name":"SecretPortal","floor":47,"gold_loss":0}],"is_beta":false,"boss_relics":[{"not_picked":["Astrolabe","Inserter"],"picked":"Sozu"},{"not_picked":["Snecko Eye","Coffee Dripper"],"picked":"Lizard Tail"}],"items_purged_floors":[4,7],"is_endless":false,"potions_floor_spawned":[1,13,18,21,22,29,31,38,41,48],"ascension_level":0}