{"gold_per_floor":[13,24,24,42,42,69,80,99,99,118,118,136,136,151,151,151],"floor_reached":16,"playtime":393,"items_purged":[],"score":106,"play_id":"f4d3c7b0-3594-4ec2-a05d-3a0622af3183","local_time":"20190729101338","is_ascension_mode":false,"campfire_choices":[{"floor":11,"key":"REST"},{"data":"Machine Learning","floor":13,"key":"SMITH"},{"data":"Chill","floor":15,"key":"SMITH"}],"neow_cost":"NO_GOLD","seed_source_timestamp":6140202421400,"circlet_count":0,"master_deck":["Strike_B","Strike_B+1","Strike_B+1","Strike_B","Defend_B","Defend_B","Defend_B","Defend_B","Zap","Dualcast","Machine Learning+1","Chill+1","Leap","Gash","FTL","Go for the Eyes","Beam Cell"],"relics":["Cracked Core","Boot"],"potions_floor_usage":[6,6],"damage_taken":[{"damage":6,"enemies":"Jaw Worm","floor":1,"turns":3},{"damage":0,"enemies":"Small Slimes","floor":2,"turns":3},{"damage":1,"enemies":"Cultist","floor":4,"turns":3},{"damage":15,"enemies":"Lagavulin","floor":6,"turns":10},{"damage":0,"enemies":"2 Fungi Beasts","floor":7,"turns":3},{"damage":18,"enemies":"Exordium Thugs","floor":8,"turns":4},{"damage":11,"enemies":"Exordium Wildlife","floor":10,"turns":3},{"damage":11,"enemies":"Large Slime","floor":12,"turns":5},{"damage":2,"enemies":"Blue Slaver","floor":14,"turns":3},{"damage":19,"enemies":"The Guardian","floor":16,"turns":5}],"seed_played":"-8758412789574128653","potions_obtained":[{"floor":1,"key":"Ancient Potion"},{"floor":4,"key":"SkillPotion"},{"floor":6,"key":"SkillPotion"},{"floor":12,"key":"Ancient Potion"},{"floor":14,"key":"Fire Potion"}],"is_trial":false,"path_per_floor":["M","M","$","M","?","E","M","M","T","M","R","M","R","M","R","B"],"character_chosen":"DEFECT","items_purchased":[],"campfire_rested":1,"item_purchase_floors":[],"current_hp_per_floor":[69,69,69,68,53,38,38,20,20,9,31,20,20,18,18,0],"gold":151,"neow_bonus":"THREE_RARE_CARDS","is_prod":false,"is_daily":false,"chose_seed":false,"campfire_upgraded":2,"win_rate":0,"timestamp":1564384418,"path_taken":["M","M","$","M","?","E","M","M","T","M","R","M","R","M","R","BOSS"],"build_version":"2019-07-17","purchased_purges":0,"victory":false,"max_hp_per_floor":[75,75,75,75,75,75,75,75,75,75,75,75,75,75,75,75],"card_choices":[{"not_picked":["Multi-Cast","Biased Cognition"],"picked":"Machine Learning","floor":0},{"not_picked":["Chill","Streamline","Barrage"],"picked":"SKIP","floor":1},{"not_picked":["Streamline","Barrage"],"picked":"Chill","floor":1},{"not_picked":["Redo","Rip and Tear","Coolheaded"],"picked":"SKIP","floor":2},{"not_picked":["Streamline","Rebound"],"picked":"Leap","floor":4},{"not_picked":["Streamline","Sweeping Beam","All For One"],"picked":"SKIP","floor":6},{"not_picked":["Cold Snap","Compile Driver"],"picked":"Gash","floor":7},{"not_picked":["Force Field","Steam"],"picked":"FTL","floor":8},{"not_picked":["Reinforced Body","Redo"],"picked":"Go for the Eyes","floor":10},{"not_picked":["Leap","Cold Snap","Coolheaded"],"picked":"SKIP","floor":12},{"not_picked":["Meteor Strike","Rebound"],"picked":"Beam Cell","floor":14}],"player_experience":791958,"relics_obtained":[{"floor":6,"key":"Boot"}],"event_choices":[{"damage_healed":0,"gold_gain":0,"player_choice":"Entered Light","damage_taken":15,"max_hp_gain":0,"max_hp_loss":0,"event_name":"Shining Light","floor":5,"gold_loss":0,"cards_upgraded":["Strike_B","Strike_B"]}],"is_beta":false,"boss_relics":[],"items_purged_floors":[],"is_endless":false,"potions_floor_spawned":[1,4,6,12,14],"killed_by":"The Guardian","ascension_level":0}