{"path_per_floor":["M","M","?","$","?","R","M","R","T","R","M","$","E","?","R","B",null,"M","?","M","?","M","R","?","R","T","T","M","$","R","M","R"],"character_chosen":"IRONCLAD","items_purchased":["Inflame","Armaments","Swift Potion"],"gold_per_floor":[109,120,120,47,47,47,60,60,60,60,77,27,58,58,58,156,156,175,175,195,195,213,213,213,213,213,213,226,101,101,118,118],"floor_reached":33,"campfire_rested":0,"playtime":2985,"current_hp_per_floor":[80,73,73,73,73,73,79,79,79,79,79,79,80,64,64,46,80,59,58,58,42,61,61,46,46,46,46,67,67,67,69,69],"items_purged":["Bite_R"],"gold":118,"play_id":"6572fc68-ca5d-4c9c-9d3b-f2e371a50f0d","is_prod":false,"is_daily":false,"campfire_rituals":0,"campfire_upgraded":6,"is_hardmode":false,"path_taken":["M","M","?","$","?","R","M","R","T","R","?","$","E","?","R","BOSS","M","?","?","?","?","R","?","R","T","?","?","$","R","M","R","BOSS"],"build_version":"2018-01-18-PROD4","purchased_purges":1,"victory":false,"master_deck":["Defend_R","Defend_R","Defend_R","Defend_R","Bash","Metallicize","Headbutt","Battle Trance","Inflame","Metallicize","Reckless Charge","Armaments","Metallicize","Feed","Battle Trance","Thunderclap","Iron Wave","Metallicize","Bite_R","Bite_R","Bite_R","Bite_R","Necronomicurse","Barricade","Infernal Blade","Shrug It Off"],"max_hp_per_floor":[80,80,80,80,80,80,80,80,80,80,80,80,80,80,80,80,80,83,58,58,58,61,61,66,66,66,66,69,69,69,69,69],"relics":["Burning Blood","Girya","Gremlin Horn","Orrery","Necronomicon","Paper Frog","Torii"],"campfire_meditates":0,"card_choices":[{"not_picked":["Flex","Blood for Blood"],"picked":"Headbutt"},{"not_picked":["Shockwave","Burning Pact"],"picked":"Battle Trance"},{"not_picked":["Thunderclap","Flame Barrier"],"picked":"Metallicize"},{"not_picked":["Clash","Twin Strike"],"picked":"Reckless Charge"},{"not_picked":["Wild Strike","Reaper"],"picked":"Metallicize"},{"not_picked":["Immolate","Impervious"],"picked":"Feed"},{"not_picked":["Clothesline","Twin Strike"],"picked":"Battle Trance"},{"not_picked":["Pummel","Flex"],"picked":"Thunderclap"},{"not_picked":["Feel No Pain","Searing Blow"],"picked":"Iron Wave"},{"not_picked":["Pommel Strike","Twin Strike"],"picked":"Metallicize"},{"not_picked":["Reckless Charge","Disarm"],"picked":"Barricade"},{"not_picked":["True Grit","Twin Strike"],"picked":"Infernal Blade"},{"not_picked":["Shockwave","Clash"],"picked":"Shrug It Off"}],"player_experience":155830,"potions_floor_usage":[22,22,33],"damage_taken":[{"damage":0,"enemies":"Small Slimes","floor":1,"turns":3},{"damage":13,"enemies":"Blue Slaver","floor":2,"turns":6},{"damage":0,"enemies":"2 Louse","floor":7,"turns":3},{"damage":6,"enemies":"Exordium Wildlife","floor":11,"turns":6},{"damage":5,"enemies":"Lagavulin","floor":13,"turns":6},{"damage":24,"enemies":"Hexaghost","floor":16,"turns":8},{"damage":30,"enemies":"2 Thieves","floor":18,"turns":3},{"damage":11,"enemies":"Chosen","floor":20,"turns":6},{"damage":20,"enemies":"Centurion and Healer","floor":22,"turns":9},{"damage":0,"enemies":"Snecko","floor":28,"turns":6},{"damage":12,"enemies":"Snake Plant","floor":31,"turns":6},{"damage":106,"enemies":"Collector","floor":33,"turns":6}],"event_choices":[{"event_name":"Upgrade Shrine","player_choice":"Upgraded","floor":3,"damage_taken":0},{"event_name":"Living Wall","player_choice":"Grow","floor":5,"damage_taken":0},{"event_name":"Shining Light","player_choice":"Entered Light","floor":14,"damage_taken":0},{"event_name":"Vampires","player_choice":"Became a vampire","floor":19,"damage_taken":0},{"event_name":"Cursed Tome","player_choice":"Obtained Book","floor":21,"damage_taken":0},{"event_name":"Forgotten Altar","player_choice":"Shed Blood","floor":24,"damage_taken":0}],"boss_relics":[{"not_picked":["Lizard Tail","Philosopher\u0027s Stone"],"picked":"Orrery"}],"potions_floor_spawned":[13,18,20,31],"seed_played":"2441379072001750098","killed_by":"Collector","is_trial":false}