{"path_per_floor":["M","M","?","M","M","R","E","M","T","$","R","E","M","M","R","B",null,"M","M","$","M","M","E","R","?","T","E","?","M","M","E","R","B",null,"M","M","?","B"],"character_chosen":"THE_SILENT","items_purchased":["Backstab","Bag of Marbles"],"gold_per_floor":[112,132,132,146,156,156,182,197,197,86,86,113,132,148,148,248,248,259,274,19,36,56,85,85,85,85,111,137,150,165,197,197,292,292,312,326,326,326],"floor_reached":39,"campfire_rested":0,"playtime":4660,"current_hp_per_floor":[70,70,63,63,63,63,43,40,40,40,40,32,31,31,31,9,70,70,70,70,70,70,70,70,54,54,54,54,54,54,54,54,54,70,70,70,70,52],"items_purged":["Strike_G","Catalyst"],"gold":326,"score":730,"play_id":"766a7ea7-060b-4f2e-8ad3-ca540cb13caf","local_time":"20180510002622","is_prod":false,"is_daily":false,"chose_seed":false,"is_ascension_mode":false,"campfire_upgraded":5,"timestamp":1525904782,"path_taken":["M","M","?","M","M","R","E","M","T","$","R","E","M","?","R","BOSS","M","M","$","M","M","E","R","?","T","E","?","M","M","E","R","BOSS","M","M","?","BOSS"],"build_version":"2018-05-08","seed_source_timestamp":27655056688604,"purchased_purges":2,"victory":true,"master_deck":["Survivor","Neutralize+1","Tools of the Trade","Cloak And Dagger","Slice","Acrobatics","Blur+1","Sucker Punch","Backstab","Die Die Die","Dash+1","Deflect","All Out Attack","Flying Knee","Flying Knee","Reflex","Deflect","PiercingWail","Noxious Fumes+1","After Image","Noxious Fumes+1","Tactician+1","Heel Hook","Bane+1","Tactician","Caltrops+1"],"max_hp_per_floor":[70,70,70,70,70,70,70,70,70,70,70,70,70,70,70,70,70,70,70,70,70,70,70,70,70,70,70,70,70,70,70,70,70,70,70,70,70,70],"relics":["Ring of the Snake","Happy Flower","Calipers","Blue Candle","Pandora\u0027s Box","Bag of Marbles","Dead Branch","Enchiridion","Question Card","Bronze Scales","Red Mask","Art of War","Eternal Feather"],"card_choices":[{"not_picked":["PiercingWail","Bane"],"picked":"Cloak And Dagger","floor":1},{"not_picked":["Bouncing Flask","Escape Plan"],"picked":"Slice","floor":2},{"not_picked":["Riddle With Holes","Bouncing Flask"],"picked":"Acrobatics","floor":4},{"not_picked":["Flying Knee","Underhanded Strike"],"picked":"Blur","floor":5},{"not_picked":["Masterful Stab","Finisher"],"picked":"Sucker Punch","floor":7},{"not_picked":["Cloak And Dagger","Sucker Punch"],"picked":"Die Die Die","floor":12},{"not_picked":["Concentrate","Sucker Punch"],"picked":"Dash","floor":13},{"not_picked":["Escape Plan","Underhanded Strike"],"picked":"Deflect","floor":14},{"not_picked":["Acrobatics","Dash"],"picked":"Noxious Fumes","floor":21},{"not_picked":["Backflip","Blade Dance","Deflect"],"picked":"After Image","floor":27},{"not_picked":["Dagger Spray","Backflip","Deadly Poison"],"picked":"Noxious Fumes","floor":28},{"not_picked":["Underhanded Strike","Poisoned Stab","Dagger Spray"],"picked":"Tactician","floor":29},{"not_picked":["Endless Agony","Underhanded Strike","PiercingWail"],"picked":"Heel Hook","floor":30},{"not_picked":["Deadly Poison","Prepared","Finisher"],"picked":"Bane","floor":31},{"not_picked":["Night Terror","Adrenaline","Envenom"],"picked":"Tactician","floor":33},{"not_picked":["Dagger Throw","Acrobatics","Prepared"],"picked":"Caltrops","floor":36}],"player_experience":405701,"potions_floor_usage":[7,7,8,13,13,16,27,30,33,33,36,38,38,38,38],"damage_taken":[{"damage":0,"enemies":"2 Louse","floor":1,"turns":3},{"damage":0,"enemies":"Jaw Worm","floor":2,"turns":5},{"damage":0,"enemies":"Cultist","floor":4,"turns":4},{"damage":0,"enemies":"3 Louse","floor":5,"turns":4},{"damage":20,"enemies":"Lagavulin","floor":7,"turns":10},{"damage":3,"enemies":"Lots of Slimes","floor":8,"turns":5},{"damage":8,"enemies":"Gremlin Nob","floor":12,"turns":5},{"damage":1,"enemies":"Exordium Thugs","floor":13,"turns":6},{"damage":0,"enemies":"Looter","floor":14,"turns":2},{"damage":22,"enemies":"Hexaghost","floor":16,"turns":17},{"damage":0,"enemies":"Chosen","floor":18,"turns":6},{"damage":0,"enemies":"3 Byrds","floor":19,"turns":4},{"damage":0,"enemies":"3 Cultists","floor":21,"turns":4},{"damage":0,"enemies":"Centurion and Healer","floor":22,"turns":4},{"damage":0,"enemies":"Gremlin Leader","floor":23,"turns":7},{"damage":0,"enemies":"Book of Stabbing","floor":27,"turns":5},{"damage":0,"enemies":"Masked Bandits","floor":28,"turns":1},{"damage":0,"enemies":"Slaver and Parasite","floor":29,"turns":5},{"damage":0,"enemies":"Snake Plant","floor":30,"turns":3},{"damage":0,"enemies":"Gremlin Leader","floor":31,"turns":5},{"damage":0,"enemies":"Champ","floor":33,"turns":11},{"damage":0,"enemies":"Orb Walker","floor":35,"turns":4},{"damage":0,"enemies":"3 Shapes","floor":36,"turns":2},{"damage":18,"enemies":"Time Eater","floor":38,"turns":12}],"event_choices":[{"event_name":"Golden Wing","player_choice":"Card Removal","floor":3,"damage_taken":0},{"event_name":"Cursed Tome","player_choice":"Obtained Book","floor":25,"damage_taken":0},{"event_name":"Masked Bandits","player_choice":"Fought over 111 gold","floor":28,"damage_taken":0},{"event_name":"SecretPortal","player_choice":"Took Portal.","floor":37,"damage_taken":0}],"boss_relics":[{"not_picked":["Runic Pyramid","White Beast Statue"],"picked":"Pandora\u0027s Box"},{"not_picked":["Calling Bell","Snecko Eye"],"picked":"Eternal Feather"}],"potions_floor_spawned":[2,4,5,8,12,13,21,23,27,28,30,33,35,36],"seed_played":"-5671111931324990317","ascension_level":0,"is_trial":false}