{"gold_per_floor":[117,34,49,69,23,23,38,57,103,117,117,145,70,80,80,80],"floor_reached":16,"playtime":458,"items_purged":["Strike_R"],"score":104,"play_id":"d0240d95-2dec-4f50-85af-066fec753cc7","local_time":"20190713183141","is_ascension_mode":false,"campfire_choices":[{"data":"Body Slam","floor":6.0,"key":"SMITH"},{"data":"Blind","floor":11.0,"key":"SMITH"},{"data":"Juggernaut","floor":15.0,"key":"SMITH"}],"neow_cost":"NONE","seed_source_timestamp":239694695356200,"circlet_count":0,"master_deck":["Strike_R","Strike_R","Strike_R","Strike_R","Defend_R","Defend_R","Defend_R","Defend_R","Bash","Juggernaut+1","Blind+1","Body Slam+1","Ghostly Armor"],"special_seed":0,"relics":["Burning Blood","Strawberry","Self Forming Clay"],"potions_floor_usage":[16,16],"damage_taken":[{"damage":1.0,"enemies":"Cultist","floor":1.0,"turns":4.0},{"damage":0.0,"enemies":"Small Slimes","floor":3.0,"turns":3.0},{"damage":4.0,"enemies":"2 Louse","floor":4.0,"turns":4.0},{"damage":3.0,"enemies":"Red Slaver","floor":7.0,"turns":4.0},{"damage":4.0,"enemies":"Looter","floor":8.0,"turns":4.0},{"damage":15.0,"enemies":"Gremlin Gang","floor":10.0,"turns":6.0},{"damage":61.0,"enemies":"3 Sentries","floor":12.0,"turns":15.0},{"damage":12.0,"enemies":"Red Slaver","floor":14.0,"turns":4.0},{"damage":22,"enemies":"Slime Boss","floor":16,"turns":4}],"seed_played":"6381701339124021504","potions_obtained":[{"floor":1.0,"key":"SpeedPotion"},{"floor":4.0,"key":"Block Potion"},{"floor":12.0,"key":"AttackPotion"}],"is_trial":false,"path_per_floor":["M","$","M","M","$","R","M","M","T","M","R","E","$","M","R","B"],"character_chosen":"IRONCLAD","items_purchased":["Blind","Body Slam"],"campfire_rested":0,"item_purchase_floors":[2,5],"current_hp_per_floor":[80,80,80,80,80,80,80,80,87,78,78,23,23,17,17,0],"gold":80,"neow_bonus":"ONE_RANDOM_RARE_CARD","is_prod":false,"is_daily":false,"chose_seed":false,"campfire_upgraded":3,"win_rate":0,"timestamp":1563031901,"path_taken":["M","$","?","M","$","R","M","M","T","M","R","E","?","M","R","BOSS"],"build_version":"2019-07-05","purchased_purges":1,"victory":false,"max_hp_per_floor":[80,80,80,80,80,80,80,80,87,87,87,87,87,87,87,87],"card_choices":[{"not_picked":["Sever Soul","Infernal Blade","Shockwave"],"picked":"SKIP","floor":1.0},{"not_picked":["Whirlwind","Wild Strike","Sword Boomerang"],"picked":"SKIP","floor":3.0},{"not_picked":["Clash","Wild Strike","Feel No Pain"],"picked":"SKIP","floor":4.0},{"not_picked":["Cleave","Flex","Fire Breathing"],"picked":"SKIP","floor":7.0},{"not_picked":["Clash","Immolate","Thunderclap"],"picked":"SKIP","floor":8.0},{"not_picked":["Power Through","Searing Blow","Thunderclap"],"picked":"SKIP","floor":10.0},{"not_picked":["Thunderclap","Cleave","Dropkick"],"picked":"SKIP","floor":12.0},{"not_picked":["Iron Wave","Wild Strike"],"picked":"Ghostly Armor","floor":14.0}],"player_experience":699776,"relics_obtained":[{"floor":9.0,"key":"Strawberry"},{"floor":12.0,"key":"Self Forming Clay"}],"event_choices":[],"is_beta":false,"boss_relics":[],"items_purged_floors":[13],"is_endless":false,"potions_floor_spawned":[1,4,12],"killed_by":"Slime Boss","ascension_level":0}