{"gold_per_floor":[115,40,59,59,59,141,141,176,176,194,207,221,221,221,221,221],"floor_reached":16,"playtime":461,"items_purged":["Parasite"],"score":100,"play_id":"6b102411-163e-450b-97c3-225e501e8b98","local_time":"20180816063039","is_ascension_mode":false,"campfire_choices":[{"data":"Barricade","floor":7.0,"key":"SMITH"},{"data":"Body Slam","floor":13,"key":"SMITH"},{"data":"Bash","floor":15,"key":"SMITH"}],"neow_cost":"CURSE","seed_source_timestamp":135793177311004,"circlet_count":0,"master_deck":["Strike_R","Strike_R","Strike_R","Strike_R","Strike_R","Defend_R","Defend_R","Defend_R","Defend_R","Bash+1","Barricade+1","Body Slam+1","Battle Trance"],"special_seed":0,"relics":["Burning Blood","Pantograph","Blood Vial","The Courier","Art of War"],"potions_floor_usage":[12,12],"damage_taken":[{"damage":10.0,"enemies":"Jaw Worm","floor":1.0,"turns":5.0},{"damage":7.0,"enemies":"2 Louse","floor":3.0,"turns":3.0},{"damage":43,"enemies":"3 Sentries","floor":8,"turns":13},{"damage":0,"enemies":"Small Slimes","floor":10,"turns":5},{"damage":11,"enemies":"Exordium Wildlife","floor":11,"turns":5},{"damage":15,"enemies":"Large Slime","floor":12,"turns":9},{"damage":63,"enemies":"Hexaghost","floor":16,"turns":10}],"seed_played":"4932464412370416465","potions_obtained":[{"floor":10,"key":"SkillPotion"},{"floor":11,"key":"Fire Potion"}],"is_trial":false,"path_per_floor":["M","$","M","$","?","T","R","E","T","M","M","M","R","?","R"],"character_chosen":"IRONCLAD","items_purchased":[],"campfire_rested":0,"item_purchase_floors":[],"current_hp_per_floor":[76,76,75,75,75,75,75,38,38,46,43,36,36,36,36,0],"gold":221,"neow_bonus":"THREE_RARE_CARDS","is_prod":false,"is_daily":false,"chose_seed":false,"campfire_upgraded":3,"win_rate":0,"timestamp":1534390239,"path_taken":["M","$","M","$","?","?","R","E","T","M","M","M","R","?","R","BOSS"],"build_version":"2018-08-09","purchased_purges":1,"victory":false,"max_hp_per_floor":[80,77,77,77,77,77,77,77,77,77,77,77,77,77,77,77],"card_choices":[{"not_picked":["Double Tap","Reaper"],"picked":"Barricade","floor":0.0},{"not_picked":["Twin Strike","Feel No Pain"],"picked":"Body Slam","floor":1.0},{"not_picked":["Dual Wield","Infernal Blade","Twin Strike"],"picked":"SKIP","floor":3.0},{"not_picked":["Heavy Blade","Clothesline"],"picked":"Battle Trance","floor":8},{"not_picked":["Clash","Pommel Strike","Iron Wave"],"picked":"SKIP","floor":10},{"not_picked":["Burning Pact","Thunderclap","Twin Strike"],"picked":"SKIP","floor":11},{"not_picked":["True Grit","Wild Strike","Headbutt"],"picked":"SKIP","floor":12}],"player_experience":334571,"relics_obtained":[{"floor":6.0,"key":"Pantograph"},{"floor":8,"key":"Blood Vial"},{"floor":9,"key":"The Courier"}],"event_choices":[{"event_name":"The Cleric","player_choice":"Leave","floor":5.0,"damage_taken":0.0},{"event_name":"Dead Adventurer","player_choice":"Searched \u00271\u0027 times","floor":14,"damage_taken":0}],"is_beta":false,"boss_relics":[],"items_purged_floors":[2],"is_endless":false,"potions_floor_spawned":[10,11],"killed_by":"Hexaghost","ascension_level":0}