{"gold_per_floor":[115,190,206,206,206,206,233,248,248,277,42,61,61],"floor_reached":13,"playtime":363,"items_purged":["Strike_B"],"score":93,"play_id":"5564d38d-3eae-4c02-acd4-9d58b284faab","local_time":"20190726231942","is_ascension_mode":false,"campfire_choices":[{"floor":6.0,"key":"REST"}],"neow_cost":"NONE","seed_source_timestamp":3577345024800,"circlet_count":0,"master_deck":["Strike_B","Strike_B+1","Strike_B","Defend_B","Defend_B","Defend_B+1","Defend_B","Zap","Dualcast","Steam","Conserve Battery","BootSequence","Seek","Auto Shields"],"special_seed":0,"relics":["Runic Pyramid","Unceasing Top","Emotion Chip","Happy Flower"],"potions_floor_usage":[10,10,13],"damage_taken":[{"damage":1.0,"enemies":"Cultist","floor":1.0,"turns":3.0},{"damage":2.0,"enemies":"Small Slimes","floor":3.0,"turns":4.0},{"damage":12,"enemies":"3 Sentries","floor":7,"turns":9},{"damage":0,"enemies":"Jaw Worm","floor":8,"turns":3},{"damage":34,"enemies":"Gremlin Nob","floor":10,"turns":5},{"damage":5,"enemies":"Exordium Wildlife","floor":12,"turns":5},{"damage":2,"enemies":"Lots of Slimes","floor":13,"turns":2}],"seed_played":"1076051200054089518","potions_obtained":[{"floor":7,"key":"Regen Potion"},{"floor":8,"key":"Fire Potion"},{"floor":12,"key":"Fire Potion"}],"is_trial":false,"path_per_floor":["M","?","M","?","?","R","E","M","T","E","$","M","M"],"character_chosen":"DEFECT","items_purchased":["Seek","Auto Shields"],"campfire_rested":1,"item_purchase_floors":[11,11],"current_hp_per_floor":[74,67,65,50,17,39,27,27,27,7,7,2,0],"gold":61,"neow_bonus":"BOSS_RELIC","is_prod":false,"is_daily":false,"chose_seed":false,"campfire_upgraded":0,"win_rate":0,"timestamp":1564172382,"path_taken":["M","?","?","?","?","R","E","M","T","E","$","M","M"],"build_version":"2019-07-17","purchased_purges":1,"victory":false,"max_hp_per_floor":[75,75,75,75,75,75,75,75,75,75,75,75,75],"card_choices":[{"not_picked":["Chaos","Hello World"],"picked":"Steam","floor":1.0},{"not_picked":["Skim","Sweeping Beam"],"picked":"Conserve Battery","floor":3.0},{"not_picked":["Go for the Eyes","Coolheaded","Steam"],"picked":"SKIP","floor":7},{"not_picked":["Ball Lightning","Creative AI"],"picked":"BootSequence","floor":8},{"not_picked":["Genetic Algorithm","Chaos","Streamline"],"picked":"SKIP","floor":10},{"not_picked":["Blizzard","Sweeping Beam","FTL"],"picked":"SKIP","floor":12}],"player_experience":772517,"relics_obtained":[{"floor":7,"key":"Emotion Chip"},{"floor":10,"key":"Happy Flower"}],"event_choices":[{"damage_healed":0.0,"max_hp_gain":0.0,"max_hp_loss":0.0,"gold_gain":75.0,"event_name":"FaceTrader","player_choice":"Touch","floor":2.0,"gold_loss":0.0,"damage_taken":7.0},{"damage_healed":0.0,"max_hp_gain":0.0,"max_hp_loss":0.0,"gold_gain":0.0,"event_name":"Shining Light","player_choice":"Entered Light","floor":4.0,"gold_loss":0.0,"damage_taken":15.0,"cards_upgraded":["Defend_B","Strike_B"]},{"damage_healed":0.0,"max_hp_gain":0.0,"max_hp_loss":0.0,"gold_gain":0.0,"event_name":"Scrap Ooze","player_choice":"Success","floor":5.0,"gold_loss":0.0,"damage_taken":33.0,"relics_obtained":["Unceasing Top"]}],"is_beta":false,"boss_relics":[],"items_purged_floors":[11],"is_endless":false,"potions_floor_spawned":[7,8,12],"killed_by":"Lots of Slimes","ascension_level":0}