{"gold_per_floor":[115,132,144,144,0,34,34,34,57,57,71,88,123,141,141,246,246,263,248,69,82,100,100,26,26,26,26,26,60,60,70,70,169,169,184,200,216,216],"floor_reached":38,"playtime":3163,"items_purged":[],"score":510,"play_id":"b990ed8d-d5a5-4721-bbd7-5770e8f1bf95","local_time":"20190710233948","is_ascension_mode":true,"campfire_choices":[{"data":"Iron Wave","floor":7,"key":"SMITH"},{"data":"Flame Barrier","floor":10,"key":"SMITH"},{"data":"Armaments","floor":15,"key":"SMITH"},{"data":"Berserk","floor":23,"key":"SMITH"},{"data":"Metallicize","floor":27,"key":"SMITH"},{"floor":32,"key":"REST"}],"neow_cost":"NONE","seed_source_timestamp":9437361083778,"circlet_count":0,"master_deck":["Strike_R","Strike_R","Strike_R","Strike_R","Strike_R","Defend_R","Defend_R","Defend_R+1","Defend_R+1","Bash+1","Flame Barrier+1","Clothesline","Iron Wave+1","Ghostly Armor","Armaments+1","Pommel Strike","Body Slam","Berserk+1","Headbutt","Shrug It Off","Metallicize+1","Barricade","Injury","Pummel+1"],"relics":["Burning Blood","War Paint","Happy Flower","Sundial","Omamori","Oddly Smooth Stone","Lizard Tail","Vajra","Bottled Lightning","PreservedInsect","Calling Bell","Boot","Pantograph","Du-Vu Doll"],"potions_floor_usage":[6,6,11,14,31,33,36],"damage_taken":[{"damage":2,"enemies":"Jaw Worm","floor":1,"turns":3},{"damage":2,"enemies":"2 Louse","floor":2,"turns":4},{"damage":4,"enemies":"Cultist","floor":3,"turns":3},{"damage":2,"enemies":"Gremlin Nob","floor":6,"turns":3},{"damage":13,"enemies":"Large Slime","floor":11,"turns":7},{"damage":0,"enemies":"Looter","floor":12,"turns":3},{"damage":23,"enemies":"3 Sentries","floor":13,"turns":11},{"damage":2,"enemies":"Gremlin Gang","floor":14,"turns":6},{"damage":12,"enemies":"Hexaghost","floor":16,"turns":10},{"damage":5,"enemies":"Spheric Guardian","floor":18,"turns":6},{"damage":5,"enemies":"2 Thieves","floor":19,"turns":4},{"damage":34,"enemies":"Centurion and Healer","floor":21,"turns":10},{"damage":24,"enemies":"Snake Plant","floor":22,"turns":6},{"damage":5,"enemies":"Colosseum Slavers","floor":28,"turns":7},{"damage":25,"enemies":"Book of Stabbing","floor":29,"turns":7},{"damage":17,"enemies":"Cultist and Chosen","floor":31,"turns":8},{"damage":88,"enemies":"Champ","floor":33,"turns":13},{"damage":2,"enemies":"3 Shapes","floor":35,"turns":7},{"damage":42,"enemies":"3 Darklings","floor":36,"turns":17},{"damage":35,"enemies":"Jaw Worm Horde","floor":37,"turns":5},{"damage":12,"enemies":"4 Shapes","floor":38,"turns":6}],"seed_played":"-1698196311486585381","potions_obtained":[{"floor":1,"key":"Poison Potion"},{"floor":3,"key":"SteroidPotion"},{"floor":8,"key":"SpeedPotion"},{"floor":8,"key":"Strength Potion"},{"floor":8,"key":"BloodPotion"},{"floor":11,"key":"EssenceOfSteel"},{"floor":12,"key":"Ancient Potion"},{"floor":18,"key":"Ancient Potion"},{"floor":19,"key":"GamblersBrew"},{"floor":22,"key":"Strength Potion"},{"floor":35,"key":"AttackPotion"}],"is_trial":false,"path_per_floor":["M","M","M","?","$","E","R","?","T","R","M","M","E","M","R","B",null,"M","M","$","M","M","R","$","?","T","R","?","E","?","M","R","B",null,"M","M","M","M"],"character_chosen":"IRONCLAD","items_purchased":["Happy Flower","Vajra","Shrug It Off","Metallicize"],"campfire_rested":1,"item_purchase_floors":[5,20,20,24],"current_hp_per_floor":[80,80,80,62,62,66,66,66,66,66,73,79,62,66,66,60,75,76,77,77,49,31,31,31,57,57,57,58,39,39,28,52,39,70,74,38,9,0],"gold":216,"neow_bonus":"UPGRADE_CARD","is_prod":false,"is_daily":false,"chose_seed":false,"campfire_upgraded":5,"win_rate":0,"timestamp":1562794788,"path_taken":["M","M","M","?","$","E","R","?","T","R","M","?","E","M","R","BOSS","M","M","$","M","M","R","$","?","T","R","?","E","?","M","R","BOSS","M","?","M","M"],"build_version":"2019-07-05","purchased_purges":0,"victory":false,"max_hp_per_floor":[80,80,80,80,80,80,80,80,80,80,80,80,80,80,80,80,80,80,80,80,80,80,80,80,80,80,80,80,80,80,80,80,80,80,80,80,80,80],"card_choices":[{"not_picked":["Inflame","Ghostly Armor"],"picked":"Flame Barrier","floor":1},{"not_picked":["Uppercut","Rampage"],"picked":"Clothesline","floor":2},{"not_picked":["Evolve","Heavy Blade"],"picked":"Dropkick","floor":3},{"not_picked":["Feel No Pain","Fire Breathing"],"picked":"Iron Wave","floor":6},{"not_picked":["Sever Soul","Heavy Blade"],"picked":"Ghostly Armor","floor":11},{"not_picked":["Body Slam","Searing Blow"],"picked":"Armaments","floor":12},{"not_picked":["Armaments","Flex"],"picked":"Pommel Strike","floor":13},{"not_picked":["Corruption","Pommel Strike"],"picked":"Body Slam","floor":14},{"not_picked":["Barricade","Dark Embrace"],"picked":"Berserk","floor":16},{"not_picked":["Havoc","Sword Boomerang","Clash"],"picked":"SKIP","floor":18},{"not_picked":["Flex+1","Rampage"],"picked":"Headbutt","floor":19},{"not_picked":["Fire Breathing","Clothesline","Pommel Strike"],"picked":"SKIP","floor":21},{"not_picked":["Havoc","Sever Soul","Rupture+1"],"picked":"SKIP","floor":22},{"not_picked":["Rage","Rupture","Rampage"],"picked":"SKIP","floor":29},{"not_picked":["Perfected Strike","Infernal Blade","Blood for Blood+1"],"picked":"SKIP","floor":31},{"not_picked":["Berserk","Brutality"],"picked":"Barricade","floor":33},{"not_picked":["Pommel Strike+1","Rage+1"],"picked":"Pummel+1","floor":35},{"not_picked":["Pommel Strike+1","Armaments","Headbutt+1"],"picked":"SKIP","floor":36},{"not_picked":["Headbutt+1","Anger","Armaments"],"picked":"SKIP","floor":37}],"player_experience":341278,"relics_obtained":[{"floor":6,"key":"Sundial"},{"floor":9,"key":"Omamori"},{"floor":13,"key":"Oddly Smooth Stone"},{"floor":26,"key":"Bottled Lightning"},{"floor":29,"key":"PreservedInsect"},{"floor":34,"key":"Boot"},{"floor":34,"key":"Pantograph"},{"floor":34,"key":"Du-Vu Doll"}],"event_choices":[{"damage_healed":0,"gold_gain":0,"player_choice":"Success","damage_taken":18,"relics_obtained":["War Paint"],"max_hp_gain":0,"max_hp_loss":0,"event_name":"Scrap Ooze","floor":4,"gold_loss":0},{"damage_healed":0,"gold_gain":0,"player_choice":"Got Potions","damage_taken":0,"max_hp_gain":0,"max_hp_loss":0,"event_name":"Lab","floor":8,"gold_loss":0},{"damage_healed":26,"gold_gain":0,"player_choice":"Heal","damage_taken":0,"max_hp_gain":0,"max_hp_loss":0,"event_name":"The Library","floor":25,"gold_loss":0},{"damage_healed":0,"gold_gain":0,"player_choice":"Fight","damage_taken":0,"max_hp_gain":0,"max_hp_loss":0,"event_name":"Colosseum","floor":28,"gold_loss":0},{"damage_healed":0,"gold_gain":0,"player_choice":"Fled From Nobs","damage_taken":0,"max_hp_gain":0,"max_hp_loss":0,"event_name":"Colosseum","floor":28,"gold_loss":0},{"cards_removed":["Dropkick"],"damage_healed":0,"gold_gain":0,"player_choice":"Purged","damage_taken":0,"max_hp_gain":0,"max_hp_loss":0,"event_name":"Purifier","floor":30,"gold_loss":0}],"is_beta":false,"boss_relics":[{"not_picked":["Fusion Hammer","Ectoplasm"],"picked":"Lizard Tail"},{"not_picked":["Runic Dome","Astrolabe"],"picked":"Calling Bell"}],"items_purged_floors":[],"is_endless":false,"potions_floor_spawned":[1,3,11,12,13,18,19,22,28,35],"killed_by":"4 Shapes","ascension_level":5}