{"gold_per_floor":[116,116,92,105,105,105,132,132,159,63,75,75,250,280,280,380,380,361,375,171,171,189,217,231,251,251,106,123,123,143,160,160,260,310,322,333,353,170,190,190,216,230,279,279,308,17,32,52,52,52],"floor_reached":51,"playtime":2256,"items_purged":["Doubt","Strike_R","Strike_R"],"score":841,"play_id":"4db64fbe-41a2-4050-8642-cce984f5daea","local_time":"20181217054117","is_ascension_mode":false,"campfire_choices":[{"data":"Armaments","floor":6.0,"key":"SMITH"},{"data":"Shrug It Off","floor":8.0,"key":"SMITH"},{"data":"Inflame","floor":15.0,"key":"SMITH"},{"data":"Body Slam","floor":32,"key":"SMITH"},{"data":"Blind","floor":40,"key":"SMITH"},{"floor":44,"key":"DIG"},{"floor":49,"key":"DIG"}],"neow_cost":"CURSE","seed_source_timestamp":97847275725290,"circlet_count":0,"master_deck":["Strike_R","Defend_R+1","Defend_R","Defend_R+1","Defend_R+1","Bash","Shrug It Off+1","Armaments+1","Inflame+1","Shrug It Off","Flame Barrier","Body Slam+1","Body Slam+1","Blind+1","Body Slam+1","Impatience+1","Blind+1"],"special_seed":0,"relics":["Burning Blood","Thread and Needle","Oddly Smooth Stone","PreservedInsect","War Paint","Busted Crown","Bag of Marbles","Toxic Egg 2","Bronze Scales","Tiny House","Shovel","Strawberry","Ancient Tea Set","Bag of Preparation","Kunai"],"potions_floor_usage":[24,33,33,50,50,50],"damage_taken":[{"damage":0.0,"enemies":"Small Slimes","floor":1.0,"turns":4.0},{"damage":2.0,"enemies":"Jaw Worm","floor":4.0,"turns":4.0},{"damage":20.0,"enemies":"Gremlin Nob","floor":7.0,"turns":4.0},{"damage":0.0,"enemies":"2 Louse","floor":11.0,"turns":3.0},{"damage":0.0,"enemies":"3 Sentries","floor":14.0,"turns":11.0},{"damage":39.0,"enemies":"The Guardian","floor":16.0,"turns":19.0},{"damage":10,"enemies":"2 Thieves","floor":18,"turns":4},{"damage":4,"enemies":"3 Byrds","floor":19,"turns":7},{"damage":0,"enemies":"Centurion and Healer","floor":22,"turns":6},{"damage":23,"enemies":"Gremlin Leader","floor":23,"turns":7},{"damage":0,"enemies":"Chosen and Byrds","floor":24,"turns":5},{"damage":2,"enemies":"Snake Plant","floor":25,"turns":4},{"damage":0,"enemies":"Centurion and Healer","floor":28,"turns":5},{"damage":0,"enemies":"Snecko","floor":30,"turns":5},{"damage":9,"enemies":"Cultist and Chosen","floor":31,"turns":8},{"damage":20,"enemies":"Collector","floor":33,"turns":9},{"damage":0,"enemies":"3 Shapes","floor":35,"turns":4},{"damage":0,"enemies":"3 Darklings","floor":36,"turns":6},{"damage":4,"enemies":"Transient","floor":37,"turns":5},{"damage":7,"enemies":"Jaw Worm Horde","floor":39,"turns":5},{"damage":29,"enemies":"Giant Head","floor":41,"turns":8},{"damage":5,"enemies":"4 Shapes","floor":42,"turns":8},{"damage":6,"enemies":"Reptomancer","floor":45,"turns":8},{"damage":5,"enemies":"Sphere and 2 Shapes","floor":47,"turns":5},{"damage":2,"enemies":"Maw","floor":48,"turns":7},{"damage":4,"enemies":"Awakened One","floor":50,"turns":11}],"seed_played":"-7540622334880131429","potions_obtained":[{"floor":1.0,"key":"Dexterity Potion"},{"floor":4.0,"key":"Block Potion"},{"floor":14.0,"key":"Energy Potion"},{"floor":19,"key":"Weak Potion"},{"floor":24,"key":"Energy Potion"},{"floor":33,"key":"AttackPotion"},{"floor":34,"key":"BloodPotion"},{"floor":48,"key":"FearPotion"}],"is_trial":false,"path_per_floor":["M","?","$","M","?","R","E","R","T","$","M","$","?","E","R","B",null,"M","M","$","?","M","E","M","M","T","$","M","?","M","M","R","B",null,"M","M","M","$","M","R","E","M","T","R","E","$","M","M","R","B",null],"character_chosen":"IRONCLAD","items_purchased":["Shrug It Off","Inflame","Shrug It Off","Body Slam","Blind","Bronze Scales","Impatience+1","Regen Potion","Blind+1"],"campfire_rested":0,"item_purchase_floors":[3,10,10,20,20,27,38,46,46],"current_hp_per_floor":[80,80,80,80,85,85,71,71,71,71,77,77,77,83,83,50,85,81,83,83,83,85,68,74,78,78,78,84,84,85,82,82,68,90,90,90,90,90,89,89,66,67,74,74,74,74,75,79,79,96],"gold":52,"neow_bonus":"ONE_RARE_RELIC","is_prod":false,"is_daily":false,"chose_seed":false,"campfire_upgraded":5,"win_rate":0,"timestamp":1545018077,"path_taken":["M","?","$","M","?","R","E","R","T","?","?","$","?","E","R","BOSS","M","M","$","?","M","E","M","?","T","$","M","?","M","?","R","BOSS","M","M","M","$","M","R","E","M","T","R","E","$","?","M","R","BOSS"],"build_version":"2018-12-13","purchased_purges":3,"victory":true,"max_hp_per_floor":[80,80,80,80,85,85,85,85,85,85,85,85,85,85,85,85,85,85,85,85,85,85,85,85,85,85,85,85,85,85,85,85,85,90,90,90,90,90,90,90,90,90,97,97,97,97,97,97,97,97],"card_choices":[{"not_picked":["Hemokinesis","Sentinel","Rampage"],"picked":"SKIP","floor":1.0},{"not_picked":["Twin Strike","Reckless Charge"],"picked":"Armaments","floor":4.0},{"not_picked":["Dropkick","Iron Wave","Sever Soul"],"picked":"SKIP","floor":7.0},{"not_picked":["Wild Strike","Flex","Rage"],"picked":"SKIP","floor":11.0},{"not_picked":["Perfected Strike","Thunderclap"],"picked":"Flame Barrier","floor":14.0},{"not_picked":["Searing Blow"],"picked":"SKIP","floor":18},{"not_picked":[],"picked":"Body Slam+1","floor":19},{"not_picked":["Twin Strike"],"picked":"SKIP","floor":22},{"not_picked":["Power Through+1"],"picked":"SKIP","floor":23},{"not_picked":["True Grit+1"],"picked":"SKIP","floor":24},{"not_picked":["Cleave+1"],"picked":"SKIP","floor":25},{"not_picked":["Reckless Charge"],"picked":"SKIP","floor":28},{"not_picked":["Anger+1"],"picked":"SKIP","floor":30},{"not_picked":["True Grit+1"],"picked":"SKIP","floor":31},{"not_picked":[],"picked":"Body Slam+1","floor":35},{"not_picked":["Anger"],"picked":"SKIP","floor":36},{"not_picked":["Infernal Blade+1"],"picked":"SKIP","floor":37},{"not_picked":["True Grit+1"],"picked":"SKIP","floor":39},{"not_picked":["Iron Wave"],"picked":"SKIP","floor":41},{"not_picked":["Searing Blow"],"picked":"SKIP","floor":42},{"not_picked":["Hemokinesis"],"picked":"SKIP","floor":45},{"not_picked":["True Grit+1"],"picked":"SKIP","floor":47},{"not_picked":["Spot Weakness+1"],"picked":"SKIP","floor":48}],"player_experience":516737,"relics_obtained":[{"floor":7.0,"key":"Oddly Smooth Stone"},{"floor":9.0,"key":"PreservedInsect"},{"floor":14.0,"key":"War Paint"},{"floor":23,"key":"Bag of Marbles"},{"floor":26,"key":"Toxic Egg 2"},{"floor":41,"key":"Shovel"},{"floor":43,"key":"Strawberry"},{"floor":44,"key":"Ancient Tea Set"},{"floor":45,"key":"Bag of Preparation"},{"floor":49,"key":"Kunai"}],"event_choices":[{"cards_removed":["Decay"],"damage_healed":0.0,"max_hp_gain":0.0,"max_hp_loss":0.0,"gold_gain":0.0,"event_name":"Living Wall","player_choice":"Forget","floor":2.0,"gold_loss":0.0,"damage_taken":0.0},{"damage_healed":0.0,"max_hp_gain":5.0,"max_hp_loss":0.0,"gold_gain":0.0,"event_name":"Big Fish","player_choice":"Donut","floor":5.0,"gold_loss":0.0,"damage_taken":0.0},{"damage_healed":0.0,"max_hp_gain":0.0,"max_hp_loss":0.0,"gold_gain":175.0,"event_name":"Liars Game","player_choice":"AGREE","floor":13.0,"gold_loss":0.0,"damage_taken":0.0,"cards_obtained":["Doubt"]},{"cards_removed":["Strike_R"],"damage_healed":0,"gold_gain":0,"player_choice":"Card Removal","damage_taken":0,"max_hp_gain":0,"max_hp_loss":0,"event_name":"Wheel of Change","floor":21,"gold_loss":0},{"cards_removed":["Strike_R"],"damage_healed":0,"gold_gain":0,"player_choice":"Purged","damage_taken":0,"max_hp_gain":0,"max_hp_loss":0,"event_name":"Purifier","floor":29,"gold_loss":0}],"is_beta":false,"boss_relics":[{"not_picked":["Coffee Dripper","Calling Bell"],"picked":"Busted Crown"},{"not_picked":["Velvet Choker","Mark of Pain"],"picked":"Tiny House"}],"items_purged_floors":[20,38,46],"is_endless":false,"potions_floor_spawned":[1,4,14,19,22,24,30,33,36,37,45,48],"ascension_level":0}