{"path_per_floor":["M","M","$","M","M","R","M","?","T","M","M","R","M","?","R","B",null,"M","?","$","M","?","R","M","R","T","E","R","E","M","$","R"],"character_chosen":"THE_SILENT","items_purchased":["Footwork","Deflect"],"gold_per_floor":[112,127,49,59,75,75,85,85,85,102,122,122,134,134,134,232,232,218,133,58,68,68,68,79,79,124,150,150,180,192,44,44,44],"floor_reached":33,"campfire_rested":2,"playtime":2089,"item_purchase_floors":[3,31],"current_hp_per_floor":[63,63,63,63,60,60,60,65,65,65,65,65,65,65,65,54,70,66,66,66,66,66,66,57,57,57,47,69,58,41,41,63,0],"items_purged":["Defend_G","Strike_G"],"gold":44,"score":363,"play_id":"88b03bbb-a2ce-4db0-a991-5a14319a8b90","local_time":"20180625135440","is_prod":false,"is_daily":false,"chose_seed":false,"is_ascension_mode":true,"campfire_upgraded":5,"win_rate":0,"timestamp":1529927680,"campfire_choices":[{"data":"Footwork","floor":6,"key":"SMITH"},{"data":"After Image","floor":12,"key":"SMITH"},{"data":"Leg Sweep","floor":15,"key":"SMITH"},{"data":"Die Die Die","floor":23,"key":"SMITH"},{"data":"Sucker Punch","floor":25,"key":"SMITH"},{"floor":28,"key":"REST"},{"floor":32,"key":"REST"}],"path_taken":["M","M","$","M","M","R","M","?","T","M","?","R","M","?","R","BOSS","M","?","$","M","?","R","?","R","T","E","R","E","M","$","R","BOSS"],"build_version":"2018-06-21","seed_source_timestamp":22915163251687,"purchased_purges":2,"circlet_count":0,"victory":false,"master_deck":["Defend_G","Defend_G","Defend_G","Defend_G","Strike_G","Strike_G","Strike_G","Survivor","Neutralize+1","Leg Sweep+1","Footwork+1","Sucker Punch+1","Die Die Die+1","PiercingWail","Deadly Poison","After Image+1","Backstab","Bane","Die Die Die","Sucker Punch+1","Dagger Throw+1","Deflect"],"max_hp_per_floor":[70,70,70,70,70,70,70,75,75,75,75,75,75,75,75,75,75,75,75,75,75,75,75,75,75,75,75,75,75,75,75,75,75],"special_seed":17707,"relics":["Ring of the Snake","Sundial","Busted Crown","Letter Opener","Juzu Bracelet","Gambling Chip","Vajra"],"card_choices":[{"not_picked":["Outmaneuver","Distraction","Prepared"],"picked":"SKIP","floor":1},{"not_picked":["Dagger Throw","Acrobatics"],"picked":"Leg Sweep","floor":2},{"not_picked":["Underhanded Strike","Bane"],"picked":"Sucker Punch","floor":4},{"not_picked":["Flechettes","Deadly Poison"],"picked":"Die Die Die","floor":5},{"not_picked":["Sucker Punch","Choke"],"picked":"PiercingWail","floor":7},{"not_picked":["Underhanded Strike","Accuracy"],"picked":"Deadly Poison","floor":10},{"not_picked":["Acrobatics","Underhanded Strike"],"picked":"After Image","floor":11},{"not_picked":["Acrobatics","Blade Dance"],"picked":"Backstab","floor":13},{"not_picked":["Burst","Night Terror"],"picked":"Die Die Die","floor":16},{"not_picked":[],"picked":"Sucker Punch+1","floor":18},{"not_picked":["Outmaneuver"],"picked":"SKIP","floor":21},{"not_picked":["Quick Slash"],"picked":"SKIP","floor":24},{"not_picked":["Flying Knee"],"picked":"SKIP","floor":27},{"not_picked":[],"picked":"Dagger Throw+1","floor":29},{"not_picked":["Setup"],"picked":"SKIP","floor":30}],"player_experience":484260,"potions_floor_usage":[10,16,16,24,27,27],"damage_taken":[{"damage":0,"enemies":"2 Louse","floor":1,"turns":4},{"damage":0,"enemies":"Jaw Worm","floor":2,"turns":4},{"damage":0,"enemies":"Cultist","floor":4,"turns":5},{"damage":3,"enemies":"Large Slime","floor":5,"turns":8},{"damage":0,"enemies":"Looter","floor":7,"turns":3},{"damage":0,"enemies":"Exordium Wildlife","floor":10,"turns":3},{"damage":0,"enemies":"2 Fungi Beasts","floor":11,"turns":4},{"damage":0,"enemies":"3 Louse","floor":13,"turns":3},{"damage":11,"enemies":"Hexaghost","floor":16,"turns":12},{"damage":4,"enemies":"2 Thieves","floor":18,"turns":4},{"damage":0,"enemies":"3 Byrds","floor":21,"turns":5},{"damage":9,"enemies":"Snecko","floor":24,"turns":6},{"damage":10,"enemies":"Slavers","floor":27,"turns":5},{"damage":11,"enemies":"Book of Stabbing","floor":29,"turns":8},{"damage":17,"enemies":"Chosen and Byrds","floor":30,"turns":5},{"damage":79,"enemies":"Automaton","floor":33,"turns":12}],"relics_obtained":[{"floor":9,"key":"Sundial"},{"floor":26,"key":"Juzu Bracelet"},{"floor":27,"key":"Gambling Chip"},{"floor":29,"key":"Vajra"}],"event_choices":[{"event_name":"Big Fish","player_choice":"Donut","floor":8,"damage_taken":0},{"event_name":"Living Wall","player_choice":"Change","floor":14,"damage_taken":0},{"event_name":"Addict","player_choice":"Obtained Relic","floor":19,"damage_taken":0},{"event_name":"Beggar","player_choice":"Ignored","floor":22,"damage_taken":0}],"boss_relics":[{"not_picked":["Philosopher\u0027s Stone","Calling Bell"],"picked":"Busted Crown"}],"items_purged_floors":[20,31],"is_endless":false,"potions_floor_spawned":[2,5,7,11,21,24],"seed_played":"-4788397432535161887","killed_by":"Automaton","ascension_level":6,"potions_obtained":[{"floor":2,"key":"SkillPotion"},{"floor":5,"key":"Ancient Potion"},{"floor":7,"key":"Swift Potion"},{"floor":11,"key":"Ancient Potion"},{"floor":21,"key":"Explosive Potion"},{"floor":24,"key":"Poison Potion"}],"is_trial":false}