{"gold_per_floor":[119,23,41,41,41,75,75,85,108,108,108,120,134,134,134,233,233,244,244,244,259,33,33,44,79,106,124,138,138,38,51,51,152,152,163,180,180,15,15,48,148,148,148,148,148,148,165,40,40,40,40,40,40,75,75],"floor_reached":56,"playtime":1869,"items_purged":["Strike_R","Strike_R","Strike_R"],"score":1193,"play_id":"d620fb58-1ade-42d4-8135-874860095b07","local_time":"20190715082635","is_ascension_mode":false,"campfire_choices":[{"data":"Entrench","floor":7.0,"key":"SMITH"},{"data":"Finesse","floor":10.0,"key":"SMITH"},{"data":"Metallicize","floor":15.0,"key":"SMITH"},{"floor":23.0,"key":"REST"},{"floor":29.0,"key":"REST"},{"floor":32.0,"key":"RECALL"},{"floor":45,"key":"REST"},{"floor":49,"key":"REST"},{"floor":52,"key":"REST"}],"neow_cost":"NONE","seed_source_timestamp":71880603964500,"circlet_count":0,"master_deck":["Defend_R","Defend_R","Defend_R","Defend_R","Bash","Finesse+1","Entrench+1","Metallicize+1","Demon Form","Battle Trance","Sword Boomerang","Sword Boomerang","Barricade","Body Slam","Apotheosis","Blind","Shrug It Off","Shrug It Off+1","Limit Break"],"special_seed":0,"relics":["Burning Blood","Oddly Smooth Stone","Blood Vial","Vajra","Bronze Scales","Fusion Hammer","Bag of Preparation","Incense Burner","Dream Catcher","Runic Pyramid","Matryoshka","Unceasing Top","Juzu Bracelet","Letter Opener"],"potions_floor_usage":[50,50,55],"damage_taken":[{"damage":4.0,"enemies":"Small Slimes","floor":1.0,"turns":3.0},{"damage":6.0,"enemies":"Cultist","floor":3.0,"turns":3.0},{"damage":58.0,"enemies":"Lagavulin","floor":6.0,"turns":8.0},{"damage":3.0,"enemies":"Jaw Worm","floor":8.0,"turns":4.0},{"damage":1.0,"enemies":"2 Fungi Beasts","floor":12.0,"turns":4.0},{"damage":0.0,"enemies":"3 Louse","floor":13.0,"turns":4.0},{"damage":49.0,"enemies":"Hexaghost","floor":16.0,"turns":14.0},{"damage":22.0,"enemies":"Chosen","floor":18.0,"turns":4.0},{"damage":7.0,"enemies":"Shell Parasite","floor":21.0,"turns":9.0},{"damage":20.0,"enemies":"Cultist and Chosen","floor":24.0,"turns":7.0},{"damage":59.0,"enemies":"Gremlin Leader","floor":25.0,"turns":9.0},{"damage":0.0,"enemies":"Snecko","floor":27.0,"turns":7.0},{"damage":13.0,"enemies":"Sentry and Sphere","floor":28.0,"turns":8.0},{"damage":1.0,"enemies":"Snake Plant","floor":31.0,"turns":5.0},{"damage":55.0,"enemies":"Collector","floor":33.0,"turns":9.0},{"damage":3.0,"enemies":"Orb Walker","floor":35.0,"turns":5.0},{"damage":6.0,"enemies":"3 Darklings","floor":36.0,"turns":8.0},{"damage":18,"enemies":"Nemesis","floor":40,"turns":5},{"damage":10,"enemies":"Mind Bloom Boss Battle","floor":41,"turns":5},{"damage":0,"enemies":"Sphere and 2 Shapes","floor":47,"turns":5},{"damage":13,"enemies":"Awakened One","floor":50,"turns":6},{"damage":14,"enemies":"Shield and Spear","floor":54,"turns":8},{"damage":40,"enemies":"The Heart","floor":55,"turns":9}],"seed_played":"-8945768165438031248","potions_obtained":[{"floor":8.0,"key":"GamblersBrew"},{"floor":18.0,"key":"Energy Potion"},{"floor":27.0,"key":"Fire Potion"},{"floor":28.0,"key":"SpeedPotion"},{"floor":31.0,"key":"SteroidPotion"},{"floor":33.0,"key":"Fire Potion"},{"floor":35.0,"key":"Strength Potion"},{"floor":41,"key":"Explosive Potion"}],"is_trial":false,"path_per_floor":["M","$","M","$","?","E","R","M","T","R","?","M","M","?","R","B",null,"M","?","?","M","$","R","M","E","T","M","M","R","$","M","R","B",null,"M","M","?","$","?","E","?","?","T","?","R","?","M","$","R","B",null,"R","$","E","B",null],"character_chosen":"IRONCLAD","items_purchased":["Finesse","Bag of Preparation","Apotheosis"],"campfire_rested":5,"item_purchase_floors":[2,22,38],"current_hp_per_floor":[80,80,80,80,80,28,28,33,33,33,33,40,48,53,53,12,85,69,69,69,70,70,85,71,20,20,28,23,48,48,55,55,8,85,85,85,85,85,85,73,71,71,71,71,85,81,81,81,81,74,81,81,81,73,41],"gold":75,"neow_bonus":"RANDOM_COMMON_RELIC","is_prod":false,"is_daily":false,"chose_seed":false,"campfire_upgraded":3,"win_rate":0,"timestamp":1563168395,"path_taken":["M","$","M","$","?","E","R","?","T","R","?","M","M","?","R","BOSS","M","?","?","M","$","R","?","E","T","M","M","R","$","M","R","BOSS","M","M","?","$","?","E","?","?","T","?","R","?","M","$","R","BOSS","R","$","E","BOSS"],"build_version":"2019-07-05","purchased_purges":3,"victory":true,"max_hp_per_floor":[80,80,80,80,80,80,80,80,80,80,80,80,80,85,85,85,85,85,85,85,85,85,85,85,85,85,85,85,85,85,85,85,85,85,85,85,85,85,85,85,85,85,85,85,85,81,81,81,81,81,81,81,81,81,81],"card_choices":[{"not_picked":["Twin Strike","Carnage","Blood for Blood"],"picked":"SKIP","floor":1.0},{"not_picked":["Iron Wave","Thunderclap","Twin Strike"],"picked":"SKIP","floor":3.0},{"not_picked":["Evolve","Flame Barrier"],"picked":"Entrench","floor":6.0},{"not_picked":["Sword Boomerang","Twin Strike","Combust"],"picked":"SKIP","floor":8.0},{"not_picked":["Headbutt","Armaments"],"picked":"Metallicize","floor":12.0},{"not_picked":["Thunderclap","Rupture","Hemokinesis"],"picked":"SKIP","floor":13.0},{"not_picked":["Feed","Double Tap"],"picked":"Demon Form","floor":16.0},{"not_picked":["Spot Weakness","Combust","Twin Strike"],"picked":"SKIP","floor":18.0},{"not_picked":["Thunderclap","Corruption","Inflame+1"],"picked":"SKIP","floor":21.0},{"not_picked":["Dual Wield+1","Shockwave+1"],"picked":"Battle Trance","floor":24.0},{"not_picked":["Clash","Sword Boomerang","Perfected Strike"],"picked":"SKIP","floor":25.0},{"not_picked":["Wild Strike","Armaments","Clash"],"picked":"SKIP","floor":27.0},{"not_picked":["Sword Boomerang","Spot Weakness","Flex"],"picked":"SKIP","floor":28.0},{"not_picked":["Spot Weakness","Flex"],"picked":"Sword Boomerang","floor":28.0},{"not_picked":["Corruption","Clothesline"],"picked":"Sword Boomerang","floor":31.0},{"not_picked":["Fiend Fire","Impervious"],"picked":"Barricade","floor":33.0},{"not_picked":["Corruption","Iron Wave+1"],"picked":"Body Slam","floor":35.0},{"not_picked":["Perfected Strike+1","Headbutt","Cleave+1"],"picked":"SKIP","floor":36.0},{"not_picked":["Flame Barrier+1","Fire Breathing+1","Evolve+1"],"picked":"SKIP","floor":40},{"not_picked":["The Bomb","Enlightenment"],"picked":"Blind","floor":42},{"not_picked":["Twin Strike+1","Battle Trance+1"],"picked":"Shrug It Off","floor":45},{"not_picked":["Heavy Blade","Twin Strike+1","Pommel Strike+1"],"picked":"SKIP","floor":47},{"not_picked":["Pommel Strike","Fire Breathing"],"picked":"Shrug It Off+1","floor":49},{"not_picked":["Searing Blow+1","Clothesline"],"picked":"Limit Break","floor":54}],"player_experience":708787,"relics_obtained":[{"floor":6.0,"key":"Blood Vial"},{"floor":9.0,"key":"Vajra"},{"floor":25.0,"key":"Incense Burner"},{"floor":26.0,"key":"Dream Catcher"},{"floor":40,"key":"Matryoshka"},{"floor":41,"key":"Unceasing Top"},{"floor":43,"key":"Juzu Bracelet"},{"floor":54,"key":"Letter Opener"}],"event_choices":[{"damage_healed":0.0,"max_hp_gain":0.0,"max_hp_loss":0.0,"gold_gain":0.0,"event_name":"NoteForYourself","player_choice":"Ignored","floor":5.0,"gold_loss":0.0,"damage_taken":0.0},{"damage_healed":0.0,"max_hp_gain":0.0,"max_hp_loss":0.0,"gold_gain":0.0,"event_name":"Dead Adventurer","player_choice":"Searched \u00271\u0027 times","floor":11.0,"gold_loss":0.0,"damage_taken":0.0,"relics_obtained":["Bronze Scales"]},{"damage_healed":0.0,"max_hp_gain":5.0,"max_hp_loss":0.0,"gold_gain":0.0,"event_name":"Big Fish","player_choice":"Donut","floor":14.0,"gold_loss":0.0,"damage_taken":0.0},{"damage_healed":0.0,"max_hp_gain":0.0,"max_hp_loss":0.0,"gold_gain":0.0,"event_name":"Ghosts","player_choice":"Ignored","floor":19.0,"gold_loss":0.0,"damage_taken":0.0},{"cards_removed":["Strike_R"],"damage_healed":0.0,"max_hp_gain":0.0,"max_hp_loss":0.0,"gold_gain":0.0,"event_name":"Bonfire Elementals","player_choice":"Offered Basic","floor":20.0,"gold_loss":0.0,"damage_taken":0.0},{"damage_healed":0,"gold_gain":0,"player_choice":"Ignored","damage_taken":0,"max_hp_gain":0,"max_hp_loss":0,"event_name":"Mysterious Sphere","floor":37,"gold_loss":0},{"cards_removed":["Strike_R"],"damage_healed":0,"gold_gain":0,"player_choice":"Removed Attack","damage_taken":0,"max_hp_gain":0,"max_hp_loss":0,"event_name":"Falling","floor":39,"gold_loss":0},{"damage_healed":0,"gold_gain":0,"player_choice":"Fight","damage_taken":0,"max_hp_gain":0,"max_hp_loss":0,"event_name":"MindBloom","floor":41,"gold_loss":0},{"damage_healed":0,"gold_gain":0,"player_choice":"Memory 1","damage_taken":0,"max_hp_gain":0,"max_hp_loss":0,"event_name":"SensoryStone","floor":42,"gold_loss":0},{"damage_healed":0,"gold_gain":0,"player_choice":"Ignored","damage_taken":0,"max_hp_gain":0,"max_hp_loss":0,"event_name":"Tomb of Lord Red Mask","floor":44,"gold_loss":0},{"damage_healed":0,"gold_gain":0,"player_choice":"Max HP","damage_taken":0,"max_hp_gain":0,"max_hp_loss":4,"event_name":"Winding Halls","floor":46,"gold_loss":0}],"is_beta":false,"boss_relics":[{"not_picked":["Snecko Eye","Black Blood"],"picked":"Fusion Hammer"},{"not_picked":["White Beast Statue","Runic Dome"],"picked":"Runic Pyramid"}],"items_purged_floors":[22,30,48],"is_endless":false,"potions_floor_spawned":[8,18,27,28,31,33,35,41],"ascension_level":0}