{"path_per_floor":["M","M","$","?","M","E","R","M","T","$","R","M","M","M","R","B",null,"M","?","?","T","$","E","R","M","T","M","M","?","E","$","R","B",null,"M","?","?","M","$","R","$","?","T","E","R","?","E","M","R"],"character_chosen":"IRONCLAD","items_purchased":["Deep Breath","Shrug It Off","Shrug It Off","Happy Flower","Jack Of All Trades","Energy Potion"],"gold_per_floor":[114,132,9,9,21,49,49,67,67,42,42,57,67,86,86,188,188,200,250,250,250,26,58,58,77,103,120,140,140,175,22,22,121,121,140,140,140,152,52,52,10,10,10,43,43,43,73,83,83],"floor_reached":50,"campfire_rested":3,"playtime":7337,"current_hp_per_floor":[80,76,76,81,78,59,59,32,32,32,72,64,64,57,57,50,85,84,84,84,84,84,69,69,71,71,71,59,59,32,32,72,22,68,55,55,55,45,45,65,65,65,65,65,65,59,56,63,63],"items_purged":["Writhe","Writhe","Parasite"],"gold":83,"play_id":"e9ca11af-409b-4870-8d5b-6f6e1bd91214","is_prod":false,"is_daily":false,"campfire_rituals":0,"campfire_upgraded":5,"is_hardmode":false,"path_taken":["M","M","$","?","M","E","R","?","T","$","R","M","M","?","R","BOSS","M","?","?","?","$","E","R","?","T","M","M","?","E","$","R","BOSS","M","?","?","M","$","R","$","?","T","E","R","?","E","M","R","BOSS"],"build_version":"2018-01-18-PROD4","purchased_purges":3,"victory":false,"master_deck":["Strike_R","Strike_R","Strike_R","Strike_R","Strike_R","Defend_R","Defend_R","Defend_R","Bash","Juggernaut","Armaments","Deep Breath","Shrug It Off","Rampage","Body Slam","Thunderclap","Shrug It Off","Armaments","Iron Wave","Offering","Flame Barrier","Burning Pact","Flex","Jack Of All Trades","Reaper","Pommel Strike","Decay","Seeing Red"],"max_hp_per_floor":[80,80,80,85,85,85,85,85,85,85,85,85,85,85,85,85,85,85,85,85,85,85,85,85,85,85,85,85,85,85,85,85,85,68,68,68,68,68,65,65,65,65,65,65,65,65,65,65,65],"relics":["Burning Blood","Frozen Eye","Regal Pillow","Bird Faced Urn","Cursed Key","Ancient Tea Set","Ginger","Happy Flower","Letter Opener","Juzu Bracelet","The Courier","Runic Cube","Lantern","Bottled Lightning","Art of War"],"campfire_meditates":0,"card_choices":[{"not_picked":["Dropkick","Intimidate"],"picked":"Juggernaut"},{"not_picked":["Clothesline","Cleave"],"picked":"Armaments"},{"not_picked":["Searing Blow","Disarm"],"picked":"Rampage"},{"not_picked":["Impervious","Warcry"],"picked":"Body Slam"},{"not_picked":["Feel No Pain","Perfected Strike"],"picked":"Thunderclap"},{"not_picked":["Rage","Intimidate"],"picked":"Armaments"},{"not_picked":["Dual Wield","Second Wind"],"picked":"Iron Wave"},{"not_picked":["Impervious","Berserk"],"picked":"Offering"},{"not_picked":["Clothesline","Clash"],"picked":"Flame Barrier"},{"not_picked":["Anger","Heavy Blade"],"picked":"Burning Pact"},{"not_picked":["Reckless Charge","Sword Boomerang"],"picked":"Flex"},{"not_picked":["Fiend Fire","Double Tap"],"picked":"Reaper"},{"not_picked":["Sever Soul","Armaments"],"picked":"Pommel Strike"},{"not_picked":["Clash","Warcry"],"picked":"Seeing Red"}],"player_experience":148493,"potions_floor_usage":[6,8,23,30,30,35,44,47,50,50],"damage_taken":[{"damage":0,"enemies":"2 Louse","floor":1,"turns":5},{"damage":10,"enemies":"Jaw Worm","floor":2,"turns":4},{"damage":9,"enemies":"Blue Slaver","floor":5,"turns":5},{"damage":25,"enemies":"3 Sentries","floor":6,"turns":8},{"damage":33,"enemies":"Gremlin Gang","floor":8,"turns":7},{"damage":16,"enemies":"Large Slime","floor":12,"turns":6},{"damage":8,"enemies":"Red Slaver","floor":13,"turns":6},{"damage":13,"enemies":"Exordium Thugs","floor":14,"turns":6},{"damage":15,"enemies":"Slime Boss","floor":16,"turns":13},{"damage":9,"enemies":"Chosen","floor":18,"turns":5},{"damage":22,"enemies":"Book of Stabbing","floor":23,"turns":6},{"damage":4,"enemies":"3 Byrds","floor":25,"turns":5},{"damage":8,"enemies":"Snake Plant","floor":27,"turns":4},{"damage":20,"enemies":"Chosen and Byrds","floor":28,"turns":5},{"damage":35,"enemies":"Gremlin Leader","floor":30,"turns":8},{"damage":58,"enemies":"Automaton","floor":33,"turns":11},{"damage":30,"enemies":"3 Darklings","floor":35,"turns":4},{"damage":18,"enemies":"Orb Walker","floor":38,"turns":4},{"damage":12,"enemies":"Giant Head","floor":44,"turns":7},{"damage":15,"enemies":"2 Orb Walkers","floor":47,"turns":4},{"damage":12,"enemies":"4 Shapes","floor":48,"turns":3},{"damage":86,"enemies":"Donu and Deca","floor":50,"turns":6}],"event_choices":[{"event_name":"Big Fish","player_choice":"Donut","floor":4,"damage_taken":0},{"event_name":"The Joust","player_choice":"Bet on Murderer","floor":19,"damage_taken":0},{"event_name":"Wheel of Change","player_choice":"Relic","floor":20,"damage_taken":0},{"event_name":"The Lab","player_choice":"Got Potions","floor":29,"damage_taken":0},{"event_name":"Mysterious Sphere","player_choice":"Ignore","floor":36,"damage_taken":0},{"event_name":"Tomb of Lord Red Mask","player_choice":"Ignored","floor":37,"damage_taken":0},{"event_name":"Wheel of Change","player_choice":"Damage","floor":46,"damage_taken":0}],"boss_relics":[{"not_picked":["Mark of Pain","Black Star"],"picked":"Cursed Key"},{"not_picked":["Calling Bell","Lizard Tail"],"picked":"Runic Cube"}],"potions_floor_spawned":[1,2,12,18,23,35,38,44],"seed_played":"2449947393708398214","killed_by":"Donu and Deca","is_trial":false}