{"gold_per_floor":[111,128,146,146,146,146,184,184,184,219,394,394,66,81,81,81],"floor_reached":16,"playtime":326,"items_purged":["Doubt"],"score":108,"play_id":"6e6bbb58-1b98-44f3-9d19-7f3f99a90f5a","local_time":"20190106210111","is_ascension_mode":false,"campfire_choices":[{"data":"Sword Boomerang","floor":6,"key":"SMITH"},{"data":"Feed","floor":8,"key":"SMITH"},{"floor":12,"key":"REST"},{"data":"1","floor":15,"key":"LIFT"}],"neow_cost":"NONE","seed_source_timestamp":227647490486055,"circlet_count":0,"master_deck":["Strike_R","Strike_R","Strike_R","Strike_R","Strike_R","Defend_R","Defend_R","Defend_R","Defend_R","Bash","Sword Boomerang+1","Feed+1"],"relics":["Burning Blood","Golden Idol","Blood Vial","Blue Candle","Girya","Paper Frog"],"potions_floor_usage":[7,7],"damage_taken":[{"damage":17,"enemies":"Small Slimes","floor":1,"turns":4},{"damage":6,"enemies":"Jaw Worm","floor":2,"turns":4},{"damage":6,"enemies":"2 Louse","floor":3,"turns":2},{"damage":31,"enemies":"Lagavulin","floor":7,"turns":5},{"damage":20,"enemies":"Gremlin Nob","floor":10,"turns":4},{"damage":9,"enemies":"Blue Slaver","floor":14,"turns":3},{"damage":47,"enemies":"The Guardian","floor":16,"turns":10}],"seed_played":"-1052081909764966407","potions_obtained":[{"floor":1,"key":"Explosive Potion"},{"floor":2,"key":"Energy Potion"},{"floor":10,"key":"Fire Potion"}],"is_trial":false,"path_per_floor":["M","M","M","?","$","R","E","R","T","E","?","R","$","M","R","B"],"character_chosen":"IRONCLAD","items_purchased":["Paper Frog"],"campfire_rested":1,"item_purchase_floors":[13],"current_hp_per_floor":[77,77,77,55,55,55,30,30,30,18,18,44,44,43,43,0],"gold":81,"neow_bonus":"TEN_PERCENT_HP_BONUS","is_prod":false,"is_daily":false,"chose_seed":false,"campfire_upgraded":2,"win_rate":0,"timestamp":1546801271,"path_taken":["M","M","M","?","$","R","E","R","T","E","?","R","$","M","R","BOSS"],"build_version":"2019-01-03v4","purchased_purges":1,"victory":false,"max_hp_per_floor":[88,88,88,88,88,88,88,88,88,88,88,88,88,88,88,88],"card_choices":[{"not_picked":["Fire Breathing","Headbutt"],"picked":"Sword Boomerang","floor":1},{"not_picked":["Iron Wave","Perfected Strike","Anger"],"picked":"SKIP","floor":2},{"not_picked":["Pommel Strike","Perfected Strike","Dropkick"],"picked":"SKIP","floor":3},{"not_picked":["Shrug It Off","Warcry"],"picked":"Feed","floor":7},{"not_picked":["Body Slam","Dropkick","Burning Pact"],"picked":"SKIP","floor":10},{"not_picked":["Flex","Rupture","Burning Pact"],"picked":"SKIP","floor":14}],"player_experience":542591,"relics_obtained":[{"floor":7,"key":"Blood Vial"},{"floor":9,"key":"Blue Candle"},{"floor":10,"key":"Girya"}],"event_choices":[{"damage_healed":0,"gold_gain":0,"player_choice":"Take Damage","damage_taken":22,"relics_obtained":["Golden Idol"],"max_hp_gain":0,"max_hp_loss":0,"event_name":"Golden Idol","floor":4,"gold_loss":0},{"damage_healed":0,"gold_gain":175,"player_choice":"AGREE","damage_taken":0,"max_hp_gain":0,"max_hp_loss":0,"event_name":"Liars Game","floor":11,"gold_loss":0,"cards_obtained":["Doubt"]}],"is_beta":false,"boss_relics":[],"items_purged_floors":[13],"is_endless":false,"potions_floor_spawned":[1,2,10],"killed_by":"The Guardian","ascension_level":0}