{"gold_per_floor":[363,374,374,299,314,314,324,350,350,425,137,156,156,166,166,166],"floor_reached":16,"playtime":326,"items_purged":["Injury"],"score":102,"play_id":"33ef6732-3fe6-458a-a998-014f6ed1f9dd","local_time":"20181007000314","is_ascension_mode":false,"campfire_choices":[{"data":"Bash","floor":6,"key":"SMITH"},{"data":"Sword Boomerang","floor":13,"key":"SMITH"},{"data":"Battle Trance","floor":15,"key":"SMITH"}],"neow_cost":"CURSE","seed_source_timestamp":84997071927,"circlet_count":0,"master_deck":["Strike_R","Strike_R","Strike_R","Strike_R","Strike_R","Defend_R","Defend_R","Defend_R","Defend_R","Bash+1","Sword Boomerang+1","Battle Trance+1"],"relics":["Burning Blood","Matryoshka","Pear","Happy Flower","Meat on the Bone","Incense Burner"],"potions_floor_usage":[8,16],"damage_taken":[{"damage":1,"enemies":"Cultist","floor":1,"turns":3},{"damage":6,"enemies":"2 Louse","floor":2,"turns":3},{"damage":1,"enemies":"Jaw Worm","floor":5,"turns":5},{"damage":9,"enemies":"Blue Slaver","floor":7,"turns":3},{"damage":31,"enemies":"Lagavulin","floor":8,"turns":5},{"damage":7,"enemies":"3 Louse","floor":12,"turns":3},{"damage":20,"enemies":"Looter","floor":14,"turns":3},{"damage":42,"enemies":"Hexaghost","floor":16,"turns":4}],"seed_played":"5313897155253056967","potions_obtained":[{"floor":1,"key":"Poison Potion"},{"floor":2,"key":"SpeedPotion"},{"floor":8,"key":"Swift Potion"},{"floor":12,"key":"PowerPotion"}],"is_trial":false,"path_per_floor":["M","M","?","$","M","R","M","E","T","?","$","M","R","M","R"],"character_chosen":"IRONCLAD","items_purchased":["Incense Burner"],"campfire_rested":0,"item_purchase_floors":[11],"current_hp_per_floor":[80,80,55,55,60,60,57,42,42,31,31,42,42,40,40,0],"gold":166,"neow_bonus":"TWO_FIFTY_GOLD","is_prod":false,"is_daily":false,"chose_seed":false,"campfire_upgraded":3,"win_rate":0,"timestamp":1538859794,"path_taken":["M","M","?","$","M","R","M","E","T","?","$","M","R","M","R","BOSS"],"build_version":"2018-10-04v2","purchased_purges":1,"victory":false,"max_hp_per_floor":[80,80,80,80,80,80,80,90,90,90,90,90,90,90,90,90],"card_choices":[{"not_picked":["Intimidate","Body Slam"],"picked":"Sword Boomerang","floor":1},{"not_picked":["Wild Strike","Warcry","Headbutt"],"picked":"SKIP","floor":2},{"not_picked":["Shockwave","Headbutt","Warcry"],"picked":"SKIP","floor":5},{"not_picked":["Heavy Blade","Headbutt","Cleave"],"picked":"SKIP","floor":7},{"not_picked":["Cleave","Feel No Pain","Metallicize"],"picked":"SKIP","floor":8},{"not_picked":["Clothesline","Impervious","Pommel Strike"],"picked":"SKIP","floor":12},{"not_picked":["Feel No Pain","Uppercut"],"picked":"Battle Trance","floor":14}],"player_experience":372662,"relics_obtained":[{"floor":8,"key":"Pear"},{"floor":9,"key":"Happy Flower"},{"floor":9,"key":"Meat on the Bone"}],"event_choices":[{"event_name":"Scrap Ooze","player_choice":"success","floor":3,"damage_taken":25},{"event_name":"World of Goop","player_choice":"Gather Gold","floor":10,"damage_taken":0}],"is_beta":false,"boss_relics":[],"items_purged_floors":[4],"is_endless":false,"potions_floor_spawned":[1,2,8,12],"killed_by":"Hexaghost","ascension_level":0}