{"gold_per_floor":[210,210,220,220,233,260,260,335,359,56,56,56,56,88,88,186,186,200,100,100,100,110,142,142,176,176,189,208,208,208,222,222,323,323,338,123,123,134,147,176,195,45,119,137,154,14,14,14,14,14],"floor_reached":51,"playtime":1327,"items_purged":["Strike_R","Strike_R","Strike_R+1","Bash+1"],"score":723,"play_id":"2dffd8dc-e2cb-4f8c-9cc9-467ffbb8ec26","local_time":"20190702035513","is_ascension_mode":false,"campfire_choices":[{"data":"Juggernaut","floor":7.0,"key":"SMITH"},{"data":"Defend_R","floor":13.0,"key":"SMITH"},{"data":"Defend_R","floor":15.0,"key":"SMITH"},{"data":"Defend_R","floor":24.0,"key":"SMITH"},{"data":"Battle Trance","floor":32.0,"key":"SMITH"},{"floor":49.0,"key":"RECALL"}],"neow_cost":"NONE","seed_source_timestamp":191083643864900,"circlet_count":0,"master_deck":["Defend_R+1","Defend_R+1","Defend_R+1","Defend_R+1","Juggernaut+1","Good Instincts+1","Body Slam+1","Battle Trance+1","Body Slam+1","Blind+1","Metallicize+1","Shrug It Off+1","Evolve+1","Ghostly Armor+1"],"special_seed":0,"relics":["Burning Blood","PreservedInsect","Centennial Puzzle","Pen Nib","Molten Egg 2","Coffee Dripper","Gambling Chip","Whetstone","Bottled Lightning","Fusion Hammer","Ancient Tea Set","Pantograph","Mark of the Bloom"],"potions_floor_usage":[],"damage_taken":[{"damage":18.0,"enemies":"Jaw Worm","floor":1.0,"turns":3.0},{"damage":3.0,"enemies":"Small Slimes","floor":3.0,"turns":3.0},{"damage":1.0,"enemies":"Cultist","floor":5.0,"turns":5.0},{"damage":19.0,"enemies":"3 Sentries","floor":6.0,"turns":8.0},{"damage":8.0,"enemies":"Gremlin Nob","floor":14.0,"turns":3.0},{"damage":8.0,"enemies":"The Guardian","floor":16.0,"turns":13.0},{"damage":5.0,"enemies":"Chosen","floor":18.0,"turns":5.0},{"damage":2.0,"enemies":"3 Byrds","floor":22.0,"turns":4.0},{"damage":8.0,"enemies":"Slavers","floor":23.0,"turns":5.0},{"damage":2.0,"enemies":"Book of Stabbing","floor":25.0,"turns":3.0},{"damage":2.0,"enemies":"Shelled Parasite and Fungi","floor":27.0,"turns":3.0},{"damage":0.0,"enemies":"3 Cultists","floor":28.0,"turns":4.0},{"damage":0.0,"enemies":"Snecko","floor":31.0,"turns":4.0},{"damage":24.0,"enemies":"Champ","floor":33.0,"turns":6.0},{"damage":0.0,"enemies":"3 Shapes","floor":35.0,"turns":3.0},{"damage":0.0,"enemies":"Orb Walker","floor":38.0,"turns":2.0},{"damage":0.0,"enemies":"Writhing Mass","floor":39.0,"turns":3.0},{"damage":21.0,"enemies":"Nemesis","floor":40.0,"turns":3.0},{"damage":0.0,"enemies":"Transient","floor":41.0,"turns":5.0},{"damage":0.0,"enemies":"Jaw Worm Horde","floor":44.0,"turns":3.0},{"damage":1.0,"enemies":"Sphere and 2 Shapes","floor":45.0,"turns":3.0},{"damage":6,"enemies":"Donu and Deca","floor":50,"turns":5}],"seed_played":"-6224010380021853145","potions_obtained":[{"floor":1.0,"key":"Fire Potion"},{"floor":3.0,"key":"SteroidPotion"},{"floor":18.0,"key":"Weak Potion"},{"floor":27.0,"key":"AttackPotion"},{"floor":28.0,"key":"SpeedPotion"},{"floor":39.0,"key":"PowerPotion"}],"is_trial":false,"path_per_floor":["M","?","M","?","M","E","R","?","T","$","?","$","R","E","R","B",null,"M","$","?","$","M","E","R","E","T","M","M","?","?","M","R","B",null,"M","$","?","M","M","E","M","$","T","M","M","$","?","?","R","B",null],"character_chosen":"IRONCLAD","items_purchased":["Good Instincts","Pen Nib","Blind","Evolve","Ghostly Armor"],"campfire_rested":0,"item_purchase_floors":[10,10,36,46,46],"current_hp_per_floor":[68,61,64,48,53,40,40,29,29,29,29,29,29,27,27,25,80,80,80,80,80,80,78,78,80,80,80,80,80,65,71,71,53,85,85,85,85,85,85,70,76,76,76,82,85,85,85,81,81,75],"gold":14,"neow_bonus":"HUNDRED_GOLD","is_prod":false,"is_daily":false,"chose_seed":false,"campfire_upgraded":5,"win_rate":0,"timestamp":1562028913,"path_taken":["M","?","M","?","M","E","R","?","T","$","?","$","R","E","R","BOSS","M","$","?","$","M","E","R","E","T","M","?","?","?","M","R","BOSS","M","$","?","M","M","E","M","$","T","?","M","$","?","?","R","BOSS"],"build_version":"2019-07-01","purchased_purges":4,"victory":true,"max_hp_per_floor":[80,80,80,80,80,80,80,80,80,80,80,80,80,80,80,80,80,80,80,80,80,80,80,80,80,80,80,80,80,85,85,85,85,85,85,85,85,85,85,85,85,85,85,85,85,85,85,81,81,81],"card_choices":[{"not_picked":["Metallicize","Ghostly Armor"],"picked":"Sword Boomerang","floor":1.0},{"not_picked":["Sever Soul","Thunderclap","Iron Wave"],"picked":"SKIP","floor":3.0},{"not_picked":["Rupture","Perfected Strike","Pommel Strike"],"picked":"SKIP","floor":5.0},{"not_picked":["Wild Strike","Perfected Strike"],"picked":"Juggernaut","floor":6.0},{"not_picked":["Combust","Blood for Blood","Twin Strike"],"picked":"SKIP","floor":14.0},{"not_picked":["Headbutt+1","Seeing Red+1"],"picked":"Body Slam+1","floor":18.0},{"not_picked":["Disarm","Clothesline+1","Rampage+1"],"picked":"SKIP","floor":22.0},{"not_picked":["Dark Embrace","Thunderclap+1","Searing Blow+1"],"picked":"SKIP","floor":23.0},{"not_picked":["Flex","Headbutt+1"],"picked":"Battle Trance","floor":25.0},{"not_picked":["Flame Barrier","Shockwave","Headbutt+1"],"picked":"SKIP","floor":27.0},{"not_picked":["Power Through","Armaments","Havoc"],"picked":"SKIP","floor":28.0},{"not_picked":["Thunderclap+1","Limit Break"],"picked":"Body Slam+1","floor":31.0},{"not_picked":["Anger+1","Wild Strike+1","Flex"],"picked":"SKIP","floor":35.0},{"not_picked":["Flex","Bloodletting+1","Carnage+1"],"picked":"SKIP","floor":38.0},{"not_picked":["Anger+1","Warcry","Uppercut+1"],"picked":"SKIP","floor":39.0},{"not_picked":["Clothesline+1","Seeing Red+1","True Grit+1"],"picked":"SKIP","floor":40.0},{"not_picked":["Sword Boomerang+1","Havoc"],"picked":"Metallicize","floor":41.0},{"not_picked":["Heavy Blade+1","Sentinel+1"],"picked":"Shrug It Off+1","floor":44.0},{"not_picked":["Cleave+1","Pommel Strike+1","Heavy Blade+1"],"picked":"SKIP","floor":45.0}],"player_experience":665563,"relics_obtained":[{"floor":6.0,"key":"PreservedInsect"},{"floor":9.0,"key":"Centennial Puzzle"},{"floor":14.0,"key":"Molten Egg 2"},{"floor":23.0,"key":"Gambling Chip"},{"floor":25.0,"key":"Whetstone"},{"floor":26.0,"key":"Bottled Lightning"},{"floor":40.0,"key":"Ancient Tea Set"},{"floor":43.0,"key":"Pantograph"}],"event_choices":[{"cards_removed":["Strike_R"],"damage_healed":0.0,"max_hp_gain":0.0,"max_hp_loss":0.0,"gold_gain":0.0,"event_name":"Golden Wing","player_choice":"Card Removal","floor":2.0,"gold_loss":0.0,"damage_taken":7.0},{"damage_healed":0.0,"max_hp_gain":0.0,"max_hp_loss":0.0,"gold_gain":0.0,"event_name":"Shining Light","player_choice":"Entered Light","floor":4.0,"gold_loss":0.0,"damage_taken":16.0,"cards_upgraded":["Strike_R","Defend_R"]},{"damage_healed":0.0,"max_hp_gain":0.0,"max_hp_loss":0.0,"gold_gain":75.0,"event_name":"World of Goop","player_choice":"Gather Gold","floor":8.0,"gold_loss":0.0,"damage_taken":11.0},{"damage_healed":0.0,"max_hp_gain":0.0,"max_hp_loss":0.0,"gold_gain":0.0,"event_name":"Living Wall","player_choice":"Grow","floor":11.0,"gold_loss":0.0,"damage_taken":0.0,"cards_upgraded":["Good Instincts"]},{"cards_removed":["Strike_R"],"damage_healed":0.0,"max_hp_gain":0.0,"max_hp_loss":0.0,"gold_gain":0.0,"event_name":"Purifier","player_choice":"Purged","floor":20.0,"gold_loss":0.0,"damage_taken":0.0},{"cards_removed":["Sword Boomerang"],"damage_healed":0.0,"max_hp_gain":0.0,"max_hp_loss":0.0,"gold_gain":0.0,"event_name":"Back to Basics","player_choice":"Elegance","floor":29.0,"gold_loss":0.0,"damage_taken":0.0},{"damage_healed":0.0,"max_hp_gain":5.0,"max_hp_loss":0.0,"gold_gain":0.0,"event_name":"Forgotten Altar","player_choice":"Shed Blood","floor":30.0,"gold_loss":0.0,"damage_taken":20.0},{"damage_healed":0.0,"max_hp_gain":0.0,"max_hp_loss":0.0,"gold_gain":0.0,"event_name":"Transmorgrifier","player_choice":"Ignored","floor":37.0,"gold_loss":0.0,"damage_taken":0.0},{"damage_healed":0.0,"max_hp_gain":0.0,"max_hp_loss":0.0,"gold_gain":0.0,"event_name":"MindBloom","player_choice":"Upgrade","floor":47.0,"gold_loss":0.0,"damage_taken":0.0,"cards_upgraded":["Blind","Metallicize","Evolve","Ghostly Armor"],"relics_obtained":["Mark of the Bloom"]},{"damage_healed":0.0,"max_hp_gain":0.0,"max_hp_loss":4.0,"gold_gain":0.0,"event_name":"Winding Halls","player_choice":"Max HP","floor":48.0,"gold_loss":0.0,"damage_taken":0.0}],"is_beta":false,"boss_relics":[{"not_picked":["Astrolabe","Empty Cage"],"picked":"Coffee Dripper"},{"not_picked":["Velvet Choker","Tiny House"],"picked":"Fusion Hammer"}],"items_purged_floors":[10,19,36,42],"is_endless":false,"potions_floor_spawned":[1,3,18,27,28,38,39,41],"ascension_level":0}