{"gold_per_floor":[119,136,0,0,20,47,60,60,60,75,92,127,47,79,79,175,175,185,197,197,210,227,227,260,260,260,270,270,68,68,101,101,199,199,216,226,239,239,239,239,253,281,281,296,296,311,341,1,1,1],"floor_reached":51,"playtime":1780,"items_purged":[],"score":902,"play_id":"706f7068-22e6-4a2e-94bc-eb515e8d2bc8","local_time":"20180630220751","is_ascension_mode":true,"campfire_choices":[{"floor":8.0,"key":"REST"},{"floor":15.0,"key":"REST"},{"floor":23.0,"key":"REST"},{"floor":25.0,"key":"REST"},{"floor":32.0,"key":"REST"},{"floor":40.0,"key":"REST"},{"floor":45.0,"key":"REST"},{"floor":49,"key":"REST"}],"neow_cost":"","seed_source_timestamp":0,"circlet_count":0,"master_deck":["Defend_R","Defend_R","Defend_R+1","Bash","Bludgeon","Pommel Strike","Uppercut","Fiend Fire","Limit Break+1","Inflame","Armaments","Inflame","Demon Form","Sword Boomerang+1","Bite+1","Bite+1","Bite+1","Bite+1","Bite+1","Seeing Red","Demon Form","Thunderclap+1","Perfected Strike+1","Battle Trance+1","Twin Strike+1","Flame Barrier+1","Shrug It Off","Magnetism","Finesse","Good Instincts"],"special_seed":0,"relics":["Burning Blood","Mummified Hand","Pear","Molten Egg 2","The Courier","Fusion Hammer","Regal Pillow","Meat on the Bone","Matryoshka","Lizard Tail","Torii","War Paint","Darkstone Periapt","Bottled Tornado"],"potions_floor_usage":[50],"damage_taken":[{"damage":5.0,"enemies":"2 Louse","floor":1.0,"turns":3.0},{"damage":1.0,"enemies":"Cultist","floor":2.0,"turns":3.0},{"damage":6.0,"enemies":"Small Slimes","floor":5.0,"turns":2.0},{"damage":35.0,"enemies":"Lagavulin","floor":6.0,"turns":5.0},{"damage":9.0,"enemies":"2 Fungi Beasts","floor":7.0,"turns":3.0},{"damage":3.0,"enemies":"Large Slime","floor":10.0,"turns":5.0},{"damage":11.0,"enemies":"Looter","floor":11.0,"turns":2.0},{"damage":22.0,"enemies":"3 Sentries","floor":12.0,"turns":6.0},{"damage":24.0,"enemies":"Gremlin Nob","floor":14.0,"turns":4.0},{"damage":45.0,"enemies":"Hexaghost","floor":16.0,"turns":8.0},{"damage":36.0,"enemies":"3 Byrds","floor":18.0,"turns":5.0},{"damage":18.0,"enemies":"Shell Parasite","floor":19.0,"turns":4.0},{"damage":43.0,"enemies":"Snake Plant","floor":21.0,"turns":3.0},{"damage":38.0,"enemies":"Chosen and Byrds","floor":22.0,"turns":4.0},{"damage":13.0,"enemies":"Gremlin Leader","floor":24.0,"turns":6.0},{"damage":13.0,"enemies":"Snecko","floor":27.0,"turns":3.0},{"damage":35.0,"enemies":"Book of Stabbing","floor":31.0,"turns":3.0},{"damage":86.0,"enemies":"Collector","floor":33.0,"turns":8.0},{"damage":34.0,"enemies":"3 Darklings","floor":35.0,"turns":6.0},{"damage":38.0,"enemies":"3 Shapes","floor":36.0,"turns":4.0},{"damage":47.0,"enemies":"3 Darklings","floor":37.0,"turns":5.0},{"damage":58.0,"enemies":"Sphere and 2 Shapes","floor":41.0,"turns":5.0},{"damage":56.0,"enemies":"Giant Head","floor":42.0,"turns":6.0},{"damage":35.0,"enemies":"4 Shapes","floor":44.0,"turns":6.0},{"damage":57.0,"enemies":"Maw","floor":46.0,"turns":7.0},{"damage":36,"enemies":"2 Orb Walkers","floor":47,"turns":3},{"damage":135,"enemies":"Awakened One","floor":50,"turns":8}],"seed_played":"7133633578127378960","potions_obtained":[{"floor":2.0,"key":"Explosive Potion"},{"floor":4.0,"key":"FairyPotion"},{"floor":4.0,"key":"Regen Potion"},{"floor":7.0,"key":"Dexterity Potion"},{"floor":10.0,"key":"Regen Potion"},{"floor":22.0,"key":"Swift Potion"},{"floor":31.0,"key":"SpeedPotion"},{"floor":35.0,"key":"AttackPotion"},{"floor":37.0,"key":"Weak Potion"},{"floor":42.0,"key":"Swift Potion"}],"is_trial":false,"path_per_floor":["M","M","$","?","M","E","M","R","T","M","M","E","$","E","R","B",null,"M","M","?","M","M","R","E","R","T","M","?","$","?","E","R","B",null,"M","M","M","?","$","R","M","E","T","M","R","M","E","$","R","B"],"character_chosen":"IRONCLAD","items_purchased":["Fiend Fire","Inflame","Meat on the Bone","Shrug It Off","Magnetism","Finesse","Good Instincts"],"campfire_rested":8,"item_purchase_floors":[],"current_hp_per_floor":[41,46,46,46,46,29,26,50,60,63,58,42,42,24,51,12,90,60,48,48,16,15,42,35,77,77,72,72,72,72,55,90,40,90,74,63,61,61,61,90,59,45,45,43,85,61,55,55,90,36],"gold":1,"neow_bonus":"","is_prod":false,"is_daily":false,"chose_seed":false,"campfire_upgraded":0,"win_rate":0,"timestamp":1530385671,"path_taken":["M","M","$","?","?","E","M","R","T","M","M","E","$","E","R","BOSS","M","M","?","M","M","R","E","R","T","M","?","$","?","E","R","BOSS","M","M","M","?","$","R","M","E","T","M","R","M","E","$","R","BOSS"],"build_version":"2018-06-28","purchased_purges":0,"victory":true,"max_hp_per_floor":[80,80,80,80,80,80,80,80,90,90,90,90,90,90,90,90,90,90,90,90,90,90,90,90,90,90,90,90,90,90,90,90,90,90,90,90,90,90,90,90,90,90,90,90,90,90,90,90,90,90],"card_choices":[{"not_picked":["Dark Embrace","Exhume"],"picked":"Bludgeon","floor":0.0},{"not_picked":["Clash","Seeing Red"],"picked":"Pommel Strike","floor":1.0},{"not_picked":["True Grit","Hemokinesis"],"picked":"Uppercut","floor":2.0},{"not_picked":["Reckless Charge","Burning Pact","Heavy Blade"],"picked":"SKIP","floor":5.0},{"not_picked":["Perfected Strike","Pommel Strike"],"picked":"Limit Break","floor":6.0},{"not_picked":["Headbutt","Intimidate","Second Wind"],"picked":"SKIP","floor":7.0},{"not_picked":["Wild Strike","Clash","Pommel Strike"],"picked":"SKIP","floor":10.0},{"not_picked":["Burning Pact","Havoc"],"picked":"Inflame","floor":11.0},{"not_picked":["True Grit","Rupture"],"picked":"Armaments","floor":12.0},{"not_picked":["Pommel Strike+1","Spot Weakness","Burning Pact"],"picked":"SKIP","floor":14.0},{"not_picked":["Double Tap","Dark Embrace"],"picked":"Demon Form","floor":16.0},{"not_picked":["Anger+1","Pommel Strike+1","Warcry"],"picked":"SKIP","floor":18.0},{"not_picked":["Disarm","Bloodletting+1"],"picked":"Sword Boomerang+1","floor":19.0},{"not_picked":["Pommel Strike+1","Wild Strike+1","Sword Boomerang+1"],"picked":"SKIP","floor":21.0},{"not_picked":["Flex+1","Pommel Strike+1","Pummel+1"],"picked":"SKIP","floor":22.0},{"not_picked":["Anger+1","Second Wind+1","Fire Breathing"],"picked":"SKIP","floor":24.0},{"not_picked":["Anger+1","Headbutt+1","Blood for Blood+1"],"picked":"SKIP","floor":27.0},{"not_picked":["Warcry","Dropkick+1"],"picked":"Seeing Red","floor":31.0},{"not_picked":["Juggernaut","Limit Break"],"picked":"Demon Form","floor":33.0},{"not_picked":["Combust","Corruption+1"],"picked":"Thunderclap+1","floor":35.0},{"not_picked":["Rampage+1","Burning Pact+1","Thunderclap+1"],"picked":"SKIP","floor":36.0},{"not_picked":["Clothesline+1","Intimidate+1","Clash+1"],"picked":"SKIP","floor":37.0},{"not_picked":["Sword Boomerang+1","Twin Strike+1","True Grit+1"],"picked":"SKIP","floor":41.0},{"not_picked":["Shockwave+1","Dark Embrace"],"picked":"Perfected Strike+1","floor":42.0},{"not_picked":["Sever Soul+1","Wild Strike+1"],"picked":"Battle Trance+1","floor":44.0},{"not_picked":["Cleave+1","Reckless Charge+1"],"picked":"Twin Strike+1","floor":46.0},{"not_picked":["Pommel Strike+1","Combust+1"],"picked":"Flame Barrier+1","floor":47}],"player_experience":173374,"relics_obtained":[{"floor":6.0,"key":"Mummified Hand"},{"floor":9.0,"key":"Pear"},{"floor":12.0,"key":"Molten Egg 2"},{"floor":14.0,"key":"The Courier"},{"floor":24.0,"key":"Regal Pillow"},{"floor":26.0,"key":"Blood Vial"},{"floor":31.0,"key":"Matryoshka"},{"floor":42.0,"key":"Torii"},{"floor":43.0,"key":"War Paint"},{"floor":43.0,"key":"Darkstone Periapt"},{"floor":47,"key":"Bottled Tornado"}],"event_choices":[{"event_name":"The Lab","player_choice":"Got Potions","floor":4.0,"damage_taken":0.0},{"event_name":"Drug Dealer","player_choice":"Ignored","floor":20.0,"damage_taken":0.0},{"event_name":"Vampires","player_choice":"Became a vampire (Vial)","floor":28.0,"damage_taken":0.0},{"event_name":"Beggar","player_choice":"Ignored","floor":30.0,"damage_taken":0.0},{"event_name":"Falling","player_choice":"Removed Skill","floor":38.0,"damage_taken":0.0}],"boss_relics":[{"not_picked":["Ectoplasm","Pandora\u0027s Box"],"picked":"Fusion Hammer"},{"not_picked":["Runic Dome","Tiny House"],"picked":"Lizard Tail"}],"items_purged_floors":[],"is_endless":false,"potions_floor_spawned":[2,5,7,10,11,18,22,31,35,37,42],"ascension_level":3}