{"gold_per_floor":[12,30,30,44,44,44,108,108,135,145,145,159,159,175,175,275,275,289,143,131,131],"floor_reached":21,"playtime":595,"items_purged":[],"score":199,"play_id":"a9d85797-8aa1-405e-90c8-aa8679186d42","local_time":"20181011164715","is_ascension_mode":true,"campfire_choices":[{"data":"Storm","floor":6,"key":"SMITH"},{"data":"Creative AI","floor":8,"key":"SMITH"},{"floor":13,"key":"REST"},{"floor":15,"key":"REST"}],"neow_cost":"NO_GOLD","seed_source_timestamp":103335237662015,"circlet_count":0,"master_deck":["Strike_B","Strike_B","Strike_B","Strike_B","Defend_B","Defend_B","Defend_B","Defend_B","Zap","Dualcast","Creative AI+1","Storm+1","Conserve Battery","Steam","Go for the Eyes","Reboot"],"relics":["Cracked Core","Tiny Chest","Strawberry","Sozu","DataDisk"],"potions_floor_usage":[18],"damage_taken":[{"damage":4,"enemies":"2 Louse","floor":1,"turns":3},{"damage":3,"enemies":"Jaw Worm","floor":2,"turns":5},{"damage":6,"enemies":"Cultist","floor":4,"turns":4},{"damage":26,"enemies":"Lagavulin","floor":7,"turns":7},{"damage":28,"enemies":"Large Slime","floor":10,"turns":6},{"damage":11,"enemies":"3 Louse","floor":12,"turns":5},{"damage":13,"enemies":"2 Fungi Beasts","floor":14,"turns":5},{"damage":25,"enemies":"Hexaghost","floor":16,"turns":9},{"damage":14,"enemies":"Shell Parasite","floor":18,"turns":4},{"damage":26,"enemies":"2 Thieves","floor":20,"turns":5},{"damage":51,"enemies":"Masked Bandits","floor":21,"turns":4}],"seed_played":"7159710868347243245","potions_obtained":[{"floor":1,"key":"EssenceOfSteel"},{"floor":7,"key":"EssenceOfSteel"},{"floor":16,"key":"Fruit Juice"}],"is_trial":false,"path_per_floor":["M","M","$","M","$","R","E","R","T","M","?","M","R","M","R","B",null,"M","$","M"],"character_chosen":"DEFECT","items_purchased":["DataDisk"],"campfire_rested":2,"item_purchase_floors":[19],"current_hp_per_floor":[71,68,68,62,62,62,36,36,43,15,15,4,28,15,39,14,82,73,73,47,0],"gold":131,"neow_bonus":"THREE_RARE_CARDS","is_prod":false,"is_daily":false,"chose_seed":false,"campfire_upgraded":2,"win_rate":0,"timestamp":1539265635,"path_taken":["M","M","$","M","$","R","E","R","T","M","?","M","R","M","R","BOSS","M","$","M","?"],"build_version":"2018-10-04v2","purchased_purges":0,"victory":false,"max_hp_per_floor":[75,75,75,75,75,75,75,75,82,82,82,82,82,82,82,82,82,87,87,87,87],"card_choices":[{"not_picked":["Amplify","Multi-Cast"],"picked":"Creative AI","floor":0},{"not_picked":["Tempest","Cold Snap"],"picked":"Storm","floor":1},{"not_picked":["Beam Cell","Stack","Reprogram"],"picked":"SKIP","floor":2},{"not_picked":["Doom and Gloom","Ball Lightning","Streamline"],"picked":"SKIP","floor":4},{"not_picked":["Gash","Cold Snap"],"picked":"Conserve Battery","floor":7},{"not_picked":["Meteor Strike","Scrape","Heatsinks"],"picked":"SKIP","floor":10},{"not_picked":["Streamline","Hello World"],"picked":"Steam","floor":12},{"not_picked":["Doom and Gloom","Reprogram"],"picked":"Go for the Eyes","floor":14},{"not_picked":["Hyperbeam","Machine Learning"],"picked":"Reboot","floor":16},{"not_picked":["Go for the Eyes+1","Streamline+1","Barrage"],"picked":"SKIP","floor":18},{"not_picked":["Melter+1","Tempest","Hello World"],"picked":"SKIP","floor":20}],"player_experience":387713,"relics_obtained":[{"floor":7,"key":"Tiny Chest"},{"floor":9,"key":"Strawberry"}],"event_choices":[{"event_name":"Golden Wing","player_choice":"Ignored","floor":11,"damage_taken":0},{"event_name":"Masked Bandits","player_choice":"Fought Bandits","floor":21,"damage_taken":0}],"is_beta":false,"boss_relics":[{"not_picked":["Pandora\u0027s Box","Philosopher\u0027s Stone"],"picked":"Sozu"}],"items_purged_floors":[],"is_endless":false,"potions_floor_spawned":[1,7,16],"killed_by":"Masked Bandits","ascension_level":2}