{"gold_per_floor":[118,68,43,43,58,58,58,77,100,126,136,146,146,175,175,277,277,287,139,64,10,21,56,31,31,84,84,98,98,98,13,13,115,115,135,152,252,152,170,170,170,180,180,180,211,211,244,244],"floor_reached":48,"playtime":2611,"items_purged":["Bash","Shame"],"score":614,"play_id":"c555425d-4a3d-4eb6-8b29-8107d32b3c89","local_time":"20190126072735","is_ascension_mode":false,"campfire_choices":[{"data":"Shrug It Off","floor":7.0,"key":"SMITH"},{"data":"Fiend Fire","floor":15.0,"key":"SMITH"},{"data":"Barricade","floor":27.0,"key":"SMITH"},{"floor":29.0,"key":"REST"},{"data":"Armaments","floor":32.0,"key":"SMITH"},{"floor":41,"key":"REST"},{"floor":46,"key":"DIG"}],"neow_cost":"NONE","seed_source_timestamp":47363428735817,"circlet_count":0,"master_deck":["Strike_R","Strike_R","Defend_R","Defend_R","Defend_R","Pommel Strike","Shrug It Off+1","Fiend Fire+1","Twin Strike","Sentinel","Barricade+1","Body Slam","Entrench+1","Iron Wave","Iron Wave","Metallicize","Cleave","Armaments+1","Iron Wave","Warcry+1","Shrug It Off","Doubt","Pummel+1","Rampage+1"],"special_seed":0,"relics":["Burning Blood","Bronze Scales","Vajra","Ancient Tea Set","Juzu Bracelet","Cursed Key","Torii","PreservedInsect","Mummified Hand","Shuriken","Philosopher\u0027s Stone","Shovel","Molten Egg 2","Potion Belt","Bottled Flame","Red Skull"],"potions_floor_usage":[33,35,42],"damage_taken":[{"damage":4.0,"enemies":"Jaw Worm","floor":1.0,"turns":4.0},{"damage":6.0,"enemies":"2 Louse","floor":5.0,"turns":3.0},{"damage":0.0,"enemies":"Small Slimes","floor":8.0,"turns":2.0},{"damage":17.0,"enemies":"3 Sentries","floor":10.0,"turns":8.0},{"damage":3.0,"enemies":"Red Slaver","floor":11.0,"turns":3.0},{"damage":2.0,"enemies":"Blue Slaver","floor":12.0,"turns":3.0},{"damage":20.0,"enemies":"Lagavulin","floor":14.0,"turns":6.0},{"damage":20.0,"enemies":"The Guardian","floor":16.0,"turns":11.0},{"damage":15.0,"enemies":"2 Thieves","floor":18.0,"turns":3.0},{"damage":5.0,"enemies":"Chosen","floor":22.0,"turns":4.0},{"damage":37.0,"enemies":"Gremlin Leader","floor":23.0,"turns":12.0},{"damage":12.0,"enemies":"Centurion and Healer","floor":28.0,"turns":6.0},{"damage":1,"enemies":"Champ","floor":33,"turns":9},{"damage":41,"enemies":"3 Darklings","floor":35,"turns":5},{"damage":5,"enemies":"3 Shapes","floor":36,"turns":8},{"damage":18,"enemies":"Mind Bloom Boss Battle","floor":37,"turns":9},{"damage":32,"enemies":"Writhing Mass","floor":39,"turns":9},{"damage":0,"enemies":"3 Darklings","floor":42,"turns":4},{"damage":0,"enemies":"Giant Head","floor":45,"turns":7},{"damage":14,"enemies":"Nemesis","floor":47,"turns":7},{"damage":50,"enemies":"Spire Growth","floor":48,"turns":4}],"seed_played":"2602533217107983745","potions_obtained":[{"floor":1.0,"key":"SteroidPotion"},{"floor":8.0,"key":"Swift Potion"},{"floor":11.0,"key":"FearPotion"},{"floor":14.0,"key":"PowerPotion"},{"floor":22.0,"key":"SkillPotion"},{"floor":23.0,"key":"GamblersBrew"},{"floor":37,"key":"Swift Potion"},{"floor":42,"key":"Weak Potion"},{"floor":45,"key":"LiquidBronze"}],"is_trial":false,"path_per_floor":["M","?","$","?","M","?","R","M","T","E","M","M","?","E","R","B",null,"M","$","?","$","M","E","$","?","T","R","M","R","T","?","R","B",null,"M","M","?","$","M","?","R","M","T","?","E","R","E","M"],"character_chosen":"IRONCLAD","items_purchased":["Shrug It Off","Entrench","Iron Wave","Cleave"],"campfire_rested":2,"item_purchase_floors":[3,19,21,24],"current_hp_per_floor":[80,80,80,73,73,73,73,79,79,68,71,75,75,61,61,47,80,71,71,71,71,72,41,41,41,41,41,35,59,59,59,59,64,80,45,46,34,34,8,8,32,38,38,38,44,44,36,0],"gold":244,"neow_bonus":"RANDOM_COMMON_RELIC","is_prod":false,"is_daily":false,"chose_seed":false,"campfire_upgraded":4,"win_rate":0,"timestamp":1548484055,"path_taken":["M","?","$","?","M","?","R","M","T","E","M","?","?","E","R","BOSS","M","$","?","$","M","E","$","?","T","R","M","R","?","?","R","BOSS","M","M","?","$","M","?","R","M","T","?","E","R","E","M"],"build_version":"2019-01-23","purchased_purges":2,"victory":false,"max_hp_per_floor":[80,80,80,80,80,80,80,80,80,80,80,80,80,80,80,80,80,80,80,80,80,80,80,80,80,80,80,80,80,80,80,80,80,80,80,80,80,80,80,80,80,80,80,80,80,80,80,80],"card_choices":[{"not_picked":["Corruption","Anger"],"picked":"Pommel Strike","floor":1.0},{"not_picked":["Battle Trance","Twin Strike"],"picked":"Dropkick","floor":5.0},{"not_picked":["True Grit","Twin Strike","Bloodletting"],"picked":"SKIP","floor":8.0},{"not_picked":["Shrug It Off","Uppercut"],"picked":"Fiend Fire","floor":10.0},{"not_picked":["Sword Boomerang","Rupture","Havoc"],"picked":"SKIP","floor":11.0},{"not_picked":["Armaments","Flex"],"picked":"Twin Strike","floor":12.0},{"not_picked":["Havoc","Shockwave"],"picked":"Sentinel","floor":14.0},{"not_picked":["Feed","Fiend Fire"],"picked":"Barricade","floor":16.0},{"not_picked":["Seeing Red","Feel No Pain"],"picked":"Body Slam","floor":18.0},{"not_picked":["Corruption","Carnage"],"picked":"Iron Wave","floor":22.0},{"not_picked":["Corruption","Headbutt"],"picked":"Metallicize","floor":23.0},{"not_picked":["Twin Strike","Feel No Pain"],"picked":"Iron Wave","floor":28.0},{"not_picked":["Clothesline","Combust","Cleave+1"],"picked":"SKIP","floor":35},{"not_picked":["Clothesline","Twin Strike"],"picked":"Warcry+1","floor":36},{"not_picked":["Sword Boomerang+1","Cleave+1"],"picked":"Shrug It Off","floor":39},{"not_picked":["Hemokinesis+1","Burning Pact+1","True Grit+1"],"picked":"SKIP","floor":42},{"not_picked":["Heavy Blade+1","Demon Form"],"picked":"Pummel+1","floor":45},{"not_picked":["Armaments+1","Reaper+1"],"picked":"Rampage+1","floor":47}],"player_experience":222704,"relics_obtained":[{"floor":9.0,"key":"Vajra"},{"floor":10.0,"key":"Ancient Tea Set"},{"floor":14.0,"key":"Juzu Bracelet"},{"floor":23.0,"key":"Torii"},{"floor":26.0,"key":"PreservedInsect"},{"floor":30.0,"key":"Mummified Hand"},{"floor":37,"key":"Shovel"},{"floor":43,"key":"Molten Egg 2"},{"floor":45,"key":"Potion Belt"},{"floor":46,"key":"Bottled Flame"},{"floor":47,"key":"Red Skull"}],"event_choices":[{"cards_removed":["Strike_R"],"damage_healed":0.0,"max_hp_gain":0.0,"max_hp_loss":0.0,"gold_gain":0.0,"event_name":"The Cleric","player_choice":"Card Removal","floor":2.0,"gold_loss":50.0,"damage_taken":0.0},{"cards_removed":["Strike_R"],"damage_healed":0.0,"max_hp_gain":0.0,"max_hp_loss":0.0,"gold_gain":0.0,"event_name":"Golden Wing","player_choice":"Card Removal","floor":4.0,"gold_loss":0.0,"damage_taken":7.0},{"cards_removed":["Defend_R"],"damage_healed":0.0,"max_hp_gain":0.0,"max_hp_loss":0.0,"gold_gain":0.0,"event_name":"Living Wall","player_choice":"Forget","floor":6.0,"gold_loss":0.0,"damage_taken":0.0},{"cards_removed":["Strike_R"],"damage_healed":0.0,"max_hp_gain":0.0,"max_hp_loss":0.0,"gold_gain":0.0,"event_name":"Purifier","player_choice":"Purged","floor":13.0,"gold_loss":0.0,"damage_taken":0.0},{"cards_removed":["Dropkick"],"damage_healed":0.0,"max_hp_gain":0.0,"max_hp_loss":0.0,"gold_gain":0.0,"event_name":"Beggar","player_choice":"Gave Gold","floor":20.0,"gold_loss":75.0,"damage_taken":0.0},{"damage_healed":0.0,"max_hp_gain":0.0,"max_hp_loss":0.0,"gold_gain":0.0,"event_name":"The Library","player_choice":"Read","floor":25.0,"gold_loss":0.0,"damage_taken":0.0,"cards_obtained":["Armaments"]},{"damage_healed":0.0,"max_hp_gain":0.0,"max_hp_loss":0.0,"gold_gain":0.0,"event_name":"Addict","player_choice":"Obtained Relic","floor":31.0,"gold_loss":85.0,"damage_taken":0.0,"relics_obtained":["Shuriken"]},{"damage_healed":0,"gold_gain":0,"player_choice":"Fight","damage_taken":0,"max_hp_gain":0,"max_hp_loss":0,"event_name":"MindBloom","floor":37,"gold_loss":0},{"cards_removed":["Regret"],"damage_healed":0,"gold_gain":0,"player_choice":"Purged","damage_taken":0,"max_hp_gain":0,"max_hp_loss":0,"event_name":"Purifier","floor":40,"gold_loss":0},{"damage_healed":0,"gold_gain":0,"player_choice":"Upgraded","damage_taken":0,"max_hp_gain":0,"max_hp_loss":0,"event_name":"Upgrade Shrine","floor":44,"gold_loss":0,"cards_upgraded":["Entrench"]}],"is_beta":false,"boss_relics":[{"not_picked":["Tiny House","Snecko Eye"],"picked":"Cursed Key"},{"not_picked":["Calling Bell","Black Blood"],"picked":"Philosopher\u0027s Stone"}],"items_purged_floors":[19,38],"is_endless":false,"potions_floor_spawned":[1,8,11,14,22,23,37,42,45],"killed_by":"Spire Growth","ascension_level":0}