{"path_per_floor":["M","M","M","?","$","R","M","M","T","R","E","R","M","$","R","B",null,"M","$","M","?","M","R","M","R","T","M","M","M","R","M","R","B",null,"M","?","M","?","M","R","M","R","T","R","E","$","M","T","R"],"character_chosen":"THE_SILENT","items_purchased":["Backflip","Dash","Adrenaline"],"gold_per_floor":[113,126,139,139,10,10,0,19,43,43,69,69,80,44,44,145,145,155,55,68,18,28,28,48,48,48,60,77,97,97,110,110,214,244,260,260,275,275,285,285,295,295,295,295,321,35,45,72,72,72],"floor_reached":50,"campfire_rested":4,"playtime":3909,"item_purchase_floors":[5,14,46],"current_hp_per_floor":[59,58,58,44,44,44,44,37,37,37,15,36,32,32,53,33,61,54,54,54,54,40,40,28,49,59,59,59,59,59,64,64,52,78,79,79,58,56,51,51,66,66,66,66,29,29,28,28,55,0],"items_purged":["Strike_G","Strike_G","Strike_G"],"gold":72,"score":668,"play_id":"ad57ddd4-a7e1-4c62-828e-40ee55f51cc8","local_time":"20180626215730","is_prod":false,"is_daily":false,"chose_seed":false,"is_ascension_mode":true,"campfire_upgraded":8,"win_rate":0,"timestamp":1530043050,"campfire_choices":[{"data":"Blur","floor":6,"key":"SMITH"},{"data":"Backflip","floor":10,"key":"SMITH"},{"floor":12,"key":"REST"},{"floor":15,"key":"REST"},{"data":"Dash","floor":23,"key":"SMITH"},{"floor":25,"key":"REST"},{"data":"Noxious Fumes","floor":30,"key":"SMITH"},{"data":"Backflip","floor":32,"key":"SMITH"},{"data":"A Thousand Cuts","floor":40,"key":"SMITH"},{"data":"Survivor","floor":42,"key":"SMITH"},{"data":"Deadly Poison","floor":44,"key":"SMITH"},{"floor":49,"key":"REST"}],"path_taken":["M","M","M","?","$","R","M","M","T","R","E","R","M","$","R","BOSS","M","$","M","?","?","R","M","R","T","M","M","M","R","M","R","BOSS","M","?","M","?","M","R","?","R","T","R","E","$","M","?","R","BOSS"],"build_version":"2018-06-21","seed_source_timestamp":16668501849953,"purchased_purges":3,"circlet_count":0,"victory":false,"master_deck":["Defend_G","Defend_G","Defend_G","Defend_G","Defend_G+1","Strike_G","Survivor+1","Neutralize+1","Poisoned Stab","Blur+1","Backflip+1","Noxious Fumes+1","Die Die Die","Dash+1","A Thousand Cuts+1","PiercingWail","Deadly Poison+1","Backflip+1","Envenom+1","Bane","Deflect+1","Acrobatics+1","Dagger Spray+1","Adrenaline","Calculated Gamble+1","Deflect+1"],"max_hp_per_floor":[70,70,70,70,70,70,70,70,70,70,70,70,70,70,70,70,70,70,70,70,70,70,70,70,70,80,80,80,80,80,80,80,80,85,90,90,90,90,90,90,90,90,90,90,90,90,90,90,90,90],"relics":["Ring of the Snake","Snake Skull","Happy Flower","Busted Crown","Pear","Tiny House","Turnip","Dream Catcher","Juzu Bracelet","Orichalcum"],"card_choices":[{"not_picked":["Crippling Poison","Reflex"],"picked":"Poisoned Stab","floor":1},{"not_picked":["Sucker Punch","Outmaneuver","Prepared"],"picked":"SKIP","floor":2},{"not_picked":["Infinite Blades","Dagger Throw"],"picked":"Blur","floor":3},{"not_picked":["Backflip","PiercingWail"],"picked":"Noxious Fumes","floor":7},{"not_picked":["Accuracy","Acrobatics","Deadly Poison"],"picked":"SKIP","floor":8},{"not_picked":["Calculated Gamble","Choke"],"picked":"Die Die Die","floor":11},{"not_picked":["Cloak And Dagger","Flechettes","Prepared"],"picked":"SKIP","floor":13},{"not_picked":["Burst","Storm of Steel"],"picked":"A Thousand Cuts","floor":16},{"not_picked":["Poisoned Stab+1"],"picked":"SKIP","floor":18},{"not_picked":["Distraction"],"picked":"SKIP","floor":20},{"not_picked":["Accuracy"],"picked":"SKIP","floor":22},{"not_picked":["Riddle With Holes"],"picked":"SKIP","floor":24},{"not_picked":["Dodge and Roll"],"picked":"SKIP","floor":27},{"not_picked":[],"picked":"PiercingWail","floor":28},{"not_picked":[],"picked":"Deadly Poison","floor":29},{"not_picked":[],"picked":"Backflip","floor":31},{"not_picked":[],"picked":"Envenom","floor":33},{"not_picked":[],"picked":"Bane","floor":34},{"not_picked":[],"picked":"Deflect+1","floor":35},{"not_picked":["Acrobatics+1"],"picked":"SKIP","floor":37},{"not_picked":[],"picked":"Acrobatics+1","floor":37},{"not_picked":["Dash"],"picked":"SKIP","floor":39},{"not_picked":[],"picked":"Dagger Spray+1","floor":41},{"not_picked":["Skewer"],"picked":"SKIP","floor":45},{"not_picked":[],"picked":"Calculated Gamble+1","floor":47},{"not_picked":[],"picked":"Deflect+1","floor":49}],"player_experience":516423,"potions_floor_usage":[3,8,16,20,24,28,29,31,33,35,38,41],"damage_taken":[{"damage":4,"enemies":"Jaw Worm","floor":1,"turns":6},{"damage":1,"enemies":"2 Louse","floor":2,"turns":4},{"damage":0,"enemies":"Small Slimes","floor":3,"turns":4},{"damage":0,"enemies":"Looter","floor":7,"turns":4},{"damage":7,"enemies":"Lots of Slimes","floor":8,"turns":7},{"damage":22,"enemies":"Gremlin Nob","floor":11,"turns":5},{"damage":4,"enemies":"Blue Slaver","floor":13,"turns":3},{"damage":20,"enemies":"Hexaghost","floor":16,"turns":9},{"damage":7,"enemies":"Spheric Guardian","floor":18,"turns":6},{"damage":0,"enemies":"3 Byrds","floor":20,"turns":2},{"damage":14,"enemies":"Snake Plant","floor":22,"turns":7},{"damage":12,"enemies":"Sentry and Sphere","floor":24,"turns":6},{"damage":0,"enemies":"3 Cultists","floor":27,"turns":5},{"damage":0,"enemies":"Snecko","floor":28,"turns":6},{"damage":0,"enemies":"Centurion and Healer","floor":29,"turns":7},{"damage":10,"enemies":"Sentry and Sphere","floor":31,"turns":6},{"damage":12,"enemies":"Automaton","floor":33,"turns":12},{"damage":4,"enemies":"Flame Bruiser 1 Orb","floor":35,"turns":6},{"damage":21,"enemies":"Orb Walker","floor":37,"turns":5},{"damage":2,"floor":38,"turns":8},{"damage":5,"enemies":"Flame Bruiser 2 Orb","floor":39,"turns":7},{"damage":0,"enemies":"Maw","floor":41,"turns":7},{"damage":37,"enemies":"Giant Head","floor":45,"turns":9},{"damage":1,"enemies":"Transient","floor":47,"turns":5},{"damage":56,"enemies":"Awakened One","floor":50,"turns":11}],"relics_obtained":[{"floor":9,"key":"Snake Skull"},{"floor":11,"key":"Happy Flower"},{"floor":26,"key":"Pear"},{"floor":38,"key":"Turnip"},{"floor":43,"key":"Dream Catcher"},{"floor":45,"key":"Juzu Bracelet"},{"floor":48,"key":"Orichalcum"}],"event_choices":[{"event_name":"Shining Light","player_choice":"Entered Light","floor":4,"damage_taken":0},{"event_name":"The Joust","player_choice":"Bet on Owner","floor":21,"damage_taken":0},{"event_name":"Falling","player_choice":"Removed Attack","floor":36,"damage_taken":0},{"event_name":"MindBloom","player_choice":"Fight","floor":38,"damage_taken":0}],"boss_relics":[{"not_picked":["Velvet Choker","Black Star"],"picked":"Busted Crown"},{"not_picked":["Runic Dome","White Beast Statue"],"picked":"Tiny House"}],"items_purged_floors":[5,19,46],"is_endless":false,"potions_floor_spawned":[1,3,11,16,18,20,22,28,29,35,39],"seed_played":"-2042253153425894247","killed_by":"Awakened One","ascension_level":7,"potions_obtained":[{"floor":1,"key":"Explosive Potion"},{"floor":3,"key":"SteroidPotion"},{"floor":11,"key":"Poison Potion"},{"floor":16,"key":"LiquidBronze"},{"floor":18,"key":"Ancient Potion"},{"floor":20,"key":"Weak Potion"},{"floor":22,"key":"AttackPotion"},{"floor":28,"key":"SpeedPotion"},{"floor":29,"key":"Regen Potion"},{"floor":34,"key":"Fruit Juice"},{"floor":35,"key":"Energy Potion"},{"floor":39,"key":"Regen Potion"}],"is_trial":false}