{"gold_per_floor":[218,237,255,47,47,47,64,64,64,64,64,95,105,116,116,215,215,231,241,316,241,261,290,290,290,290,304,323,333,283,300,300,403,403,417,717,727,376,376],"floor_reached":39,"playtime":1457,"items_purged":["Strike_R"],"score":430,"play_id":"620c27d3-0410-405e-b752-63ab57d9e849","local_time":"20181025185137","is_ascension_mode":false,"campfire_choices":[{"data":"Armaments","floor":6.0,"key":"SMITH"},{"data":"Demon Form","floor":8.0,"key":"SMITH"},{"data":"Shrug It Off","floor":10.0,"key":"SMITH"},{"data":"Heavy Blade","floor":15.0,"key":"SMITH"},{"floor":24.0,"key":"REST"},{"data":"Limit Break","floor":32.0,"key":"SMITH"}],"neow_cost":"NONE","seed_source_timestamp":95249391399710,"circlet_count":0,"master_deck":["Strike_R","Strike_R","Strike_R","Defend_R+1","Defend_R","Defend_R+1","Defend_R","Bash","Shrug It Off+1","Demon Form+1","Armaments+1","Heavy Blade+1","Shrug It Off","Limit Break+1"],"special_seed":0,"relics":["Black Blood","Centennial Puzzle","Matryoshka","Busted Crown","War Paint","Omamori","Darkstone Periapt","Old Coin","Membership Card","Lantern","Regal Pillow"],"potions_floor_usage":[39,39],"damage_taken":[{"damage":7.0,"enemies":"2 Louse","floor":1.0,"turns":3.0},{"damage":6.0,"enemies":"Jaw Worm","floor":2.0,"turns":3.0},{"damage":6.0,"enemies":"Cultist","floor":3.0,"turns":3.0},{"damage":7.0,"enemies":"3 Louse","floor":7.0,"turns":5.0},{"damage":20.0,"enemies":"3 Sentries","floor":12.0,"turns":7.0},{"damage":10.0,"enemies":"Lots of Slimes","floor":13.0,"turns":7.0},{"damage":0.0,"enemies":"Exordium Thugs","floor":14.0,"turns":4.0},{"damage":37.0,"enemies":"Slime Boss","floor":16.0,"turns":9.0},{"damage":2.0,"enemies":"Chosen","floor":18.0,"turns":5.0},{"damage":12.0,"enemies":"Shell Parasite","floor":19.0,"turns":6.0},{"damage":30.0,"enemies":"Cultist and Chosen","floor":22.0,"turns":10.0},{"damage":28.0,"enemies":"Slavers","floor":23.0,"turns":5.0},{"damage":7.0,"enemies":"Centurion and Healer","floor":27.0,"turns":7.0},{"damage":12.0,"enemies":"Snake Plant","floor":28.0,"turns":5.0},{"damage":5.0,"enemies":"Shelled Parasite and Fungi","floor":29.0,"turns":5.0},{"damage":5.0,"enemies":"3 Cultists","floor":31.0,"turns":5.0},{"damage":15.0,"enemies":"Automaton","floor":33.0,"turns":6.0},{"damage":9.0,"enemies":"Orb Walker","floor":35.0,"turns":5.0},{"damage":27.0,"enemies":"Mind Bloom Boss Battle","floor":36.0,"turns":6.0},{"damage":55.0,"enemies":"3 Darklings","floor":37.0,"turns":6.0},{"damage":33,"enemies":"4 Shapes","floor":39,"turns":3}],"seed_played":"5918887544775997659","potions_obtained":[{"floor":2.0,"key":"Fire Potion"},{"floor":3.0,"key":"FearPotion"},{"floor":12.0,"key":"Fire Potion"},{"floor":27.0,"key":"PowerPotion"},{"floor":29.0,"key":"SneckoOil"},{"floor":31.0,"key":"Energy Potion"},{"floor":37.0,"key":"Explosive Potion"}],"is_trial":false,"path_per_floor":["M","M","M","$","?","R","M","R","T","R","?","E","M","M","R","B",null,"M","M","?","$","M","E","R","$","T","M","M","M","?","M","R","B",null,"M","?","M","$"],"character_chosen":"IRONCLAD","items_purchased":["Demon Form","Armaments","Membership Card","Lantern","Regal Pillow"],"campfire_rested":1,"item_purchase_floors":[4,4,38,38,38],"current_hp_per_floor":[79,79,79,79,79,79,78,78,78,78,78,64,60,66,66,35,80,80,74,66,66,42,20,44,44,44,43,37,38,38,39,39,30,80,80,63,18,18,0],"gold":376,"neow_bonus":"HUNDRED_GOLD","is_prod":false,"is_daily":false,"chose_seed":false,"campfire_upgraded":5,"win_rate":0,"timestamp":1540482697,"path_taken":["M","M","M","$","?","R","M","R","T","R","?","E","M","M","R","BOSS","M","M","?","$","?","E","R","$","T","M","M","M","?","M","R","BOSS","M","?","M","$","M"],"build_version":"2018-10-18","purchased_purges":1,"victory":false,"max_hp_per_floor":[80,80,80,80,80,80,80,80,80,80,80,80,80,80,80,80,80,80,80,80,80,80,80,80,80,80,80,80,80,80,80,80,80,80,80,80,80,80,80],"card_choices":[{"not_picked":["Thunderclap","Flex","Carnage"],"picked":"SKIP","floor":1.0},{"not_picked":["Feel No Pain","Burning Pact"],"picked":"Shrug It Off","floor":2.0},{"not_picked":["Warcry","True Grit","Cleave"],"picked":"SKIP","floor":3.0},{"not_picked":["Whirlwind","Flex","Wild Strike"],"picked":"SKIP","floor":7.0},{"not_picked":["Pommel Strike","Rupture"],"picked":"Heavy Blade","floor":12.0},{"not_picked":["Ghostly Armor","Sword Boomerang"],"picked":"Shrug It Off","floor":13.0},{"not_picked":["Wild Strike","Pommel Strike","Iron Wave"],"picked":"SKIP","floor":14.0},{"not_picked":["Dark Embrace","Double Tap"],"picked":"Limit Break","floor":16.0},{"not_picked":["Wild Strike"],"picked":"SKIP","floor":18.0},{"not_picked":["Cleave"],"picked":"SKIP","floor":19.0},{"not_picked":["Thunderclap"],"picked":"SKIP","floor":22.0},{"not_picked":["Twin Strike"],"picked":"SKIP","floor":23.0},{"not_picked":["Combust"],"picked":"SKIP","floor":27.0},{"not_picked":["Clothesline"],"picked":"SKIP","floor":28.0},{"not_picked":["Pummel"],"picked":"SKIP","floor":29.0},{"not_picked":["Carnage"],"picked":"SKIP","floor":31.0},{"not_picked":["Hemokinesis"],"picked":"SKIP","floor":35.0},{"not_picked":["Headbutt+1"],"picked":"SKIP","floor":37.0}],"player_experience":433619,"relics_obtained":[{"floor":9.0,"key":"Centennial Puzzle"},{"floor":12.0,"key":"Matryoshka"},{"floor":23.0,"key":"War Paint"},{"floor":26.0,"key":"Omamori"},{"floor":26.0,"key":"Darkstone Periapt"},{"floor":36.0,"key":"Old Coin"}],"event_choices":[{"damage_healed":0.0,"max_hp_gain":0.0,"max_hp_loss":0.0,"gold_gain":0.0,"event_name":"The Cleric","player_choice":"Leave","floor":5.0,"gold_loss":0.0,"damage_taken":0.0},{"cards_removed":["Strike_R"],"damage_healed":0.0,"max_hp_gain":0.0,"max_hp_loss":0.0,"gold_gain":0.0,"event_name":"Living Wall","player_choice":"Forget","floor":11.0,"gold_loss":0.0,"damage_taken":0.0},{"damage_healed":0.0,"max_hp_gain":0.0,"max_hp_loss":0.0,"gold_gain":75.0,"event_name":"FaceTrader","player_choice":"Touch","floor":20.0,"gold_loss":0.0,"damage_taken":8.0},{"damage_healed":0.0,"max_hp_gain":0.0,"max_hp_loss":0.0,"gold_gain":0.0,"event_name":"The Joust","player_choice":"Bet on Owner","floor":30.0,"gold_loss":50.0,"damage_taken":0.0},{"damage_healed":0.0,"max_hp_gain":0.0,"max_hp_loss":0.0,"gold_gain":0.0,"event_name":"MindBloom","player_choice":"Fight","floor":36.0,"gold_loss":0.0,"damage_taken":0.0}],"is_beta":false,"boss_relics":[{"not_picked":["Cursed Key","Orrery"],"picked":"Busted Crown"},{"not_picked":["Philosopher\u0027s Stone","Runic Dome"],"picked":"Black Blood"}],"items_purged_floors":[21],"is_endless":false,"potions_floor_spawned":[2,3,12,16,27,29,31,37],"killed_by":"4 Shapes","ascension_level":0}