{"path_per_floor":["M","?","$","M","?","R","?","M","T","M","R","?","M","M","R","B",null,"M","$","M","?","M","R","?","M","T","M","R","M","R","T","R","B",null,"M","?","?","?","$","R","M","M","T","M","$","M","R","?","R","B"],"character_chosen":"THE_SILENT","items_purchased":["Escape Plan","Bandage Up","Explosive Potion","Dexterity Potion","Deflect"],"gold_per_floor":[114,114,4,22,22,22,87,97,97,116,116,116,126,138,138,240,240,250,0,13,13,29,29,29,44,44,55,55,66,66,66,66,165,195,212,212,212,212,87,87,104,121,121,137,35,46,46,46,46,46],"floor_reached":51,"campfire_rested":1,"playtime":6337,"current_hp_per_floor":[58,58,58,58,58,58,41,41,41,41,41,64,70,65,65,26,70,53,53,42,26,37,37,28,32,32,36,36,40,40,40,40,20,80,80,80,70,70,70,70,70,63,63,58,58,48,48,48,72,58],"items_purged":["Strike_G","Strike_G","Decay"],"gold":46,"play_id":"c56d7c57-87f6-4d8d-997d-fc74768e5192","is_prod":false,"is_daily":false,"is_ascension_mode":true,"campfire_upgraded":8,"path_taken":["M","?","$","M","?","R","?","M","T","M","R","?","M","M","R","BOSS","M","$","M","?","M","R","?","M","T","M","R","M","R","?","R","BOSS","M","?","?","?","$","R","M","M","T","M","$","M","R","?","R","BOSS"],"build_version":"2018-01-26-BETA1","purchased_purges":3,"victory":true,"master_deck":["Defend_G","Defend_G","Defend_G","Defend_G","Strike_G","Strike_G+1","Survivor+1","Neutralize+1","Acrobatics","Sucker Punch+1","Escape Plan","Endless Agony+1","Accuracy+1","Expertise+1","Choke+1","Blade Dance+1","Tools of the Trade","Dash+1","Bandage Up","Blur+1","Backflip","Blur+1","Parasite","Reflex+1","A Thousand Cuts+1","Terror+1","Finisher","Madness","Madness","Blade Dance+1","Underhanded Strike","Deflect","Escape Plan"],"max_hp_per_floor":[70,70,70,70,70,70,70,70,70,70,70,70,70,70,70,70,70,70,70,70,70,70,70,75,75,75,75,75,75,75,75,75,75,80,80,80,80,80,80,80,80,80,80,80,80,80,80,80,80,80],"relics":["Ring of the Snake","Centennial Puzzle","Girya","Cursed Key","Nilry\u0027s Codex","Torii","Whetstone","Tiny House","Peace Pipe"],"card_choices":[{"not_picked":["Deadly Poison","Riddle With Holes"],"picked":"Acrobatics"},{"not_picked":["Sucker Punch","Poisoned Stab"],"picked":"Endless Agony"},{"not_picked":["Underhanded Strike","Dash"],"picked":"Accuracy"},{"not_picked":["Bane","Outmaneuver"],"picked":"Expertise"},{"not_picked":["Skewer","Eviscerate"],"picked":"Choke"},{"not_picked":["Distraction","Terror"],"picked":"Blade Dance"},{"not_picked":["Burst","Bullet Time"],"picked":"Tools of the Trade"},{"not_picked":["Deadly Poison","Acrobatics"],"picked":"Dash"},{"not_picked":["Acrobatics","Skewer"],"picked":"Blur"},{"not_picked":["Acrobatics","Catalyst"],"picked":"Backflip"},{"not_picked":["Flechettes","Distraction"],"picked":"Blur"},{"not_picked":["Predator","Corpse Explosion"],"picked":"Reflex"},{"not_picked":["Venomology","Burst"],"picked":"A Thousand Cuts"},{"not_picked":["Well Laid Plans","Bane"],"picked":"Terror"},{"not_picked":["Masterful Stab","Accuracy"],"picked":"Blade Dance"},{"not_picked":["Poisoned Stab","Well Laid Plans"],"picked":"Underhanded Strike"},{"not_picked":["Dash","Bane"],"picked":"Escape Plan"}],"player_experience":56332,"potions_floor_usage":[7,13,14,16,22,22,25,25,33,33,35,41,46,50,50,50],"damage_taken":[{"damage":12,"enemies":"Jaw Worm","floor":1,"turns":9},{"damage":0,"enemies":"Cultist","floor":4,"turns":4},{"damage":17,"enemies":"3 Sentries","floor":7,"turns":9},{"damage":0,"enemies":"Blue Slaver","floor":8,"turns":5},{"damage":0,"enemies":"3 Louse","floor":10,"turns":6},{"damage":4,"enemies":"2 Fungi Beasts","floor":13,"turns":5},{"damage":5,"enemies":"Exordium Wildlife","floor":14,"turns":7},{"damage":48,"enemies":"Hexaghost","floor":16,"turns":13},{"damage":17,"enemies":"Spheric Guardian","floor":18,"turns":4},{"damage":15,"enemies":"Chosen","floor":20,"turns":5},{"damage":5,"enemies":"3 Cultists","floor":22,"turns":5},{"damage":0,"enemies":"Centurion and Healer","floor":25,"turns":5},{"damage":0,"enemies":"Chosen and Byrds","floor":27,"turns":8},{"damage":0,"enemies":"Snecko","floor":29,"turns":5},{"damage":24,"enemies":"Collector","floor":33,"turns":13},{"damage":1,"enemies":"3 Shapes","floor":35,"turns":8},{"damage":0,"enemies":"3 Darklings","floor":41,"turns":3},{"damage":11,"enemies":"Spire Growth","floor":42,"turns":5},{"damage":9,"enemies":"4 Shapes","floor":44,"turns":6},{"damage":14,"enemies":"Maw","floor":46,"turns":6},{"damage":18,"enemies":"Donu and Deca","floor":50,"turns":12}],"event_choices":[{"event_name":"Living Wall","player_choice":"Change","floor":2,"damage_taken":0},{"event_name":"Accursed Blacksmith","player_choice":"Forge","floor":5,"damage_taken":0},{"event_name":"Dead Adventurer","player_choice":"Searched \u00271\u0027 times","floor":7,"damage_taken":0},{"event_name":"Big Fish","player_choice":"Banana","floor":12,"damage_taken":0},{"event_name":"Cursed Tome","player_choice":"Obtained Book","floor":21,"damage_taken":0},{"event_name":"Forgotten Altar","player_choice":"Shed Blood","floor":24,"damage_taken":0},{"event_name":"Transmorgrifier","player_choice":"Transform","floor":36,"damage_taken":0},{"event_name":"Winding Halls","player_choice":"Embrace Madness","floor":37,"damage_taken":0},{"event_name":"Mysterious Sphere","player_choice":"Ignore","floor":38,"damage_taken":0},{"event_name":"Upgrade Shrine","player_choice":"Upgraded","floor":48,"damage_taken":0}],"boss_relics":[{"not_picked":["Lizard Tail","Philosopher\u0027s Stone"],"picked":"Cursed Key"},{"not_picked":["Calling Bell","Runic Dome"],"picked":"Tiny House"}],"potions_floor_spawned":[4,8,10,13,16,20,22,29,33,41,42,46],"seed_played":"4720646424018050579","ascension_level":3,"is_trial":false}