{"gold_per_floor":[110,127,52,52,52,52,83,83,83,102,102,102,130,143,143,239,239,239,58,58,58,58,58,58,58,58,58,35,35,35,35,35,35,35,35,35,35,35,35,35,35,35,35,35,35,35,35,35,35,35],"floor_reached":51,"playtime":1794,"items_purged":["Strike_R","Strike_R"],"score":707,"play_id":"4fca8a65-66b1-418f-8f3a-07771ce49762","local_time":"20190713233003","is_ascension_mode":false,"campfire_choices":[{"data":"Uppercut","floor":6.0,"key":"SMITH"},{"data":"Reaper","floor":8.0,"key":"SMITH"},{"data":"Defend_R","floor":12.0,"key":"SMITH"},{"data":"Defend_R","floor":15.0,"key":"SMITH"},{"data":"Uppercut","floor":23.0,"key":"SMITH"},{"data":"Defend_R","floor":27.0,"key":"SMITH"},{"data":"Defend_R","floor":29.0,"key":"SMITH"},{"data":"Battle Trance","floor":32.0,"key":"SMITH"},{"data":"Demon Form","floor":40,"key":"SMITH"},{"data":"Enlightenment","floor":46,"key":"SMITH"},{"data":"Clothesline","floor":49,"key":"SMITH"}],"neow_cost":"NONE","seed_source_timestamp":256339359698500,"circlet_count":0,"master_deck":["Strike_R","Strike_R+1","Defend_R+1","Defend_R+1","Defend_R+1","Defend_R+1","Bash+1","Reaper+1","Uppercut+1","Dropkick","Shrug It Off+1","Uppercut+1","Battle Trance+1","Clash","Rage+1","Demon Form+1","Rage+1","Enlightenment+1","Flash of Steel","Shockwave+1","Clothesline+1"],"special_seed":0,"relics":["Burning Blood","Art of War","Centennial Puzzle","Ornamental Fan","Ectoplasm","Unceasing Top","StoneCalendar","Coffee Dripper","Letter Opener","Red Skull"],"potions_floor_usage":[50],"damage_taken":[{"damage":6.0,"enemies":"Cultist","floor":1.0,"turns":4.0},{"damage":0.0,"enemies":"2 Louse","floor":2.0,"turns":3.0},{"damage":31.0,"enemies":"Lagavulin","floor":7.0,"turns":5.0},{"damage":3.0,"enemies":"Jaw Worm","floor":10.0,"turns":2.0},{"damage":6.0,"enemies":"Gremlin Nob","floor":13.0,"turns":3.0},{"damage":10.0,"enemies":"Exordium Thugs","floor":14.0,"turns":5.0},{"damage":45.0,"enemies":"Hexaghost","floor":16.0,"turns":12.0},{"damage":13.0,"enemies":"3 Byrds","floor":18.0,"turns":8.0},{"damage":6.0,"enemies":"Shell Parasite","floor":20.0,"turns":6.0},{"damage":20.0,"enemies":"Shelled Parasite and Fungi","floor":21.0,"turns":5.0},{"damage":20.0,"enemies":"3 Cultists","floor":22.0,"turns":6.0},{"damage":13.0,"enemies":"Book of Stabbing","floor":24.0,"turns":5.0},{"damage":4.0,"enemies":"Chosen and Byrds","floor":30.0,"turns":5.0},{"damage":3.0,"enemies":"Snake Plant","floor":31.0,"turns":5.0},{"damage":12.0,"enemies":"Automaton","floor":33.0,"turns":11.0},{"damage":0.0,"enemies":"3 Shapes","floor":35.0,"turns":6.0},{"damage":0.0,"enemies":"3 Darklings","floor":37.0,"turns":7.0},{"damage":20,"enemies":"Sphere and 2 Shapes","floor":39,"turns":6},{"damage":7,"enemies":"Writhing Mass","floor":41,"turns":4},{"damage":22,"enemies":"4 Shapes","floor":42,"turns":7},{"damage":14,"enemies":"Nemesis","floor":45,"turns":5},{"damage":0,"enemies":"Maw","floor":48,"turns":5},{"damage":33,"enemies":"Donu and Deca","floor":50,"turns":7}],"seed_played":"-3520499768273087435","potions_obtained":[{"floor":1.0,"key":"Fire Potion"},{"floor":2.0,"key":"BloodPotion"},{"floor":13.0,"key":"PowerPotion"},{"floor":24.0,"key":"AttackPotion"},{"floor":39,"key":"SpeedPotion"}],"is_trial":false,"path_per_floor":["M","M","$","?","?","R","E","R","T","M","?","R","E","M","R","B",null,"M","$","M","M","M","R","E","?","T","R","$","R","M","M","R","B",null,"M","?","M","?","M","R","M","M","T","?","E","R","$","M","R","B",null],"character_chosen":"IRONCLAD","items_purchased":["Uppercut","Clash"],"campfire_rested":0,"item_purchase_floors":[19,28],"current_hp_per_floor":[80,80,80,80,64,64,43,43,43,53,53,53,53,59,59,27,80,77,77,80,67,66,66,66,66,66,66,66,66,75,80,80,74,80,80,70,80,80,66,66,69,63,63,63,67,67,67,80,80,65],"gold":35,"neow_bonus":"ONE_RANDOM_RARE_CARD","is_prod":false,"is_daily":false,"chose_seed":false,"campfire_upgraded":11,"win_rate":0,"timestamp":1563049803,"path_taken":["M","M","$","?","?","R","E","R","T","M","?","R","E","M","R","BOSS","M","$","M","M","M","R","E","?","T","R","?","R","M","?","R","BOSS","M","?","M","?","M","R","M","M","T","?","E","R","$","M","R","BOSS"],"build_version":"2019-07-05","purchased_purges":2,"victory":true,"max_hp_per_floor":[80,80,80,80,80,80,80,80,80,80,80,80,80,80,80,80,80,80,80,80,80,80,80,80,80,80,80,80,80,80,80,80,80,80,80,80,80,80,80,80,80,80,80,80,80,80,80,80,80,80],"card_choices":[{"not_picked":["Power Through","Flex","Clash"],"picked":"SKIP","floor":1.0},{"not_picked":["Pummel","Armaments"],"picked":"Uppercut","floor":2.0},{"not_picked":["Blood for Blood","Cleave"],"picked":"Dropkick","floor":7.0},{"not_picked":["Body Slam","Thunderclap"],"picked":"Shrug It Off","floor":10.0},{"not_picked":["Dropkick","Anger","Shockwave"],"picked":"SKIP","floor":13.0},{"not_picked":["Clash","Perfected Strike","Dark Embrace"],"picked":"SKIP","floor":14.0},{"not_picked":["Havoc","Rupture","Intimidate"],"picked":"SKIP","floor":18.0},{"not_picked":["Blood for Blood+1","Feel No Pain+1","True Grit"],"picked":"SKIP","floor":20.0},{"not_picked":["Headbutt","Flame Barrier"],"picked":"Battle Trance","floor":21.0},{"not_picked":["Twin Strike","Searing Blow","Pommel Strike"],"picked":"SKIP","floor":22.0},{"not_picked":["Wild Strike+1","Sever Soul","Anger"],"picked":"SKIP","floor":24.0},{"not_picked":["Exhume","Blood for Blood+1"],"picked":"Rage+1","floor":30.0},{"not_picked":["Heavy Blade","Power Through+1","Warcry"],"picked":"SKIP","floor":31.0},{"not_picked":["Limit Break","Immolate"],"picked":"Demon Form","floor":33.0},{"not_picked":["Thunderclap+1","Flex"],"picked":"Rage+1","floor":35.0},{"not_picked":["Jack Of All Trades","Deep Breath"],"picked":"Enlightenment","floor":36.0},{"not_picked":["Finesse","Magnetism"],"picked":"Flash of Steel","floor":36.0},{"not_picked":["Body Slam","Sever Soul+1","Warcry"],"picked":"SKIP","floor":37.0},{"not_picked":["Pummel","Inflame+1","Thunderclap+1"],"picked":"SKIP","floor":39},{"not_picked":["Seeing Red","Battle Trance","Armaments+1"],"picked":"SKIP","floor":41},{"not_picked":["Clash+1","Inflame+1","Warcry+1"],"picked":"SKIP","floor":42},{"not_picked":["Wild Strike+1","Thunderclap"],"picked":"Shockwave+1","floor":45},{"not_picked":["Perfected Strike","Pommel Strike","Clothesline"],"picked":"SKIP","floor":48},{"not_picked":["Perfected Strike","Pommel Strike"],"picked":"Clothesline","floor":48}],"player_experience":705428,"relics_obtained":[{"floor":7.0,"key":"Art of War"},{"floor":9.0,"key":"Centennial Puzzle"},{"floor":13.0,"key":"Ornamental Fan"},{"floor":24.0,"key":"Unceasing Top"},{"floor":26.0,"key":"StoneCalendar"},{"floor":43,"key":"Letter Opener"},{"floor":45,"key":"Red Skull"}],"event_choices":[{"damage_healed":0.0,"max_hp_gain":0.0,"max_hp_loss":0.0,"gold_gain":0.0,"event_name":"The Cleric","player_choice":"Leave","floor":4.0,"gold_loss":0.0,"damage_taken":0.0},{"damage_healed":0.0,"max_hp_gain":0.0,"max_hp_loss":0.0,"gold_gain":0.0,"event_name":"Shining Light","player_choice":"Entered Light","floor":5.0,"gold_loss":0.0,"damage_taken":16.0,"cards_upgraded":["Strike_R","Bash"]},{"damage_healed":0.0,"max_hp_gain":0.0,"max_hp_loss":0.0,"gold_gain":0.0,"event_name":"Living Wall","player_choice":"Grow","floor":11.0,"gold_loss":0.0,"damage_taken":0.0,"cards_upgraded":["Shrug It Off"]},{"cards_removed":["Strike_R"],"damage_healed":0.0,"max_hp_gain":0.0,"max_hp_loss":0.0,"gold_gain":0.0,"event_name":"Purifier","player_choice":"Purged","floor":25.0,"gold_loss":0.0,"damage_taken":0.0},{"damage_healed":0.0,"max_hp_gain":0.0,"max_hp_loss":0.0,"gold_gain":0.0,"event_name":"SensoryStone","player_choice":"Memory 3","floor":36.0,"gold_loss":0.0,"damage_taken":10.0},{"damage_healed":0,"gold_gain":0,"player_choice":"Ignored","damage_taken":0,"max_hp_gain":0,"max_hp_loss":0,"event_name":"Mysterious Sphere","floor":38,"gold_loss":0},{"damage_healed":0,"gold_gain":0,"player_choice":"Ignored","damage_taken":0,"max_hp_gain":0,"max_hp_loss":0,"event_name":"SecretPortal","floor":44,"gold_loss":0}],"is_beta":false,"boss_relics":[{"not_picked":["Black Blood","Empty Cage"],"picked":"Ectoplasm"},{"not_picked":["Runic Cube","Astrolabe"],"picked":"Coffee Dripper"}],"items_purged_floors":[3,19],"is_endless":false,"potions_floor_spawned":[1,2,13,14,18,21,24,30,39,41,48],"ascension_level":0}