{"gold_per_floor":[116,133,133,133,133,133,151,151,174,174,31,57,57,76,76,76],"floor_reached":16,"playtime":484,"items_purged":[],"score":98,"play_id":"b0170913-9a85-49e7-854e-6e925c4eb004","local_time":"20181110131825","is_ascension_mode":false,"campfire_choices":[{"data":"Barricade","floor":6.0,"key":"SMITH"},{"data":"Shrug It Off","floor":8.0,"key":"SMITH"},{"data":"Defend_R","floor":10.0,"key":"SMITH"},{"data":"Bash","floor":13.0,"key":"SMITH"},{"data":"Defend_R","floor":15,"key":"SMITH"}],"neow_cost":"NONE","seed_source_timestamp":184571232509506,"circlet_count":0,"master_deck":["Strike_R","Strike_R","Strike_R","Strike_R","Strike_R","Defend_R","Defend_R","Defend_R+1","Defend_R+1","Bash+1","Barricade+1","Shrug It Off+1"],"special_seed":0,"relics":["Burning Blood","Omamori","Anchor","Paper Frog"],"potions_floor_usage":[16,16],"damage_taken":[{"damage":0.0,"enemies":"2 Louse","floor":1.0,"turns":3.0},{"damage":6.0,"enemies":"Cultist","floor":2.0,"turns":3.0},{"damage":10.0,"enemies":"Jaw Worm","floor":7.0,"turns":4.0},{"damage":14.0,"enemies":"3 Sentries","floor":12.0,"turns":12.0},{"damage":0.0,"enemies":"Red Slaver","floor":14.0,"turns":5.0},{"damage":66,"enemies":"Slime Boss","floor":16,"turns":20}],"seed_played":"5885609937373122054","potions_obtained":[{"floor":1.0,"key":"Energy Potion"},{"floor":7.0,"key":"AttackPotion"},{"floor":12.0,"key":"Swift Potion"}],"is_trial":false,"path_per_floor":["M","M","$","?","$","R","M","R","T","R","$","E","R","M","M","R","B"],"character_chosen":"IRONCLAD","items_purchased":["Anchor"],"campfire_rested":0,"item_purchase_floors":[11],"current_hp_per_floor":[80,80,80,80,80,80,76,76,76,76,76,68,68,74,74,8],"gold":76,"neow_bonus":"ONE_RANDOM_RARE_CARD","is_prod":false,"is_daily":false,"chose_seed":false,"campfire_upgraded":5,"win_rate":0,"timestamp":1541848705,"path_taken":["M","M","$","?","$","R","?","R","T","R","$","E","R","M","R","BOSS"],"build_version":"2018-11-08","purchased_purges":0,"victory":false,"max_hp_per_floor":[80,80,80,80,80,80,80,80,80,80,80,80,80,80,80,80],"card_choices":[{"not_picked":["Bloodletting","Warcry","Rage"],"picked":"SKIP","floor":1.0},{"not_picked":["Rage","Sever Soul","Wild Strike"],"picked":"SKIP","floor":2.0},{"not_picked":["Warcry","Dual Wield"],"picked":"Shrug It Off","floor":7.0},{"not_picked":["Cleave","Wild Strike","Corruption"],"picked":"SKIP","floor":12.0},{"not_picked":["Flex","Searing Blow","Clash"],"picked":"SKIP","floor":14}],"player_experience":454459,"relics_obtained":[{"floor":9.0,"key":"Omamori"},{"floor":12.0,"key":"Paper Frog"}],"event_choices":[{"damage_healed":0.0,"max_hp_gain":0.0,"max_hp_loss":0.0,"gold_gain":0.0,"event_name":"The Woman in Blue","player_choice":"Bought 0 Potions","floor":4.0,"gold_loss":0.0,"damage_taken":0.0}],"is_beta":false,"boss_relics":[],"items_purged_floors":[],"is_endless":false,"potions_floor_spawned":[1,7,12],"killed_by":"Slime Boss","ascension_level":0}