{"gold_per_floor":[116,116,66,83,15,15,31,44,44,73,73,107,125,142,142,245,245,261,273,273,25,36,36,47,66,93,18,18,50,68,93,93,193,193,204,250,11,31,31,42,42,62,112,112,122,122,122,134,134,134],"floor_reached":50,"playtime":1164,"items_purged":["Doubt"],"score":521,"play_id":"2e1242f6-5c5b-4233-80c8-dc4422cdb96a","local_time":"20190707194043","is_ascension_mode":false,"campfire_choices":[{"data":"Whirlwind","floor":6,"key":"SMITH"},{"data":"Double Tap","floor":15,"key":"SMITH"},{"data":"Rage","floor":23,"key":"SMITH"},{"data":"Bash","floor":32,"key":"SMITH"},{"data":"1","floor":44,"key":"LIFT"},{"data":"2","floor":46,"key":"LIFT"},{"data":"3","floor":49,"key":"LIFT"}],"neow_cost":"NONE","seed_source_timestamp":70358974018199,"circlet_count":0,"master_deck":["Strike_R+1","Strike_R+1","Strike_R+1","Strike_R+1","Defend_R+1","Defend_R+1","Defend_R+1","Defend_R+1","Bash+1","Rage+1","Thunderclap+1","Whirlwind+1","Double Tap+1","Dropkick+1","Evolve+1","Thunderclap+1","Regret","Fiend Fire+1","Battle Trance+1"],"special_seed":0,"relics":["Burning Blood","Bag of Preparation","Pantograph","Bottled Flame","Cursed Key","Shuriken","PreservedInsect","Magic Flower","Paper Frog","Coffee Dripper","Girya","Meat on the Bone","Art of War","Mark of the Bloom"],"potions_floor_usage":[8,30,33,33,50,50],"damage_taken":[{"damage":2.0,"enemies":"2 Louse","floor":1.0,"turns":4.0},{"damage":2,"enemies":"Cultist","floor":4,"turns":5},{"damage":6,"enemies":"Small Slimes","floor":7,"turns":3},{"damage":4,"enemies":"Looter","floor":8,"turns":2},{"damage":18,"enemies":"3 Sentries","floor":10,"turns":4},{"damage":27,"enemies":"Gremlin Nob","floor":12,"turns":4},{"damage":0,"enemies":"Exordium Wildlife","floor":13,"turns":1},{"damage":6,"enemies":"Red Slaver","floor":14,"turns":3},{"damage":16,"enemies":"Slime Boss","floor":16,"turns":7},{"damage":17,"enemies":"2 Thieves","floor":18,"turns":2},{"damage":5,"enemies":"Shell Parasite","floor":19,"turns":4},{"damage":12,"enemies":"3 Cultists","floor":22,"turns":3},{"damage":10,"enemies":"Snecko","floor":24,"turns":4},{"damage":4,"enemies":"Centurion and Healer","floor":25,"turns":3},{"damage":0,"enemies":"Gremlin Leader","floor":29,"turns":4},{"damage":39,"enemies":"Snake Plant","floor":30,"turns":5},{"damage":31,"enemies":"Book of Stabbing","floor":31,"turns":4},{"damage":96,"enemies":"Automaton","floor":33,"turns":9},{"damage":21,"enemies":"3 Shapes","floor":35,"turns":1},{"damage":30,"enemies":"2 Orb Walkers","floor":36,"turns":3},{"damage":0,"enemies":"3 Darklings","floor":38,"turns":1},{"damage":17,"enemies":"Writhing Mass","floor":40,"turns":5},{"damage":0,"enemies":"Jaw Worm Horde","floor":42,"turns":1},{"damage":17,"enemies":"Transient","floor":45,"turns":5},{"damage":24,"enemies":"4 Shapes","floor":48,"turns":1},{"damage":46,"enemies":"Awakened One","floor":50,"turns":5}],"seed_played":"-456498912185613020","potions_obtained":[{"floor":1.0,"key":"BloodPotion"},{"floor":2.0,"key":"BloodPotion"},{"floor":2.0,"key":"Energy Potion"},{"floor":16,"key":"Ancient Potion"},{"floor":30,"key":"GamblersBrew"},{"floor":31,"key":"Explosive Potion"},{"floor":42,"key":"SpeedPotion"}],"is_trial":false,"path_per_floor":["M","?","$","M","$","R","M","M","T","E","?","E","M","M","R","B",null,"M","M","?","$","M","R","M","M","T","$","?","E","M","E","R","B",null,"M","?","$","M","$","M","?","M","T","R","M","R","?","M","R","B"],"character_chosen":"IRONCLAD","items_purchased":["Thunderclap","Whirlwind","Shuriken","Meat on the Bone"],"campfire_rested":0,"item_purchase_floors":[3,5,21,37],"current_hp_per_floor":[88,88,88,88,88,88,88,88,88,76,69,48,54,54,54,69,88,77,78,78,78,72,72,68,70,70,70,70,76,79,57,57,34,88,76,55,55,64,64,56,56,65,65,65,57,57,57,33,33,0],"gold":134,"neow_bonus":"TEN_PERCENT_HP_BONUS","is_prod":false,"is_daily":false,"chose_seed":false,"campfire_upgraded":4,"win_rate":0,"timestamp":1562517643,"path_taken":["M","?","$","?","$","R","M","M","T","E","?","E","M","M","R","BOSS","M","M","?","$","M","R","M","M","T","$","?","E","M","E","R","BOSS","M","?","$","M","$","M","?","?","T","R","M","R","?","M","R","BOSS"],"build_version":"2019-07-05","purchased_purges":1,"victory":false,"max_hp_per_floor":[88,88,88,88,88,88,88,88,88,88,88,88,88,88,88,88,88,88,88,88,88,88,88,88,88,88,88,88,88,88,88,88,88,88,88,88,88,88,88,88,85,85,85,85,85,85,85,85,85,85],"card_choices":[{"not_picked":["Infernal Blade","Hemokinesis"],"picked":"Rage","floor":1.0},{"not_picked":["Headbutt","Heavy Blade","True Grit"],"picked":"SKIP","floor":4},{"not_picked":["Rage","Bloodletting","Wild Strike"],"picked":"SKIP","floor":7},{"not_picked":["Feel No Pain","Havoc","Carnage"],"picked":"SKIP","floor":8},{"not_picked":["Blood for Blood","Fire Breathing","Bloodletting"],"picked":"SKIP","floor":10},{"not_picked":["Twin Strike","Shrug It Off"],"picked":"Double Tap","floor":12},{"not_picked":["Havoc","Blood for Blood","Warcry"],"picked":"SKIP","floor":13},{"not_picked":["Clothesline","Body Slam"],"picked":"Dropkick","floor":14},{"not_picked":["Armaments","Power Through"],"picked":"Evolve","floor":18},{"not_picked":["True Grit+1","Wild Strike","Perfected Strike"],"picked":"SKIP","floor":19},{"not_picked":["Pummel","Wild Strike","Evolve"],"picked":"SKIP","floor":22},{"not_picked":["Bloodletting","Heavy Blade","Anger+1"],"picked":"SKIP","floor":24},{"not_picked":["Sever Soul","Thunderclap","Seeing Red"],"picked":"SKIP","floor":25},{"not_picked":["Flame Barrier","Clash+1","Ghostly Armor"],"picked":"SKIP","floor":29},{"not_picked":["Cleave","Heavy Blade","Armaments"],"picked":"SKIP","floor":30},{"not_picked":["Rampage+1","Cleave","Power Through"],"picked":"SKIP","floor":31},{"not_picked":["Flame Barrier+1","Shrug It Off","Heavy Blade"],"picked":"SKIP","floor":35},{"not_picked":["Armaments+1","Bloodletting+1"],"picked":"Thunderclap+1","floor":36},{"not_picked":["Rampage","Shrug It Off","Pummel+1"],"picked":"SKIP","floor":38},{"not_picked":["Infernal Blade+1","Body Slam","Power Through+1"],"picked":"SKIP","floor":40},{"not_picked":["Evolve+1","Perfected Strike+1","Anger"],"picked":"SKIP","floor":42},{"not_picked":["Shrug It Off","Pommel Strike"],"picked":"Fiend Fire","floor":45},{"not_picked":["Iron Wave+1","Feel No Pain"],"picked":"Battle Trance+1","floor":48}],"player_experience":686388,"relics_obtained":[{"floor":9,"key":"Bag of Preparation"},{"floor":10,"key":"Pantograph"},{"floor":12,"key":"Bottled Flame"},{"floor":26,"key":"PreservedInsect"},{"floor":29,"key":"Magic Flower"},{"floor":31,"key":"Paper Frog"},{"floor":36,"key":"Girya"},{"floor":43,"key":"Art of War"}],"event_choices":[{"damage_healed":0.0,"max_hp_gain":0.0,"max_hp_loss":0.0,"gold_gain":0.0,"event_name":"Lab","player_choice":"Got Potions","floor":2.0,"gold_loss":0.0,"damage_taken":0.0},{"cards_removed":["Strike_R"],"damage_healed":0,"gold_gain":0,"player_choice":"Card Removal","damage_taken":7,"max_hp_gain":0,"max_hp_loss":0,"event_name":"Golden Wing","floor":11,"gold_loss":0},{"damage_healed":0,"gold_gain":0,"player_choice":"Ignored","damage_taken":0,"max_hp_gain":0,"max_hp_loss":0,"event_name":"Ghosts","floor":20,"gold_loss":0},{"damage_healed":0,"gold_gain":0,"player_choice":"Upgraded","damage_taken":0,"max_hp_gain":0,"max_hp_loss":0,"event_name":"Upgrade Shrine","floor":28,"gold_loss":0,"cards_upgraded":["Evolve"]},{"damage_healed":0,"gold_gain":0,"player_choice":"Fight","damage_taken":0,"max_hp_gain":0,"max_hp_loss":0,"event_name":"Mysterious Sphere","floor":36,"gold_loss":0},{"cards_removed":["Parasite"],"damage_healed":0,"gold_gain":0,"player_choice":"Purged","damage_taken":0,"max_hp_gain":0,"max_hp_loss":0,"event_name":"Purifier","floor":41,"gold_loss":0},{"damage_healed":0,"gold_gain":0,"player_choice":"Upgrade","damage_taken":0,"relics_obtained":["Mark of the Bloom"],"max_hp_gain":0,"max_hp_loss":0,"event_name":"MindBloom","floor":47,"gold_loss":0,"cards_upgraded":["Strike_R","Strike_R","Strike_R","Strike_R","Defend_R","Defend_R","Defend_R","Defend_R","Thunderclap","Dropkick","Fiend Fire"]}],"is_beta":false,"boss_relics":[{"not_picked":["Lizard Tail","Mark of Pain"],"picked":"Cursed Key"},{"not_picked":["Pandora\u0027s Box","Astrolabe"],"picked":"Coffee Dripper"}],"items_purged_floors":[27],"is_endless":false,"potions_floor_spawned":[1,7,16,19,22,29,30,31,42],"killed_by":"Awakened One","ascension_level":0}