{"gold_per_floor":[112,112,112,112,112,112,444,403,430,449,449,469,469,543,543,543],"floor_reached":16,"playtime":565,"items_purged":[],"score":158,"play_id":"09921bea-285d-4e0e-a729-86258b4d3c5b","local_time":"20190727232500","is_ascension_mode":true,"campfire_choices":[{"data":"Neutralize","floor":6,"key":"SMITH"},{"data":"Footwork","floor":13,"key":"SMITH"},{"floor":15,"key":"REST"}],"neow_cost":"NONE","seed_source_timestamp":17440859520293,"circlet_count":0,"master_deck":["AscendersBane","Strike_G","Strike_G","Strike_G","Strike_G","Strike_G","Defend_G","Defend_G","Defend_G","Defend_G","Defend_G","Survivor","Neutralize+1","Well Laid Plans","Footwork+1","Sucker Punch","Parasite","Deadly Poison"],"relics":["Ring of the Snake","Juzu Bracelet","Old Coin","PreservedInsect","Mummified Hand"],"potions_floor_usage":[7,16],"damage_taken":[{"damage":0,"enemies":"Cultist","floor":1,"turns":5},{"damage":38,"enemies":"Gremlin Nob","floor":7,"turns":6},{"damage":0,"enemies":"Small Slimes","floor":10,"turns":4},{"damage":8,"enemies":"Jaw Worm","floor":12,"turns":4},{"damage":59,"enemies":"Hexaghost","floor":16,"turns":16}],"seed_played":"-347420081595936243","potions_obtained":[{"floor":3,"key":"Block Potion"},{"floor":3,"key":"GamblersBrew"},{"floor":10,"key":"Ancient Potion"}],"is_trial":false,"path_per_floor":["M","$","?","$","?","R","E","?","T","M","?","M","R","T","R","B"],"character_chosen":"THE_SILENT","items_purchased":[],"campfire_rested":1,"item_purchase_floors":[],"current_hp_per_floor":[63,63,63,63,63,63,25,25,25,25,42,34,34,34,55,0],"gold":543,"neow_bonus":"RANDOM_COMMON_RELIC","is_prod":false,"is_daily":false,"chose_seed":false,"campfire_upgraded":2,"win_rate":0,"timestamp":1564287900,"path_taken":["M","?","?","$","?","R","E","?","T","M","?","M","R","?","R","BOSS"],"build_version":"2019-07-17","purchased_purges":0,"victory":false,"max_hp_per_floor":[70,70,70,70,70,70,70,70,70,70,70,70,70,70,70,70],"card_choices":[{"not_picked":["Prepared","Cloak And Dagger"],"picked":"Well Laid Plans","floor":1},{"not_picked":["Dagger Throw","Setup"],"picked":"Footwork","floor":7},{"not_picked":["Concentrate","Dagger Throw"],"picked":"Sucker Punch","floor":10},{"not_picked":["Underhanded Strike","Quick Slash"],"picked":"Deadly Poison","floor":12}],"player_experience":245717,"relics_obtained":[{"floor":7,"key":"Old Coin"},{"floor":9,"key":"PreservedInsect"},{"floor":14,"key":"Mummified Hand"}],"event_choices":[{"damage_healed":0,"gold_gain":0,"player_choice":"Got Potions","damage_taken":0,"max_hp_gain":0,"max_hp_loss":0,"event_name":"Lab","floor":3,"gold_loss":0},{"damage_healed":0,"gold_gain":0,"player_choice":"Ignored","damage_taken":0,"max_hp_gain":0,"max_hp_loss":0,"event_name":"Liars Game","floor":5,"gold_loss":0},{"damage_healed":0,"gold_gain":0,"player_choice":"Left Gold","damage_taken":0,"max_hp_gain":0,"max_hp_loss":0,"event_name":"World of Goop","floor":8,"gold_loss":41},{"damage_healed":17,"gold_gain":0,"player_choice":"Healed and dodged fight","damage_taken":0,"max_hp_gain":0,"max_hp_loss":0,"event_name":"Mushrooms","floor":11,"gold_loss":0,"cards_obtained":["Parasite"]}],"is_beta":false,"boss_relics":[],"items_purged_floors":[],"is_endless":false,"potions_floor_spawned":[10],"killed_by":"Hexaghost","ascension_level":13}