{"gold_per_floor":[18,35,35,8,22,22,52,62,144,144,46,60,60,70,70,172,172,190,37,57,57,57,57,69,69,69,101,101,113,148,148,148,243,243,259,272,272,372,372,397,397,249,275,295,315,335,5,18,18,18],"floor_reached":51,"playtime":1022,"items_purged":["Normality"],"score":767,"play_id":"a9a91cc4-fed2-46ce-a297-d5600f9806aa","local_time":"20180731020605","is_ascension_mode":false,"campfire_choices":[{"data":"1","floor":6.0,"key":"LIFT"},{"data":"2","floor":10,"key":"LIFT"},{"data":"3","floor":13,"key":"LIFT"},{"data":"Sword Boomerang","floor":15,"key":"SMITH"},{"data":"Battle Trance","floor":23,"key":"SMITH"},{"data":"Pummel","floor":25,"key":"SMITH"},{"data":"Spot Weakness","floor":28,"key":"SMITH"},{"data":"Flash of Steel","floor":32,"key":"SMITH"},{"data":"Sword Boomerang","floor":41,"key":"SMITH"},{"floor":49,"key":"REST"}],"neow_cost":"NO_GOLD","seed_source_timestamp":133341579410233,"circlet_count":0,"master_deck":["Strike_R+1","Strike_R+1","Strike_R+1","Strike_R+1","Strike_R+1","Defend_R+1","Defend_R+1","Defend_R+1","Bash+1","Twin Strike","Pummel+1","Offering+1","Sword Boomerang+1","Flash of Steel+1","Battle Trance+1","Twin Strike+1","Spot Weakness+1","Thunderclap","Feed","Sword Boomerang+1","Battle Trance+1"],"special_seed":0,"relics":["Burning Blood","Girya","Gambling Chip","Letter Opener","Eternal Feather","Pen Nib","Blue Candle","Potion Belt","Art of War","Cursed Key","Red Skull","Vajra","Bag of Marbles","Pantograph"],"potions_floor_usage":[33,40,50,50,50,50],"damage_taken":[{"damage":5.0,"enemies":"Jaw Worm","floor":1.0,"turns":4.0},{"damage":5.0,"enemies":"Small Slimes","floor":2.0,"turns":4.0},{"damage":6.0,"enemies":"Cultist","floor":5.0,"turns":3.0},{"damage":14.0,"enemies":"Gremlin Nob","floor":7.0,"turns":3.0},{"damage":11.0,"enemies":"Large Slime","floor":8.0,"turns":6.0},{"damage":3,"enemies":"Red Slaver","floor":12,"turns":2},{"damage":5,"enemies":"2 Fungi Beasts","floor":14,"turns":2},{"damage":5,"enemies":"Slime Boss","floor":16,"turns":4},{"damage":10,"enemies":"2 Thieves","floor":18,"turns":2},{"damage":5,"enemies":"Shell Parasite","floor":20,"turns":1},{"damage":13,"enemies":"Centurion and Healer","floor":24,"turns":2},{"damage":26,"enemies":"Slavers","floor":27,"turns":4},{"damage":5,"enemies":"Sentry and Sphere","floor":29,"turns":2},{"damage":8,"enemies":"Gremlin Leader","floor":30,"turns":4},{"damage":39,"enemies":"Automaton","floor":33,"turns":5},{"damage":0,"enemies":"Orb Walker","floor":35,"turns":1},{"damage":0,"enemies":"Flame Bruiser 1 Orb","floor":36,"turns":2},{"damage":47,"enemies":"Nemesis","floor":40,"turns":3},{"damage":35,"enemies":"4 Shapes","floor":44,"turns":5},{"damage":5,"enemies":"Sphere and 2 Shapes","floor":45,"turns":2},{"damage":5,"enemies":"Flame Bruiser 2 Orb","floor":46,"turns":2},{"damage":5,"enemies":"3 Darklings","floor":48,"turns":1},{"damage":83,"enemies":"Awakened One","floor":50,"turns":5}],"seed_played":"-1852306709421027886","potions_obtained":[{"floor":1.0,"key":"FairyPotion"},{"floor":5.0,"key":"Energy Potion"},{"floor":12,"key":"FearPotion"},{"floor":27,"key":"Dexterity Potion"},{"floor":33,"key":"Energy Potion"},{"floor":35,"key":"SkillPotion"},{"floor":46,"key":"Dexterity Potion"}],"is_trial":false,"path_per_floor":["M","M","?","$","M","R","E","M","T","R","$","M","R","M","R","B",null,"M","$","M","?","?","R","M","R","T","E","R","M","E","?","R","B",null,"M","M","?","?","?","E","R","$","T","M","M","M","$","M","R","B"],"character_chosen":"IRONCLAD","items_purchased":["Twin Strike","Flash of Steel","Pen Nib","Vajra","Pantograph"],"campfire_rested":1,"item_purchase_floors":[4,11,19,42,47],"current_hp_per_floor":[80,80,80,80,80,80,72,67,67,67,67,70,70,71,71,72,80,76,76,77,77,77,80,73,80,80,60,69,70,68,68,77,44,80,80,83,83,83,83,42,54,54,54,28,32,33,33,34,72,15],"gold":18,"neow_bonus":"ONE_RARE_RELIC","is_prod":false,"is_daily":false,"chose_seed":false,"campfire_upgraded":6,"win_rate":0,"timestamp":1532991965,"path_taken":["M","M","?","$","M","R","E","M","T","R","$","?","R","M","R","BOSS","M","$","M","?","?","R","M","R","T","E","R","M","E","?","R","BOSS","M","M","?","?","?","E","R","$","T","M","?","M","$","M","R","BOSS"],"build_version":"2018-07-26","purchased_purges":1,"victory":true,"max_hp_per_floor":[80,80,80,80,80,80,80,80,80,80,80,80,80,80,80,80,80,80,80,80,80,80,80,80,80,80,80,80,80,80,80,80,80,80,80,83,83,83,83,83,83,83,83,86,89,89,89,89,89,92],"card_choices":[{"not_picked":["Burning Pact","Wild Strike","Flex"],"picked":"SKIP","floor":1.0},{"not_picked":["Feel No Pain","Headbutt","Heavy Blade"],"picked":"SKIP","floor":2.0},{"not_picked":["Iron Wave","Evolve"],"picked":"Pummel","floor":5.0},{"not_picked":["Flex","Havoc"],"picked":"Offering","floor":7.0},{"not_picked":["Battle Trance","Clash"],"picked":"Sword Boomerang","floor":8},{"not_picked":["Clash","Reckless Charge","Feel No Pain"],"picked":"SKIP","floor":12},{"not_picked":["Perfected Strike","Clash","Brutality"],"picked":"SKIP","floor":14},{"not_picked":["Anger","Power Through"],"picked":"Battle Trance","floor":18},{"not_picked":["Warcry","Rage"],"picked":"Twin Strike+1","floor":20},{"not_picked":["Pommel Strike","Burning Pact+1","Metallicize"],"picked":"SKIP","floor":24},{"not_picked":["Reckless Charge","Headbutt"],"picked":"Spot Weakness","floor":27},{"not_picked":["True Grit","Fire Breathing"],"picked":"Thunderclap","floor":29},{"not_picked":["Warcry","Infernal Blade","Flex"],"picked":"SKIP","floor":30},{"not_picked":["Dark Embrace","Brutality"],"picked":"Feed","floor":33},{"not_picked":["Sever Soul+1","Corruption+1"],"picked":"Sword Boomerang","floor":35},{"not_picked":["Warcry+1","Anger"],"picked":"Battle Trance+1","floor":36},{"not_picked":["Cleave","Perfected Strike+1","Dual Wield+1"],"picked":"SKIP","floor":40},{"not_picked":["Second Wind","Shrug It Off+1","Flame Barrier+1"],"picked":"SKIP","floor":44},{"not_picked":["Havoc+1","Intimidate+1","Brutality"],"picked":"SKIP","floor":45},{"not_picked":["Iron Wave","Blood for Blood","Entrench"],"picked":"SKIP","floor":46},{"not_picked":["Heavy Blade","Warcry","Bloodletting"],"picked":"SKIP","floor":48}],"player_experience":281704,"relics_obtained":[{"floor":7.0,"key":"Gambling Chip"},{"floor":9,"key":"Letter Opener"},{"floor":26,"key":"Blue Candle"},{"floor":27,"key":"Potion Belt"},{"floor":30,"key":"Art of War"},{"floor":40,"key":"Red Skull"},{"floor":43,"key":"Bag of Marbles"}],"event_choices":[{"event_name":"Living Wall","player_choice":"Grow","floor":3.0,"damage_taken":0.0},{"event_name":"Upgrade Shrine","player_choice":"Upgraded","floor":21,"damage_taken":0},{"event_name":"Back to Basics","player_choice":"Simplicity","floor":22,"damage_taken":0},{"event_name":"Cursed Tome","player_choice":"Ignored","floor":31,"damage_taken":0},{"event_name":"Falling","player_choice":"Removed Skill","floor":37,"damage_taken":0},{"event_name":"Golden Shrine","player_choice":"Pray","floor":38,"damage_taken":0},{"event_name":"Tomb of Lord Red Mask","player_choice":"Ignored","floor":39,"damage_taken":0}],"is_beta":false,"boss_relics":[{"not_picked":["Runic Pyramid","Tiny House"],"picked":"Eternal Feather"},{"not_picked":["Pandora\u0027s Box","Black Star"],"picked":"Cursed Key"}],"items_purged_floors":[47],"is_endless":false,"potions_floor_spawned":[1,5,12,14,18,27,33,35,46],"ascension_level":0}