{"gold_per_floor":[115,115,129,79,98,98,125,143,200,215,296,296,329,104,104,206,206,224,224,224,6,23,23,53,53,77,105,32,32,32,46,46,151,151,163,163,211,27,39,66,66,66,89,119,131,6,6,17,17,17],"floor_reached":51,"playtime":3055,"items_purged":["Defend_G","Pain","Normality"],"score":956,"play_id":"bf5575ad-1ba0-4345-9585-544b9a78474e","local_time":"20190209151701","is_ascension_mode":true,"campfire_choices":[{"data":"Neutralize","floor":6.0,"key":"SMITH"},{"data":"Footwork","floor":15.0,"key":"SMITH"},{"data":"Envenom","floor":23.0,"key":"SMITH"},{"floor":25.0,"key":"REST"},{"data":"Ghostly","floor":32.0,"key":"SMITH"},{"data":"Ghostly","floor":49,"key":"SMITH"}],"neow_cost":"NONE","seed_source_timestamp":15852267745348,"circlet_count":0,"master_deck":["Defend_G+1","Defend_G+1","Defend_G+1","Defend_G+1","Strike_G+1","Strike_G+1","Survivor","Neutralize+1","Cloak And Dagger","Infinite Blades","Backflip","Footwork+1","Poisoned Stab","Dagger Spray","Noxious Fumes","Adrenaline","Envenom+1","Escape Plan","Noxious Fumes","Poisoned Stab","Bane","Ghostly+1","Ghostly+1","Ghostly","Ghostly","Ghostly","Deflect+1","Master of Strategy","Ghostly+1","Noxious Fumes"],"special_seed":0,"relics":["Ring of the Snake","Whetstone","Juzu Bracelet","Tiny Chest","Blue Candle","Snake Skull","Cursed Key","PreservedInsect","Singing Bowl","Smiling Mask","Dodecahedron","Coffee Dripper","Dead Branch","Pocketwatch","Art of War","Centennial Puzzle"],"potions_floor_usage":[50],"damage_taken":[{"damage":0.0,"enemies":"Jaw Worm","floor":1.0,"turns":3.0},{"damage":0.0,"enemies":"Small Slimes","floor":3.0,"turns":3.0},{"damage":0.0,"enemies":"2 Louse","floor":5.0,"turns":3.0},{"damage":8.0,"enemies":"Lagavulin","floor":7.0,"turns":9.0},{"damage":4.0,"enemies":"Exordium Wildlife","floor":8.0,"turns":4.0},{"damage":0.0,"enemies":"Red Slaver","floor":10.0,"turns":4.0},{"damage":4.0,"enemies":"3 Sentries","floor":13.0,"turns":11.0},{"damage":2.0,"enemies":"Hexaghost","floor":16.0,"turns":8.0},{"damage":14.0,"enemies":"Spheric Guardian","floor":18.0,"turns":5.0},{"damage":0.0,"enemies":"Shell Parasite","floor":22.0,"turns":4.0},{"damage":15.0,"enemies":"Slavers","floor":24.0,"turns":3.0},{"damage":12.0,"enemies":"Book of Stabbing","floor":27.0,"turns":4.0},{"damage":0.0,"enemies":"Snake Plant","floor":31.0,"turns":4.0},{"damage":0.0,"enemies":"Collector","floor":33.0,"turns":6.0},{"damage":0.0,"enemies":"Orb Walker","floor":35.0,"turns":4.0},{"damage":2.0,"enemies":"2 Orb Walkers","floor":37.0,"turns":5.0},{"damage":26.0,"enemies":"3 Darklings","floor":39.0,"turns":4.0},{"damage":0,"enemies":"Reptomancer","floor":40,"turns":4},{"damage":0,"enemies":"Nemesis","floor":44,"turns":6},{"damage":1,"enemies":"Maw","floor":45,"turns":5},{"damage":0,"enemies":"Spire Growth","floor":48,"turns":4},{"damage":27,"enemies":"Time Eater","floor":50,"turns":11}],"seed_played":"815109191124362472","potions_obtained":[{"floor":1.0,"key":"FearPotion"},{"floor":7.0,"key":"Strength Potion"},{"floor":13.0,"key":"Explosive Potion"},{"floor":16.0,"key":"Poison Potion"},{"floor":18.0,"key":"PowerPotion"},{"floor":27.0,"key":"FearPotion"},{"floor":37.0,"key":"SkillPotion"},{"floor":40,"key":"LiquidBronze"},{"floor":48,"key":"SpeedPotion"}],"is_trial":false,"path_per_floor":["M","?","M","?","M","R","E","M","T","M","T","?","E","$","R","B",null,"M","?","?","$","M","R","E","R","T","E","$","?","?","M","R","B",null,"M","?","?","$","M","E","$","?","T","E","M","$","?","M","R","B",null],"character_chosen":"THE_SILENT","items_purchased":["Noxious Fumes","Adrenaline","Noxious Fumes","PreservedInsect","Bane","Master of Strategy","Noxious Fumes"],"campfire_rested":1,"item_purchase_floors":[14,14,21,21,28,38,46],"current_hp_per_floor":[70,63,63,63,63,63,55,51,51,51,51,56,52,52,52,50,75,61,61,47,47,47,47,34,58,58,48,48,42,42,44,44,46,46,48,48,46,46,22,24,24,24,24,26,27,27,49,51,51,24],"gold":17,"neow_bonus":"RANDOM_COMMON_RELIC","is_prod":false,"is_daily":false,"chose_seed":false,"campfire_upgraded":5,"win_rate":0,"timestamp":1549721821,"path_taken":["M","?","M","?","M","R","E","M","T","M","?","?","E","$","R","BOSS","M","?","?","$","M","R","E","R","T","E","$","?","?","M","R","BOSS","M","?","?","$","M","E","?","?","T","E","M","$","?","M","R","BOSS"],"build_version":"2019-01-23","purchased_purges":3,"victory":true,"max_hp_per_floor":[70,70,70,70,70,70,70,70,70,70,70,75,75,75,75,75,75,75,75,80,80,80,80,82,82,82,84,84,42,42,44,44,46,46,48,48,48,48,50,52,52,52,52,54,56,56,49,51,51,51],"card_choices":[{"not_picked":["Flechettes","Quick Slash"],"picked":"Cloak And Dagger","floor":1.0},{"not_picked":["Backflip","Blade Dance"],"picked":"Infinite Blades","floor":3.0},{"not_picked":["Sucker Punch","Prepared"],"picked":"Backflip","floor":5.0},{"not_picked":["Escape Plan","Dagger Spray"],"picked":"Footwork","floor":7.0},{"not_picked":["Skewer","Backflip"],"picked":"Poisoned Stab","floor":8.0},{"not_picked":["Eviscerate","Outmaneuver","Slice"],"picked":"SKIP","floor":10.0},{"not_picked":["Terror","PiercingWail"],"picked":"Dagger Spray","floor":13.0},{"not_picked":["Malaise","Grand Finale"],"picked":"Envenom","floor":16.0},{"not_picked":["Reflex+1","Flying Knee"],"picked":"Escape Plan","floor":18.0},{"not_picked":["Dodge and Roll","Deflect+1"],"picked":"Poisoned Stab","floor":22.0},{"not_picked":["Poisoned Stab","Phantasmal Killer","Well Laid Plans"],"picked":"Singing Bowl","floor":24.0},{"not_picked":["Blade Dance+1","Finisher","Flying Knee+1"],"picked":"Singing Bowl","floor":27.0},{"not_picked":["Blade Dance","Poisoned Stab","Prepared+1"],"picked":"Singing Bowl","floor":31.0},{"not_picked":["Venomology","Doppelganger","Die Die Die"],"picked":"Singing Bowl","floor":33.0},{"not_picked":["Poisoned Stab+1","Acrobatics+1","PiercingWail"],"picked":"Singing Bowl","floor":35.0},{"not_picked":["Eviscerate","Sucker Punch+1"],"picked":"Deflect+1","floor":37.0},{"not_picked":["Blade Dance","Concentrate","Caltrops"],"picked":"Singing Bowl","floor":39.0},{"not_picked":["Heel Hook+1","Caltrops+1","Setup"],"picked":"Singing Bowl","floor":40},{"not_picked":["Prepared+1","Bane","Sucker Punch"],"picked":"Singing Bowl","floor":44},{"not_picked":["Well Laid Plans","Blade Dance+1","Underhanded Strike"],"picked":"Singing Bowl","floor":45},{"not_picked":["Poisoned Stab+1","Tactician+1","Dagger Throw"],"picked":"Singing Bowl","floor":48}],"player_experience":260857,"relics_obtained":[{"floor":7.0,"key":"Juzu Bracelet"},{"floor":9.0,"key":"Tiny Chest"},{"floor":11.0,"key":"Blue Candle"},{"floor":13.0,"key":"Snake Skull"},{"floor":24.0,"key":"Singing Bowl"},{"floor":26.0,"key":"Smiling Mask"},{"floor":27.0,"key":"Dodecahedron"},{"floor":37.0,"key":"Dead Branch"},{"floor":40,"key":"Pocketwatch"},{"floor":43,"key":"Art of War"},{"floor":44,"key":"Centennial Puzzle"}],"event_choices":[{"cards_removed":["Strike_G"],"damage_healed":0.0,"max_hp_gain":0.0,"max_hp_loss":0.0,"gold_gain":0.0,"event_name":"Golden Wing","player_choice":"Card Removal","floor":2.0,"gold_loss":0.0,"damage_taken":7.0},{"cards_removed":["Strike_G"],"damage_healed":0.0,"max_hp_gain":0.0,"max_hp_loss":0.0,"gold_gain":0.0,"event_name":"The Cleric","player_choice":"Card Removal","floor":4.0,"gold_loss":50.0,"damage_taken":0.0},{"damage_healed":0.0,"max_hp_gain":5.0,"max_hp_loss":0.0,"gold_gain":0.0,"event_name":"Big Fish","player_choice":"Donut","floor":12.0,"gold_loss":0.0,"damage_taken":0.0},{"cards_removed":["Strike_G"],"damage_healed":0.0,"max_hp_gain":0.0,"max_hp_loss":0.0,"gold_gain":0.0,"event_name":"Purifier","player_choice":"Purged","floor":19.0,"gold_loss":0.0,"damage_taken":0.0},{"damage_healed":0.0,"max_hp_gain":5.0,"max_hp_loss":0.0,"gold_gain":0.0,"event_name":"Forgotten Altar","player_choice":"Shed Blood","floor":20.0,"gold_loss":0.0,"damage_taken":19.0},{"damage_healed":0.0,"max_hp_gain":0.0,"max_hp_loss":42.0,"gold_gain":0.0,"event_name":"Ghosts","player_choice":"Became a Ghost","floor":29.0,"gold_loss":0.0,"damage_taken":0.0,"cards_obtained":["Ghostly","Ghostly","Ghostly","Ghostly","Ghostly"]},{"damage_healed":0.0,"max_hp_gain":0.0,"max_hp_loss":0.0,"gold_gain":0.0,"event_name":"Back to Basics","player_choice":"Simplicity","floor":30.0,"gold_loss":0.0,"damage_taken":0.0,"cards_upgraded":["Defend_G","Defend_G","Defend_G","Defend_G"]},{"damage_healed":0.0,"max_hp_gain":0.0,"max_hp_loss":0.0,"gold_gain":0.0,"event_name":"Tomb of Lord Red Mask","player_choice":"Ignored","floor":36.0,"gold_loss":0.0,"damage_taken":0.0},{"damage_healed":0.0,"max_hp_gain":0.0,"max_hp_loss":0.0,"gold_gain":0.0,"event_name":"Mysterious Sphere","player_choice":"Fight","floor":37.0,"gold_loss":0.0,"damage_taken":0.0},{"damage_healed":0,"gold_gain":0,"player_choice":"Copied","damage_taken":0,"max_hp_gain":0,"max_hp_loss":0,"event_name":"Duplicator","floor":42,"gold_loss":0,"cards_obtained":["Ghostly"]},{"damage_healed":49,"gold_gain":0,"player_choice":"Heal","damage_taken":0,"max_hp_gain":0,"max_hp_loss":7,"event_name":"The Moai Head","floor":47,"gold_loss":0}],"is_beta":false,"boss_relics":[{"not_picked":["Empty Cage","Snecko Eye"],"picked":"Cursed Key"},{"not_picked":["Runic Pyramid","Astrolabe"],"picked":"Coffee Dripper"}],"items_purged_floors":[14,28,46],"is_endless":false,"potions_floor_spawned":[1,7,13,16,18,27,37,40,48],"ascension_level":2}