{"gold_per_floor":[117,137,150,165,90,90,165,179,179,195,195],"floor_reached":11,"playtime":607,"items_purged":["Strike_G"],"score":74,"play_id":"a0bb064a-681a-4da2-a23c-e2c9e7892ff9","local_time":"20190728175954","is_ascension_mode":true,"campfire_choices":[{"floor":6,"key":"RECALL"}],"neow_cost":"NONE","seed_source_timestamp":1309085627552541,"circlet_count":0,"master_deck":["Strike_G","Strike_G","Strike_G","Strike_G","Defend_G","Defend_G","Defend_G","Defend_G","Defend_G","Survivor","Neutralize","Dodge and Roll","Crippling Poison","Dodge and Roll","Skewer","Poisoned Stab","Catalyst"],"relics":["Ring of the Snake","NeowsBlessing"],"potions_floor_usage":[],"damage_taken":[{"damage":0,"enemies":"Cultist","floor":1,"turns":1},{"damage":0,"enemies":"Jaw Worm","floor":2,"turns":1},{"damage":0,"enemies":"Small Slimes","floor":3,"turns":1},{"damage":32,"enemies":"Gremlin Gang","floor":4,"turns":6},{"damage":1,"enemies":"Exordium Wildlife","floor":8,"turns":4},{"damage":16,"enemies":"Lots of Slimes","floor":10,"turns":4}],"seed_played":"-9085536493192002265","potions_obtained":[{"floor":2,"key":"Strength Potion"}],"is_trial":false,"path_per_floor":["M","M","M","M","$","R","?","M","T","M","?"],"character_chosen":"THE_SILENT","items_purchased":[],"campfire_rested":0,"item_purchase_floors":[],"current_hp_per_floor":[70,70,70,38,38,38,27,26,26,10,0],"gold":195,"neow_bonus":"THREE_ENEMY_KILL","is_prod":false,"is_daily":false,"chose_seed":false,"campfire_upgraded":0,"win_rate":0,"timestamp":1564354794,"path_taken":["M","M","?","M","$","R","?","M","T","M","?"],"build_version":"2019-07-17","purchased_purges":1,"victory":false,"max_hp_per_floor":[70,70,70,70,70,70,70,70,70,70,70],"card_choices":[{"not_picked":["Dagger Spray","Deadly Poison"],"picked":"Dodge and Roll","floor":1},{"not_picked":["Quick Slash","Backflip"],"picked":"Crippling Poison","floor":2},{"not_picked":["Expertise","Underhanded Strike"],"picked":"Dodge and Roll","floor":3},{"not_picked":["Dagger Throw","Blade Dance"],"picked":"Skewer","floor":4},{"not_picked":["Tools of the Trade","Bane"],"picked":"Poisoned Stab","floor":8},{"not_picked":["Bouncing Flask","Deflect"],"picked":"Catalyst","floor":10}],"player_experience":96736,"relics_obtained":[],"event_choices":[{"damage_healed":0,"gold_gain":75,"player_choice":"Gather Gold","damage_taken":11,"max_hp_gain":0,"max_hp_loss":0,"event_name":"World of Goop","floor":7,"gold_loss":0}],"is_beta":false,"boss_relics":[],"items_purged_floors":[5],"is_endless":false,"potions_floor_spawned":[2],"ascension_level":2}