{"gold_per_floor":[113,130,205,223,233,233,267,282,282,309,320,354,354,369,369,473,473,485,503,428,343,343,343,371,387,461,496,496,496,522,534,534,639,639,656,706,618,638,240,266,266,278,305,316,316],"floor_reached":45,"playtime":27052,"items_purged":["Normality","Normality"],"score":601,"play_id":"847e11f4-b7b4-496c-9a34-8b7611ba54fa","local_time":"20190705200012","is_ascension_mode":true,"campfire_choices":[{"floor":6,"key":"REST"},{"floor":15,"key":"REST"},{"floor":23,"key":"REST"},{"floor":29,"key":"REST"},{"data":"Footwork","floor":32,"key":"SMITH"},{"floor":41,"key":"REST"}],"neow_cost":"NONE","seed_source_timestamp":6071835827433,"circlet_count":0,"master_deck":["Strike_G","Strike_G","Defend_G","Defend_G","Defend_G","Defend_G","Defend_G","Survivor","Neutralize","Quick Slash","Deadly Poison","Outmaneuver","Infinite Blades","Burst","Flechettes","Poisoned Stab+1","Footwork+1","Deadly Poison","Flying Knee+1","Dagger Throw+1","Bullet Time","Regret","Bane+1","Heel Hook+1","Infinite Blades","Infinite Blades","Leg Sweep","Predator+1","Underhanded Strike+1","Envenom","Noxious Fumes+1","Calculated Gamble","Deadly Poison+1","Caltrops+1","Backflip","Underhanded Strike+1"],"relics":["Empty Cage","Vajra","Molten Egg 2","Darkstone Periapt","Bronze Scales","Calling Bell","Centennial Puzzle","Paper Crane","Tough Bandages","Shuriken","Enchiridion","Bottled Flame","Ornamental Fan","Omamori","Matryoshka","Cursed Key","Pocketwatch","Mummified Hand","Snake Skull","Lantern","Boot","Ancient Tea Set"],"potions_floor_usage":[10,11,12,12,16,30,40,42,45],"damage_taken":[{"damage":3,"enemies":"2 Louse","floor":1,"turns":4},{"damage":5,"enemies":"Cultist","floor":2,"turns":6},{"damage":5,"enemies":"Jaw Worm","floor":4,"turns":4},{"damage":2,"enemies":"Looter","floor":5,"turns":4},{"damage":26,"enemies":"3 Sentries","floor":7,"turns":10},{"damage":6,"enemies":"Blue Slaver","floor":8,"turns":4},{"damage":16,"enemies":"Gremlin Nob","floor":10,"turns":4},{"damage":14,"enemies":"Lots of Slimes","floor":11,"turns":4},{"damage":5,"enemies":"Lagavulin","floor":12,"turns":4},{"damage":1,"enemies":"3 Louse","floor":14,"turns":3},{"damage":7,"enemies":"Hexaghost","floor":16,"turns":7},{"damage":6,"enemies":"Chosen","floor":18,"turns":4},{"damage":22,"enemies":"Spheric Guardian","floor":19,"turns":4},{"damage":11,"enemies":"Slavers","floor":24,"turns":5},{"damage":6,"enemies":"Chosen and Byrds","floor":25,"turns":4},{"damage":9,"enemies":"Book of Stabbing","floor":27,"turns":4},{"damage":5,"enemies":"Slavers","floor":30,"turns":5},{"damage":13,"enemies":"Centurion and Healer","floor":31,"turns":4},{"damage":10,"enemies":"Champ","floor":33,"turns":8},{"damage":12,"enemies":"Orb Walker","floor":35,"turns":3},{"damage":49,"enemies":"2 Orb Walkers","floor":36,"turns":6},{"damage":24,"enemies":"3 Shapes","floor":38,"turns":4},{"damage":14,"enemies":"Giant Head","floor":40,"turns":7},{"damage":10,"enemies":"Jaw Worm Horde","floor":42,"turns":3},{"damage":8,"enemies":"4 Shapes","floor":44,"turns":5},{"damage":15,"enemies":"Sphere and 2 Shapes","floor":45,"turns":2}],"seed_played":"-8102970003461338310","potions_obtained":[{"floor":2,"key":"SpeedPotion"},{"floor":5,"key":"Regen Potion"},{"floor":10,"key":"Dexterity Potion"},{"floor":11,"key":"FearPotion"},{"floor":14,"key":"PowerPotion"},{"floor":16,"key":"FearPotion"},{"floor":18,"key":"Block Potion"},{"floor":24,"key":"PowerPotion"},{"floor":36,"key":"Regen Potion"},{"floor":38,"key":"Weak Potion"},{"floor":44,"key":"Dexterity Potion"}],"is_trial":false,"path_per_floor":["M","M","?","M","M","R","E","M","T","E","M","E","?","M","R","B",null,"M","M","$","?","?","R","E","M","T","E","?","R","E","M","R","B",null,"M","?","?","M","$","E","R","M","T","M","M"],"character_chosen":"THE_SILENT","items_purchased":["Snake Skull","Lantern"],"campfire_rested":5,"item_purchase_floors":[39,39],"current_hp_per_floor":[67,62,51,46,44,65,39,33,33,31,17,12,12,11,32,25,88,82,60,60,60,44,70,59,53,53,44,44,70,65,52,52,42,88,76,27,27,3,3,4,30,20,20,12,0],"gold":316,"neow_bonus":"BOSS_RELIC","is_prod":false,"is_daily":false,"chose_seed":false,"campfire_upgraded":1,"win_rate":0,"timestamp":1562374812,"path_taken":["M","M","?","M","M","R","E","M","T","E","M","E","?","?","R","BOSS","M","M","$","?","?","R","E","M","T","E","?","R","E","M","R","BOSS","M","?","?","M","$","E","R","M","T","?","?"],"build_version":"2019-07-01","purchased_purges":2,"victory":false,"max_hp_per_floor":[70,70,70,70,70,70,70,70,70,70,70,70,70,70,70,70,88,88,88,88,88,88,88,88,88,88,88,88,88,88,88,88,88,88,88,88,88,88,88,88,88,88,88,88,88],"card_choices":[{"not_picked":["Slice","Dagger Throw"],"picked":"Quick Slash","floor":1},{"not_picked":["Acrobatics","Caltrops"],"picked":"Deadly Poison","floor":2},{"not_picked":["Predator","Escape Plan"],"picked":"Outmaneuver","floor":4},{"not_picked":["Prepared","Leg Sweep"],"picked":"Infinite Blades","floor":5},{"not_picked":["Acrobatics","Quick Slash"],"picked":"Burst","floor":7},{"not_picked":["Dagger Spray","Acrobatics"],"picked":"Flechettes","floor":8},{"not_picked":["Finisher+1","Prepared"],"picked":"Poisoned Stab+1","floor":10},{"not_picked":["Bouncing Flask","Escape Plan"],"picked":"Footwork","floor":11},{"not_picked":["Deflect","Night Terror"],"picked":"Deadly Poison","floor":12},{"not_picked":["All Out Attack+1","Deflect"],"picked":"Dagger Throw+1","floor":14},{"not_picked":["After Image","Night Terror"],"picked":"Bullet Time","floor":16},{"not_picked":["PiercingWail","Slice+1"],"picked":"Bane+1","floor":18},{"not_picked":["PiercingWail","Prepared+1"],"picked":"Heel Hook+1","floor":19},{"not_picked":["Night Terror","Reflex","Tactician"],"picked":"SKIP","floor":24},{"not_picked":["Dodge and Roll","Deflect"],"picked":"Infinite Blades","floor":25},{"not_picked":["Flying Knee+1","Bane+1"],"picked":"Infinite Blades","floor":27},{"not_picked":["Envenom","Bane+1"],"picked":"Predator+1","floor":30},{"not_picked":["Tactician","Crippling Poison"],"picked":"Underhanded Strike+1","floor":31},{"not_picked":["Die Die Die+1","Unload+1"],"picked":"Envenom","floor":33},{"not_picked":["Finisher+1","Bane+1"],"picked":"Noxious Fumes+1","floor":35},{"not_picked":["Slice+1","Dodge and Roll"],"picked":"Calculated Gamble","floor":36},{"not_picked":["Acrobatics+1","Prepared"],"picked":"Deadly Poison+1","floor":38},{"not_picked":["Outmaneuver","Unload+1"],"picked":"Caltrops+1","floor":40},{"not_picked":["Quick Slash+1","Slice+1"],"picked":"Backflip","floor":42},{"not_picked":["Bane+1","Prepared"],"picked":"Underhanded Strike+1","floor":44}],"player_experience":253045,"relics_obtained":[{"floor":7,"key":"Vajra"},{"floor":9,"key":"Molten Egg 2"},{"floor":10,"key":"Darkstone Periapt"},{"floor":12,"key":"Bronze Scales"},{"floor":17,"key":"Centennial Puzzle"},{"floor":17,"key":"Paper Crane"},{"floor":17,"key":"Tough Bandages"},{"floor":22,"key":"Enchiridion"},{"floor":24,"key":"Bottled Flame"},{"floor":26,"key":"Ornamental Fan"},{"floor":27,"key":"Omamori"},{"floor":30,"key":"Matryoshka"},{"floor":36,"key":"Pocketwatch"},{"floor":40,"key":"Boot"},{"floor":43,"key":"Ancient Tea Set"}],"event_choices":[{"damage_healed":0,"gold_gain":75,"player_choice":"Gather Gold","damage_taken":11,"max_hp_gain":0,"max_hp_loss":0,"event_name":"World of Goop","floor":3,"gold_loss":0},{"damage_healed":0,"gold_gain":0,"cards_transformed":["Strike_G"],"player_choice":"Transformed","damage_taken":0,"max_hp_gain":0,"max_hp_loss":0,"event_name":"Transmorgrifier","floor":13,"gold_loss":0,"cards_obtained":["Flying Knee"]},{"damage_healed":0,"gold_gain":0,"player_choice":"Obtained Relic","damage_taken":0,"relics_obtained":["Shuriken"],"max_hp_gain":0,"max_hp_loss":0,"event_name":"Addict","floor":21,"gold_loss":85},{"damage_healed":0,"gold_gain":0,"player_choice":"Obtained Book","damage_taken":16,"max_hp_gain":0,"max_hp_loss":0,"event_name":"Cursed Tome","floor":22,"gold_loss":0},{"damage_healed":0,"gold_gain":0,"player_choice":"Read","damage_taken":0,"max_hp_gain":0,"max_hp_loss":0,"event_name":"The Library","floor":28,"gold_loss":0,"cards_obtained":["Leg Sweep"]},{"damage_healed":0,"gold_gain":0,"player_choice":"Fight","damage_taken":0,"max_hp_gain":0,"max_hp_loss":0,"event_name":"Mysterious Sphere","floor":36,"gold_loss":0},{"damage_healed":0,"gold_gain":0,"player_choice":"Paid Gold","damage_taken":0,"relics_obtained":["Mummified Hand"],"max_hp_gain":0,"max_hp_loss":0,"event_name":"WeMeetAgain","floor":37,"gold_loss":88}],"is_beta":false,"boss_relics":[{"not_picked":["Snecko Eye","Astrolabe"],"picked":"Calling Bell"},{"not_picked":["Philosopher\u0027s Stone","White Beast Statue"],"picked":"Cursed Key"}],"items_purged_floors":[20,39],"is_endless":false,"potions_floor_spawned":[2,5,10,11,14,16,18,24,25,27,36,38,44],"killed_by":"Sphere and 2 Shapes","ascension_level":1}