{"gold_per_floor":[119,138,138,158,123,123,135,135,159,176,176,207,218,231,231,332,332,344,4,4,19,34,34,34,49,49,67,97,97,127,150,162,276,288,312,335,9,9,109,109,0,10,35,54,54,73,92,110,110,110],"floor_reached":51,"playtime":1618,"items_purged":["Armaments+1"],"score":702,"play_id":"327d1f95-1aea-466a-86af-11155740ff03","local_time":"20190107034605","is_ascension_mode":false,"campfire_choices":[{"data":"Battle Trance","floor":6.0,"key":"SMITH"},{"data":"Demon Form","floor":15,"key":"SMITH"},{"data":"Limit Break","floor":24,"key":"SMITH"},{"floor":29,"key":"DIG"},{"floor":32,"key":"DIG"},{"floor":40,"key":"DIG"},{"floor":45,"key":"DIG"},{"floor":49,"key":"DIG"}],"neow_cost":"NONE","seed_source_timestamp":250610613031978,"circlet_count":0,"master_deck":["Strike_R+1","Strike_R","Strike_R","Strike_R","Defend_R","Defend_R","Defend_R","Defend_R","Bash+1","Reaper","Whirlwind+1","Battle Trance+1","Shrug It Off","Demon Form+1","Limit Break+1","Feed","Apotheosis","Body Slam","Shrug It Off"],"special_seed":0,"relics":["Black Blood","Whetstone","Pen Nib","Vajra","ClockworkSouvenir","Shovel","Mummified Hand","MawBank","Du-Vu Doll","Sozu","Juzu Bracelet","Red Mask","Oddly Smooth Stone","Ice Cream","Bag of Preparation"],"potions_floor_usage":[16,22,22,27,28,30,31],"damage_taken":[{"damage":13.0,"enemies":"Jaw Worm","floor":1.0,"turns":4.0},{"damage":10.0,"enemies":"Small Slimes","floor":2.0,"turns":2.0},{"damage":6.0,"enemies":"Cultist","floor":4.0,"turns":3.0},{"damage":10.0,"enemies":"Exordium Thugs","floor":7.0,"turns":2.0},{"damage":16.0,"enemies":"Red Slaver","floor":10.0,"turns":4.0},{"damage":18.0,"enemies":"3 Sentries","floor":12.0,"turns":4.0},{"damage":5.0,"enemies":"Looter","floor":13.0,"turns":2.0},{"damage":12,"enemies":"Exordium Thugs","floor":14,"turns":3},{"damage":28,"enemies":"Hexaghost","floor":16,"turns":7},{"damage":5,"enemies":"3 Byrds","floor":18,"turns":4},{"damage":14,"enemies":"Shell Parasite","floor":21,"turns":5},{"damage":23,"enemies":"Cultist and Chosen","floor":22,"turns":6},{"damage":17,"enemies":"3 Cultists","floor":25,"turns":4},{"damage":19,"enemies":"Centurion and Healer","floor":27,"turns":4},{"damage":28,"enemies":"Gremlin Leader","floor":28,"turns":6},{"damage":24,"enemies":"Cultist and Chosen","floor":30,"turns":5},{"damage":20,"enemies":"Snake Plant","floor":31,"turns":4},{"damage":34,"enemies":"Champ","floor":33,"turns":9},{"damage":25,"enemies":"3 Shapes","floor":35,"turns":5},{"damage":15,"enemies":"Orb Walker","floor":36,"turns":3},{"damage":21,"enemies":"3 Darklings","floor":42,"turns":4},{"damage":27,"enemies":"Spire Growth","floor":44,"turns":5},{"damage":10,"enemies":"Sphere and 2 Shapes","floor":46,"turns":6},{"damage":25,"enemies":"3 Darklings","floor":47,"turns":3},{"damage":15,"enemies":"4 Shapes","floor":48,"turns":7},{"damage":86,"enemies":"Awakened One","floor":50,"turns":8}],"seed_played":"7009864457430016856","potions_obtained":[{"floor":1.0,"key":"Ancient Potion"},{"floor":4.0,"key":"SkillPotion"},{"floor":10.0,"key":"Strength Potion"},{"floor":13.0,"key":"Block Potion"},{"floor":21,"key":"SteroidPotion"},{"floor":25,"key":"Energy Potion"},{"floor":28,"key":"Explosive Potion"},{"floor":30,"key":"Weak Potion"}],"is_trial":false,"path_per_floor":["M","M","?","M","$","R","M","?","T","M","$","E","M","M","R","B",null,"M","$","?","M","M","$","R","M","T","M","E","R","M","M","R","B",null,"M","M","$","?","?","R","?","M","T","M","R","M","M","M","R","B",null],"character_chosen":"IRONCLAD","items_purchased":["Battle Trance","Vajra","ClockworkSouvenir","Apotheosis","Body Slam","Shrug It Off"],"campfire_rested":0,"item_purchase_floors":[5,19,19,37,37,37],"current_hp_per_floor":[79,75,75,75,75,75,71,71,71,61,61,49,50,44,44,61,80,80,80,80,76,75,75,75,68,68,62,62,62,63,58,58,61,80,78,77,77,76,76,76,76,65,65,66,66,80,65,84,84,49],"gold":110,"neow_bonus":"ONE_RANDOM_RARE_CARD","is_prod":false,"is_daily":false,"chose_seed":false,"campfire_upgraded":3,"win_rate":0,"timestamp":1546825565,"path_taken":["M","M","?","M","$","R","M","?","T","?","$","E","M","M","R","BOSS","M","$","?","M","M","?","R","M","T","M","E","R","M","?","R","BOSS","M","M","$","?","?","R","?","M","T","M","R","M","M","M","R","BOSS"],"build_version":"2019-01-03v4","purchased_purges":1,"victory":true,"max_hp_per_floor":[80,80,80,80,80,80,80,80,80,80,80,80,80,80,80,80,80,80,80,80,80,80,80,80,80,80,80,80,80,80,80,80,80,80,80,80,80,76,76,76,76,76,76,76,76,80,80,84,84,88],"card_choices":[{"not_picked":["Armaments","Evolve"],"picked":"Whirlwind","floor":1.0},{"not_picked":["Shockwave","Thunderclap","Wild Strike"],"picked":"SKIP","floor":2.0},{"not_picked":["Headbutt","Twin Strike","Sentinel"],"picked":"SKIP","floor":4.0},{"not_picked":["Perfected Strike","Whirlwind","Rampage"],"picked":"SKIP","floor":7.0},{"not_picked":["Combust","Feel No Pain","Anger"],"picked":"SKIP","floor":10.0},{"not_picked":["Pummel","Evolve"],"picked":"Shrug It Off","floor":12.0},{"not_picked":["Warcry","True Grit","Armaments"],"picked":"SKIP","floor":13.0},{"not_picked":["Cleave","Pommel Strike"],"picked":"Demon Form","floor":14},{"not_picked":["Bludgeon","Immolate"],"picked":"Limit Break","floor":16},{"not_picked":["Feel No Pain","Headbutt","Perfected Strike"],"picked":"SKIP","floor":18},{"not_picked":["Warcry","Clash+1","Intimidate"],"picked":"SKIP","floor":21},{"not_picked":["Infernal Blade+1","Thunderclap","Battle Trance"],"picked":"SKIP","floor":22},{"not_picked":["Heavy Blade","Perfected Strike","Pommel Strike"],"picked":"SKIP","floor":25},{"not_picked":["True Grit","Sentinel+1","Clothesline"],"picked":"SKIP","floor":27},{"not_picked":["Reckless Charge","Brutality","Power Through"],"picked":"SKIP","floor":28},{"not_picked":["Evolve","Headbutt","Spot Weakness"],"picked":"SKIP","floor":30},{"not_picked":["Clash","Pummel"],"picked":"Armaments+1","floor":31},{"not_picked":["Immolate","Bludgeon"],"picked":"Feed","floor":33},{"not_picked":["Burning Pact","Perfected Strike","Fire Breathing"],"picked":"SKIP","floor":35},{"not_picked":["Armaments","Pommel Strike","Warcry+1"],"picked":"SKIP","floor":36},{"not_picked":["Armaments+1","Cleave+1","Reckless Charge+1"],"picked":"SKIP","floor":42},{"not_picked":["Wild Strike+1","Whirlwind","Power Through+1"],"picked":"SKIP","floor":44},{"not_picked":["Anger","True Grit+1","Pommel Strike"],"picked":"SKIP","floor":46},{"not_picked":["Fire Breathing+1","Twin Strike","Warcry"],"picked":"SKIP","floor":47},{"not_picked":["Feel No Pain+1","Flex+1","Clash+1"],"picked":"SKIP","floor":48}],"player_experience":546656,"relics_obtained":[{"floor":9.0,"key":"Whetstone"},{"floor":12.0,"key":"Pen Nib"},{"floor":26,"key":"Shovel"},{"floor":28,"key":"Mummified Hand"},{"floor":29,"key":"MawBank"},{"floor":32,"key":"Du-Vu Doll"},{"floor":40,"key":"Juzu Bracelet"},{"floor":43,"key":"Oddly Smooth Stone"},{"floor":45,"key":"Ice Cream"},{"floor":49,"key":"Bag of Preparation"}],"event_choices":[{"damage_healed":0.0,"max_hp_gain":0.0,"max_hp_loss":0.0,"gold_gain":0.0,"event_name":"Living Wall","player_choice":"Grow","floor":3.0,"gold_loss":0.0,"damage_taken":0.0,"cards_upgraded":["Whirlwind"]},{"cards_removed":["Strike_R"],"damage_healed":0.0,"max_hp_gain":0.0,"max_hp_loss":0.0,"gold_gain":0.0,"event_name":"Bonfire Elementals","player_choice":"Offered Basic","floor":8.0,"gold_loss":0.0,"damage_taken":0.0},{"damage_healed":0,"gold_gain":0,"player_choice":"Ignored","damage_taken":0,"max_hp_gain":0,"max_hp_loss":0,"event_name":"N\u0027loth","floor":20,"gold_loss":0},{"damage_healed":0,"gold_gain":0,"player_choice":"Max HP","damage_taken":0,"max_hp_gain":0,"max_hp_loss":4,"event_name":"Winding Halls","floor":38,"gold_loss":0},{"damage_healed":0,"gold_gain":100,"player_choice":"Pray","damage_taken":0,"max_hp_gain":0,"max_hp_loss":0,"event_name":"Golden Shrine","floor":39,"gold_loss":0},{"damage_healed":0,"gold_gain":0,"player_choice":"Paid","damage_taken":0,"relics_obtained":["Red Mask"],"max_hp_gain":0,"max_hp_loss":0,"event_name":"Tomb of Lord Red Mask","floor":41,"gold_loss":109}],"is_beta":false,"boss_relics":[{"not_picked":["Runic Cube","Pandora\u0027s Box"],"picked":"Black Blood"},{"not_picked":["Snecko Eye","Astrolabe"],"picked":"Sozu"}],"items_purged_floors":[37],"is_endless":false,"potions_floor_spawned":[1,4,10,13,21,25,28,30,35,36,46,48],"ascension_level":0}