{"gold_per_floor":[111,128,142,156,175,204,204,204,204,218,246,260,293,306,306,404,404,418,437,166,181,181,215,215,227,227,227],"floor_reached":27,"playtime":5412,"items_purged":["Defend_R"],"score":355,"play_id":"5f39ffec-ff76-438b-a4f0-2bb2eb749470","local_time":"20190727125414","is_ascension_mode":true,"campfire_choices":[{"floor":8.0,"key":"REST"},{"floor":15.0,"key":"REST"},{"floor":24,"key":"REST"}],"neow_cost":"NONE","seed_source_timestamp":882092764558,"circlet_count":0,"master_deck":["Strike_R","Strike_R","Strike_R","Strike_R","Defend_R","Defend_R","Defend_R","Bash","Headbutt","Pommel Strike","Clothesline","Carnage","Cleave","Rampage","Shrug It Off","Demon Form","Pummel","Armaments","Offering","Flex+1","Warcry","Headbutt","Shrug It Off"],"special_seed":0,"relics":["Burning Blood","Paper Frog","Lantern","Sundial","Torii","Kunai","Runic Cube","ClockworkSouvenir","Nilry\u0027s Codex","Regal Pillow","Juzu Bracelet"],"potions_floor_usage":[23,23,23],"damage_taken":[{"damage":5.0,"enemies":"Small Slimes","floor":1.0,"turns":5.0},{"damage":1.0,"enemies":"Cultist","floor":2.0,"turns":3.0},{"damage":2.0,"enemies":"Jaw Worm","floor":3.0,"turns":3.0},{"damage":9.0,"enemies":"Red Slaver","floor":4.0,"turns":5.0},{"damage":20.0,"enemies":"Lots of Slimes","floor":5.0,"turns":5.0},{"damage":46.0,"enemies":"Lagavulin","floor":6.0,"turns":6.0},{"damage":0.0,"enemies":"2 Fungi Beasts","floor":10.0,"turns":2.0},{"damage":0.0,"enemies":"Gremlin Nob","floor":11.0,"turns":3.0},{"damage":15.0,"enemies":"3 Louse","floor":12.0,"turns":3.0},{"damage":35.0,"enemies":"Lagavulin","floor":13.0,"turns":5.0},{"damage":1.0,"enemies":"Exordium Wildlife","floor":14.0,"turns":2.0},{"damage":55.0,"enemies":"The Guardian","floor":16.0,"turns":10.0},{"damage":20.0,"enemies":"Shell Parasite","floor":18.0,"turns":5.0},{"damage":0.0,"enemies":"Spheric Guardian","floor":19.0,"turns":2.0},{"damage":26.0,"enemies":"Snecko","floor":21.0,"turns":4.0},{"damage":2,"enemies":"Gremlin Leader","floor":23,"turns":6},{"damage":30,"enemies":"Snake Plant","floor":25,"turns":3},{"damage":39,"enemies":"Slavers","floor":27,"turns":2}],"seed_played":"-7540599533587717236","potions_obtained":[{"floor":5.0,"key":"Dexterity Potion"},{"floor":10.0,"key":"SkillPotion"},{"floor":11.0,"key":"Regen Potion"},{"floor":12.0,"key":"Dexterity Potion"},{"floor":13.0,"key":"LiquidBronze"},{"floor":16.0,"key":"SpeedPotion"},{"floor":19.0,"key":"SpeedPotion"},{"floor":21.0,"key":"PowerPotion"}],"is_trial":false,"path_per_floor":["M","M","M","M","M","E","?","R","T","M","E","M","E","M","R","B",null,"M","M","$","M","?","E","R","M","T","E"],"character_chosen":"IRONCLAD","items_purchased":["ClockworkSouvenir"],"campfire_rested":3,"item_purchase_floors":[20],"current_hp_per_floor":[80,80,80,77,63,23,23,47,47,53,59,50,21,26,50,16,64,50,56,56,36,20,24,63,39,39,0],"gold":227,"neow_bonus":"REMOVE_CARD","is_prod":false,"is_daily":false,"chose_seed":false,"campfire_upgraded":0,"win_rate":0,"timestamp":1564250054,"path_taken":["M","M","M","M","M","E","?","R","T","M","E","M","E","M","R","BOSS","M","M","$","M","?","E","R","M","T","E"],"build_version":"2019-07-17","purchased_purges":1,"victory":false,"max_hp_per_floor":[80,80,80,80,80,80,80,80,80,80,80,80,80,80,80,80,80,80,80,80,80,80,80,80,80,80,80],"card_choices":[{"not_picked":["Sword Boomerang","Inflame"],"picked":"Headbutt","floor":1.0},{"not_picked":["Twin Strike","Anger"],"picked":"Pommel Strike","floor":2.0},{"not_picked":["Hemokinesis","Twin Strike"],"picked":"Clothesline","floor":3.0},{"not_picked":["Reckless Charge","True Grit"],"picked":"Carnage","floor":4.0},{"not_picked":["Perfected Strike","Heavy Blade"],"picked":"Cleave","floor":5.0},{"not_picked":["Shockwave","Metallicize"],"picked":"Rampage","floor":6.0},{"not_picked":["Warcry","Bludgeon"],"picked":"Shrug It Off","floor":10.0},{"not_picked":["Havoc","Dual Wield"],"picked":"Demon Form","floor":11.0},{"not_picked":["Body Slam","Whirlwind"],"picked":"Pummel","floor":12.0},{"not_picked":["Burning Pact","Fire Breathing"],"picked":"Armaments","floor":13.0},{"not_picked":["Cleave","Blood for Blood","Twin Strike"],"picked":"SKIP","floor":14.0},{"not_picked":["Impervious","Juggernaut"],"picked":"Offering","floor":16.0},{"not_picked":["Infernal Blade","Clash+1"],"picked":"Flex+1","floor":18.0},{"not_picked":["Fire Breathing+1","Evolve"],"picked":"Warcry","floor":19.0},{"not_picked":["Seeing Red","Rupture"],"picked":"Headbutt","floor":21.0},{"not_picked":["Rampage","Disarm"],"picked":"Shrug It Off","floor":23},{"not_picked":["Cleave+1","Clash+1","Pommel Strike"],"picked":"SKIP","floor":25}],"player_experience":700330,"relics_obtained":[{"floor":6.0,"key":"Paper Frog"},{"floor":9.0,"key":"Sundial"},{"floor":11.0,"key":"Torii"},{"floor":13.0,"key":"Kunai"},{"floor":22.0,"key":"Nilry\u0027s Codex"},{"floor":23,"key":"Regal Pillow"},{"floor":26,"key":"Juzu Bracelet"}],"event_choices":[{"damage_healed":0.0,"max_hp_gain":0.0,"max_hp_loss":0.0,"gold_gain":0.0,"event_name":"WeMeetAgain","player_choice":"Gave Potion","floor":7.0,"gold_loss":0.0,"damage_taken":0.0,"relics_obtained":["Lantern"]},{"damage_healed":0.0,"max_hp_gain":0.0,"max_hp_loss":0.0,"gold_gain":0.0,"event_name":"Cursed Tome","player_choice":"Obtained Book","floor":22.0,"gold_loss":0.0,"damage_taken":16.0}],"is_beta":false,"boss_relics":[{"not_picked":["Tiny House","Coffee Dripper"],"picked":"Runic Cube"}],"items_purged_floors":[20],"is_endless":false,"potions_floor_spawned":[5,10,11,12,13,16,19,21],"killed_by":"Slavers","ascension_level":5}