{"gold_per_floor":[115,126,126,76,87,87,114,114,114,114,128,128,155,155,155,256,256,276,276,201,301,301,301,321,32,84,84,113,130,146,146,146,249,249,266,276,295,310,2,2,33,50,74,90,90,0,0,28,28,28],"floor_reached":51,"playtime":3671,"items_purged":["Defend_R","Strike_R"],"score":1010,"play_id":"08fa8225-bd87-4102-b2e4-b9d8676f7772","local_time":"20181109235509","is_ascension_mode":true,"campfire_choices":[{"data":"Armaments","floor":6,"key":"SMITH"},{"data":"True Grit","floor":8,"key":"SMITH"},{"data":"Bash","floor":10,"key":"SMITH"},{"data":"Cleave","floor":12,"key":"SMITH"},{"data":"Whirlwind","floor":15,"key":"SMITH"},{"data":"Barricade","floor":23,"key":"SMITH"},{"floor":27,"key":"REST"},{"floor":32,"key":"REST"},{"floor":40,"key":"RECALL"},{"floor":45,"key":"REST"},{"floor":49,"key":"REST"}],"neow_cost":"NONE","seed_source_timestamp":35769570990273,"circlet_count":0,"master_deck":["Strike_R","Strike_R","Defend_R","Defend_R+1","Defend_R+1","Bash+1","True Grit+1","Cleave+1","Whirlwind+1","Barricade+1","Rampage+1","Battle Trance+1","Headbutt","Fire Breathing","Shrug It Off+1","Flex+1","Secret Technique+1","Seeing Red+1"],"relics":["Burning Blood","Kunai","Ornamental Fan","Orichalcum","Toxic Egg 2","Philosopher\u0027s Stone","Gambling Chip","Letter Opener","The Courier","Oddly Smooth Stone","War Paint","Thread and Needle","Fusion Hammer","Pear","Red Mask","Bottled Flame"],"potions_floor_usage":[7,7,7,13,16,16,18,28,30,33,33,41,41,48,50],"damage_taken":[{"damage":9,"enemies":"Jaw Worm","floor":1,"turns":5},{"damage":9,"enemies":"Small Slimes","floor":2,"turns":4},{"damage":1,"enemies":"2 Louse","floor":5,"turns":4},{"damage":24,"enemies":"Lagavulin","floor":7,"turns":9},{"damage":2,"enemies":"Looter","floor":11,"turns":4},{"damage":13,"enemies":"Gremlin Nob","floor":13,"turns":3},{"damage":38,"enemies":"The Guardian","floor":16,"turns":15},{"damage":0,"enemies":"Spheric Guardian","floor":18,"turns":3},{"damage":24,"enemies":"Colosseum Slavers","floor":21,"turns":4},{"damage":34,"enemies":"Colosseum Nobs","floor":21,"turns":5},{"damage":0,"enemies":"Chosen","floor":24,"turns":3},{"damage":54,"enemies":"Slavers","floor":28,"turns":6},{"damage":3,"enemies":"Snecko","floor":29,"turns":3},{"damage":8,"enemies":"Cultist and Chosen","floor":30,"turns":5},{"damage":28,"enemies":"Automaton","floor":33,"turns":9},{"damage":0,"enemies":"3 Darklings","floor":35,"turns":2},{"damage":0,"enemies":"3 Shapes","floor":36,"turns":4},{"damage":7,"enemies":"Jaw Worm Horde","floor":37,"turns":3},{"damage":0,"enemies":"Spire Growth","floor":38,"turns":7},{"damage":34,"enemies":"Nemesis","floor":41,"turns":9},{"damage":0,"enemies":"Maw","floor":42,"turns":6},{"damage":0,"enemies":"3 Darklings","floor":44,"turns":1},{"damage":0,"enemies":"Reptomancer","floor":48,"turns":5},{"damage":35,"enemies":"Awakened One","floor":50,"turns":11}],"seed_played":"-2491163180389026944","potions_obtained":[{"floor":2,"key":"EssenceOfSteel"},{"floor":5,"key":"EntropicBrew"},{"floor":11,"key":"Fruit Juice"},{"floor":13,"key":"SpeedPotion"},{"floor":16,"key":"Swift Potion"},{"floor":21,"key":"LiquidBronze"},{"floor":29,"key":"BloodPotion"},{"floor":30,"key":"Swift Potion"},{"floor":37,"key":"Block Potion"},{"floor":41,"key":"Swift Potion"},{"floor":48,"key":"FearPotion"}],"is_trial":false,"path_per_floor":["M","M","?","?","M","R","E","R","T","R","M","R","E","T","R","B",null,"M","?","?","?","T","R","M","$","T","R","E","M","M","$","R","B",null,"M","M","M","M","$","R","E","M","T","M","R","?","?","E","R","B",null],"character_chosen":"IRONCLAD","items_purchased":["Battle Trance+1","Oddly Smooth Stone","Headbutt","Secret Technique+1","Fruit Juice"],"campfire_rested":4,"item_purchase_floors":[25,25,25,39,39],"current_hp_per_floor":[85,82,82,82,87,87,69,69,69,69,73,73,71,71,71,39,80,86,86,86,40,40,40,46,46,46,73,25,28,35,35,62,40,80,86,92,91,93,93,93,80,86,86,92,108,108,108,108,108,79],"gold":28,"neow_bonus":"TEN_PERCENT_HP_BONUS","is_prod":false,"is_daily":false,"chose_seed":false,"campfire_upgraded":6,"win_rate":0,"timestamp":1541804109,"path_taken":["M","M","?","?","M","R","E","R","T","R","M","R","E","?","R","BOSS","M","?","?","?","?","R","M","$","T","R","E","?","M","$","R","BOSS","M","?","M","M","$","R","E","M","T","M","R","?","?","E","R","BOSS"],"build_version":"2018-11-08","purchased_purges":2,"victory":true,"max_hp_per_floor":[88,88,88,88,88,88,88,88,88,88,88,88,93,93,93,93,93,93,93,93,93,93,93,93,93,93,93,93,93,93,93,93,93,93,93,93,93,93,93,93,108,108,108,108,108,108,108,108,108,108],"card_choices":[{"not_picked":["Perfected Strike","Thunderclap"],"picked":"True Grit","floor":1},{"not_picked":["Body Slam","Hemokinesis"],"picked":"Armaments","floor":2},{"not_picked":["Warcry","Burning Pact","Shockwave"],"picked":"SKIP","floor":5},{"not_picked":["Shockwave","Fiend Fire","Warcry"],"picked":"SKIP","floor":7},{"not_picked":["Wild Strike","Pommel Strike"],"picked":"Cleave","floor":11},{"not_picked":["Heavy Blade","Armaments"],"picked":"Whirlwind","floor":13},{"not_picked":["Offering+1","Feed"],"picked":"Barricade","floor":16},{"not_picked":["Reckless Charge","Anger","Clash+1"],"picked":"SKIP","floor":18},{"not_picked":["Perfected Strike","Headbutt+1"],"picked":"Rampage+1","floor":21},{"not_picked":["Corruption","True Grit+1","Heavy Blade"],"picked":"SKIP","floor":24},{"not_picked":["Heavy Blade","Headbutt"],"picked":"Fire Breathing","floor":28},{"not_picked":["Warcry+1","Clash+1","Havoc+1"],"picked":"SKIP","floor":29},{"not_picked":["Pommel Strike","Shockwave+1","Anger"],"picked":"SKIP","floor":30},{"not_picked":["Cleave","Intimidate+1","Anger"],"picked":"SKIP","floor":35},{"not_picked":["Perfected Strike+1","Headbutt+1"],"picked":"Shrug It Off+1","floor":36},{"not_picked":["Thunderclap","Blood for Blood+1","Power Through+1"],"picked":"SKIP","floor":37},{"not_picked":["Feel No Pain","Warcry+1"],"picked":"Flex+1","floor":38},{"not_picked":["Heavy Blade+1","Wild Strike","Rupture+1"],"picked":"SKIP","floor":41},{"not_picked":["True Grit+1","Whirlwind","Havoc+1"],"picked":"SKIP","floor":42},{"not_picked":["Infernal Blade+1","Sword Boomerang"],"picked":"Seeing Red+1","floor":44},{"not_picked":["Limit Break+1","Ghostly Armor+1","Feel No Pain+1"],"picked":"SKIP","floor":48}],"player_experience":632232,"relics_obtained":[{"floor":7,"key":"Kunai"},{"floor":9,"key":"Ornamental Fan"},{"floor":13,"key":"Orichalcum"},{"floor":14,"key":"Toxic Egg 2"},{"floor":21,"key":"Gambling Chip"},{"floor":21,"key":"Letter Opener"},{"floor":22,"key":"The Courier"},{"floor":26,"key":"War Paint"},{"floor":28,"key":"Thread and Needle"},{"floor":41,"key":"Pear"},{"floor":48,"key":"Bottled Flame"}],"event_choices":[{"damage_healed":0,"gold_gain":0,"player_choice":"Ignored","damage_taken":0,"max_hp_gain":0,"max_hp_loss":0,"event_name":"Liars Game","floor":3,"gold_loss":0},{"cards_removed":["Strike_R"],"damage_healed":0,"gold_gain":0,"player_choice":"Card Removal","damage_taken":0,"max_hp_gain":0,"max_hp_loss":0,"event_name":"The Cleric","floor":4,"gold_loss":50},{"damage_healed":0,"gold_gain":0,"player_choice":"Ignored","damage_taken":0,"max_hp_gain":0,"max_hp_loss":0,"event_name":"Ghosts","floor":19,"gold_loss":0},{"cards_removed":["Strike_R"],"damage_healed":0,"gold_gain":0,"player_choice":"Gave Gold","damage_taken":0,"max_hp_gain":0,"max_hp_loss":0,"event_name":"Beggar","floor":20,"gold_loss":75},{"damage_healed":0,"gold_gain":0,"player_choice":"Fight","damage_taken":0,"max_hp_gain":0,"max_hp_loss":0,"event_name":"Colosseum","floor":21,"gold_loss":0},{"damage_healed":0,"gold_gain":0,"player_choice":"Fought Nobs","damage_taken":0,"max_hp_gain":0,"max_hp_loss":0,"event_name":"Colosseum","floor":21,"gold_loss":0},{"damage_healed":0,"gold_gain":0,"player_choice":"Paid","damage_taken":0,"relics_obtained":["Red Mask"],"max_hp_gain":0,"max_hp_loss":0,"event_name":"Tomb of Lord Red Mask","floor":46,"gold_loss":90},{"cards_removed":["Armaments"],"damage_healed":0,"gold_gain":0,"player_choice":"Removed Skill","damage_taken":0,"max_hp_gain":0,"max_hp_loss":0,"event_name":"Falling","floor":47,"gold_loss":0}],"is_beta":true,"boss_relics":[{"not_picked":["Empty Cage","Coffee Dripper"],"picked":"Philosopher\u0027s Stone"},{"not_picked":["Velvet Choker","Snecko Eye"],"picked":"Fusion Hammer"}],"items_purged_floors":[25,39],"is_endless":false,"potions_floor_spawned":[2,5,11,13,16,21,21,29,30,37,41,48],"ascension_level":5}