{"path_per_floor":["M","?","M","$","?","E","M","R","T","M","M","$","R","E","R","B",null,"M","?","M","?","M","R","M","?","T","R","M","M","M","$","R","B",null,"M","?","M","$","M","$","?","R","T","R","M","E","M","M","R","B",null,"M","M","?","M","$","R","E","R","T","M","M","$","R","M","R","B",null,"M","M","M","$","M","R","M","M","E","M","E","M","?","M","R","B",null,"M","M","M","M","$","E","R","M","E","?","M","M","?","$","R","B",null,"M","?","M","?","$","R","E","M","E","M","M","M","M","M","R","B",null,"M","M","$","?","M","R","E","$","E","R","M","M","M","$","R","B",null],"character_chosen":"THE_SILENT","items_purchased":["Blood Vial","Shuriken","Flash of Steel","Singing Bowl","Bag of Preparation"],"gold_per_floor":[117,117,133,58,58,92,111,111,111,130,155,55,55,96,96,225,225,238,238,263,263,282,282,305,305,332,332,353,378,393,120,120,249,249,270,270,294,144,167,167,167,167,197,197,213,249,270,290,290,418,418,431,454,454,472,54,54,93,93,93,117,138,39,39,55,55,185,185,210,224,247,94,108,108,123,142,180,194,228,251,251,272,272,403,403,419,432,457,478,278,318,318,332,372,372,387,402,735,510,510,606,606,618,618,631,689,439,439,472,490,515,535,548,564,579,599,599,699,699,719,730,310,310,328,328,353,53,79,79,95,107,126,126,126,221,221,221],"floor_reached":137,"campfire_rested":9,"playtime":11475,"item_purchase_floors":[31,56,63,72,122],"current_hp_per_floor":[70,53,53,53,60,41,41,41,41,41,38,38,62,62,62,51,80,80,80,74,74,58,58,36,20,20,44,44,38,40,40,65,52,85,85,85,85,85,85,85,85,85,85,85,85,83,85,85,85,85,85,85,85,85,85,85,85,85,85,85,85,85,85,85,85,85,85,85,85,85,85,85,87,87,89,91,93,95,97,99,90,94,101,103,103,105,105,109,111,111,111,111,113,115,115,117,117,117,117,117,119,119,121,121,123,125,125,125,127,129,131,133,135,137,139,141,141,143,143,145,147,147,147,149,149,151,151,147,153,155,157,159,159,159,98,161,0],"items_purged":["Defend_G","Strike_G","Strike_G","Defend_G","Strike_G","Noxious Fumes+1","Survivor+1","Doubt","Regret","Writhe"],"gold":221,"score":3388,"play_id":"f387d373-d9b0-4af8-a992-7e480902b533","local_time":"20180621072348","is_prod":false,"is_daily":false,"chose_seed":false,"is_ascension_mode":false,"campfire_upgraded":13,"win_rate":0,"timestamp":1529558628,"campfire_choices":[{"data":"Heel Hook","floor":8,"key":"SMITH"},{"floor":13,"key":"REST"},{"data":"Noxious Fumes","floor":15,"key":"SMITH"},{"data":"A Thousand Cuts","floor":23,"key":"SMITH"},{"floor":27,"key":"REST"},{"floor":32,"key":"REST"},{"data":"Heel Hook","floor":42,"key":"SMITH"},{"data":"Neutralize","floor":44,"key":"SMITH"},{"data":"Flash of Steel","floor":49,"key":"SMITH"},{"data":"Heel Hook","floor":57,"key":"SMITH"},{"data":"Adrenaline","floor":59,"key":"SMITH"},{"data":"Flash of Steel","floor":64,"key":"SMITH"},{"data":"Survivor","floor":66,"key":"SMITH"},{"data":"Leg Sweep","floor":74,"key":"SMITH"},{"floor":83,"key":"REST"},{"data":"Escape Plan","floor":92,"key":"SMITH"},{"data":"Choke","floor":100,"key":"SMITH"},{"floor":108,"key":"REST"},{"floor":117,"key":"REST"},{"floor":125,"key":"REST"},{"floor":129,"key":"REST"},{"floor":134,"key":"REST"}],"path_taken":["M","?","?","?","?","E","?","R","T","M","?","$","R","E","R","BOSS","M","?","M","?","M","R","M","?","T","R","M","M","?","$","R","BOSS","M","?","M","$","M","$","?","R","T","R","?","E","M","?","R","BOSS","M","M","?","M","$","R","E","R","T","M","?","$","R","M","R","BOSS","M","M","M","$","M","R","M","M","E","M","E","M","?","M","R","BOSS","M","M","M","M","$","E","R","M","E","?","M","?","?","$","R","BOSS","M","?","M","?","$","R","E","M","E","M","M","M","M","?","R","BOSS","M","M","$","?","M","R","E","$","E","R","M","M","M","$","R","BOSS","M"],"build_version":"2018-06-19v2","seed_source_timestamp":19577319819341,"purchased_purges":10,"circlet_count":0,"victory":false,"master_deck":["Neutralize+1","Heel Hook+1","Escape Plan+1","A Thousand Cuts+1","Heel Hook+1","Flash of Steel+1","Adrenaline+1","Heel Hook+1","Flash of Steel+1","Acrobatics+1","Choke+1","Doubt","Doubt","Regret"],"max_hp_per_floor":[70,70,70,70,80,80,80,80,80,80,80,80,80,80,80,80,80,80,80,80,80,80,80,80,80,80,80,80,80,85,85,85,85,85,85,85,85,85,85,85,85,85,85,85,85,85,85,85,85,85,85,85,85,85,85,85,85,85,85,85,85,85,85,85,85,85,85,85,85,85,85,85,87,87,89,91,93,95,97,99,99,101,101,103,103,105,107,109,111,111,111,111,113,115,115,117,117,117,117,117,119,119,121,121,123,125,125,125,127,129,131,133,135,137,139,141,141,143,143,145,147,147,147,149,149,151,151,153,153,155,157,159,159,159,161,161,161],"special_seed":17703,"relics":["Ring of the Snake","Pear","Boot","Dodecahedron","Bag of Marbles","White Beast Statue","Enchiridion","Lantern","Blood Vial","Empty Cage","Tiny Chest","Anchor","Shuriken","Bronze Scales","Singing Bowl","Pen Nib","Bag of Preparation"],"card_choices":[{"not_picked":["Underhanded Strike","Backflip"],"picked":"Noxious Fumes","floor":1},{"not_picked":["Skewer","Dagger Throw"],"picked":"Heel Hook","floor":3},{"not_picked":["Poisoned Stab","Phantasmal Killer"],"picked":"Escape Plan","floor":6},{"not_picked":["Cloak And Dagger","Well Laid Plans","Prepared"],"picked":"SKIP","floor":7},{"not_picked":["Leg Sweep","Crippling Poison","All Out Attack"],"picked":"SKIP","floor":10},{"not_picked":["Poisoned Stab","Bane","Deadly Poison"],"picked":"SKIP","floor":11},{"not_picked":["Poisoned Stab","Deadly Poison","Prepared"],"picked":"SKIP","floor":14},{"not_picked":["Bullet Time","Wraith Form v2"],"picked":"A Thousand Cuts","floor":16},{"not_picked":["Deadly Poison","Dodge and Roll","Skewer"],"picked":"SKIP","floor":18},{"not_picked":["Choke","Backflip+1","Malaise"],"picked":"SKIP","floor":20},{"not_picked":["PiercingWail+1","Dagger Throw","Backflip+1"],"picked":"SKIP","floor":22},{"not_picked":["Backflip","Distraction","Blade Dance+1"],"picked":"SKIP","floor":24},{"not_picked":["Dash","Bane+1","Slice"],"picked":"SKIP","floor":28},{"not_picked":["Dagger Throw","Bane"],"picked":"Heel Hook","floor":29},{"not_picked":["Distraction","Dagger Spray","Backflip"],"picked":"SKIP","floor":30},{"not_picked":["Bane","PiercingWail","Deadly Poison"],"picked":"SKIP","floor":35},{"not_picked":["Skewer+1","Crippling Poison","Terror"],"picked":"SKIP","floor":37},{"not_picked":["Catalyst+1","Flying Knee","Blade Dance"],"picked":"SKIP","floor":39},{"not_picked":["Infinite Blades","Backstab","Backflip+1"],"picked":"SKIP","floor":45},{"not_picked":["Infinite Blades","Backstab","Backflip+1"],"picked":"SKIP","floor":45},{"not_picked":["All Out Attack+1","Sucker Punch+1","Quick Slash+1"],"picked":"SKIP","floor":46},{"not_picked":["Underhanded Strike+1","Bane","Phantasmal Killer"],"picked":"SKIP","floor":47},{"not_picked":["Dagger Throw","Poisoned Stab","Predator"],"picked":"SKIP","floor":48},{"not_picked":["Wraith Form v2","Tactician"],"picked":"Adrenaline","floor":50},{"not_picked":["Deflect","Prepared","Crippling Poison"],"picked":"SKIP","floor":52},{"not_picked":["Dagger Throw","Backstab","Blur"],"picked":"SKIP","floor":53},{"not_picked":["Slice","Eviscerate"],"picked":"Heel Hook","floor":55},{"not_picked":["Bouncing Flask","Finisher","All Out Attack"],"picked":"SKIP","floor":58},{"not_picked":["Expertise","Concentrate","Backstab"],"picked":"SKIP","floor":61},{"not_picked":["Dagger Spray","Masterful Stab","Calculated Gamble"],"picked":"SKIP","floor":62},{"not_picked":["Prepared","Deadly Poison","Cloak And Dagger"],"picked":"SKIP","floor":65},{"not_picked":["All Out Attack+1","Endless Agony","Escape Plan"],"picked":"SKIP","floor":69},{"not_picked":["Flying Knee+1","Underhanded Strike","Poisoned Stab+1"],"picked":"SKIP","floor":70},{"not_picked":["Dagger Spray","Dodge and Roll","Cloak And Dagger"],"picked":"SKIP","floor":71},{"not_picked":["Malaise","Calculated Gamble","Flying Knee"],"picked":"Singing Bowl","floor":73},{"not_picked":["Quick Slash","Finisher","Outmaneuver+1"],"picked":"Singing Bowl","floor":75},{"not_picked":["Endless Agony","Blade Dance","Slice"],"picked":"Singing Bowl","floor":76},{"not_picked":["Dagger Spray","Bouncing Flask+1","Deadly Poison"],"picked":"Singing Bowl","floor":77},{"not_picked":["Escape Plan","Die Die Die","Quick Slash"],"picked":"Singing Bowl","floor":78},{"not_picked":["Deadly Poison","Distraction","Leg Sweep+1"],"picked":"Singing Bowl","floor":79},{"not_picked":["PiercingWail+1","Blade Dance","Malaise"],"picked":"Singing Bowl","floor":80},{"not_picked":["Cloak And Dagger","Expertise","Outmaneuver+1"],"picked":"Singing Bowl","floor":82},{"not_picked":["Bullet Time","Night Terror","Unload"],"picked":"Singing Bowl","floor":84},{"not_picked":["Backflip","Riddle With Holes+1","Expertise"],"picked":"Singing Bowl","floor":86},{"not_picked":["Masterful Stab","Catalyst+1","PiercingWail+1"],"picked":"Singing Bowl","floor":87},{"not_picked":["Noxious Fumes","Crippling Poison","Underhanded Strike"],"picked":"Singing Bowl","floor":88},{"not_picked":["Bane+1","PiercingWail+1","Concentrate"],"picked":"Singing Bowl","floor":89},{"not_picked":["Distraction+1","Deflect"],"picked":"Acrobatics+1","floor":91},{"not_picked":["Sucker Punch","Slice","Die Die Die"],"picked":"Singing Bowl","floor":93},{"not_picked":["Outmaneuver+1","Flying Knee","Dodge and Roll+1"],"picked":"Singing Bowl","floor":94},{"not_picked":["PiercingWail","Deadly Poison","Leg Sweep+1"],"picked":"Singing Bowl","floor":96},{"not_picked":["Cloak And Dagger","Corpse Explosion"],"picked":"Choke","floor":97},{"not_picked":["Envenom","Storm of Steel","Doppelganger"],"picked":"Singing Bowl","floor":101},{"not_picked":["Quick Slash","Skewer","Dagger Throw"],"picked":"Singing Bowl","floor":103},{"not_picked":["Dodge and Roll","Footwork","Acrobatics"],"picked":"Singing Bowl","floor":105},{"not_picked":["Crippling Poison","Distraction","Prepared"],"picked":"Singing Bowl","floor":106},{"not_picked":["Reflex","Noxious Fumes","Terror"],"picked":"Singing Bowl","floor":109},{"not_picked":["Riddle With Holes","Dodge and Roll","Dagger Spray"],"picked":"Singing Bowl","floor":110},{"not_picked":["Underhanded Strike","Slice","Prepared"],"picked":"Singing Bowl","floor":111},{"not_picked":["Noxious Fumes","Dodge and Roll","Poisoned Stab"],"picked":"Singing Bowl","floor":112},{"not_picked":["Cloak And Dagger","Flying Knee","Dodge and Roll"],"picked":"Singing Bowl","floor":113},{"not_picked":["Flying Knee","Blur","Footwork"],"picked":"Singing Bowl","floor":114},{"not_picked":["Dagger Throw","Corpse Explosion","PiercingWail"],"picked":"Singing Bowl","floor":115},{"not_picked":["Crippling Poison","Prepared","Distraction"],"picked":"Singing Bowl","floor":116},{"not_picked":["Die Die Die","Tools of the Trade","A Thousand Cuts"],"picked":"Singing Bowl","floor":118},{"not_picked":["Slice","Bane+1","Skewer"],"picked":"Singing Bowl","floor":120},{"not_picked":["Sucker Punch+1","Cloak And Dagger+1","Acrobatics"],"picked":"Singing Bowl","floor":121},{"not_picked":["Flying Knee+1","Acrobatics","Caltrops"],"picked":"Singing Bowl","floor":124},{"not_picked":["Dagger Throw+1","Prepared","Dodge and Roll"],"picked":"Singing Bowl","floor":126},{"not_picked":["Underhanded Strike","Calculated Gamble","Bane"],"picked":"Singing Bowl","floor":128},{"not_picked":["Deflect+1","Well Laid Plans","Skewer"],"picked":"Singing Bowl","floor":130},{"not_picked":["Slice","All Out Attack","Flechettes"],"picked":"Singing Bowl","floor":131},{"not_picked":["Malaise","Quick Slash","Deadly Poison"],"picked":"Singing Bowl","floor":132},{"not_picked":["Glass Knife","Die Die Die","A Thousand Cuts"],"picked":"Singing Bowl","floor":135}],"player_experience":449976,"potions_floor_usage":[6,11,14,20,22,24,28,28,30,33,35,35,39,50,128,128,135,137,137],"damage_taken":[{"damage":0,"enemies":"Small Slimes","floor":1,"turns":5},{"damage":0,"enemies":"2 Louse","floor":3,"turns":4},{"damage":19,"enemies":"Gremlin Nob","floor":6,"turns":4},{"damage":0,"enemies":"Cultist","floor":7,"turns":5},{"damage":0,"enemies":"Red Slaver","floor":10,"turns":4},{"damage":3,"enemies":"Large Slime","floor":11,"turns":6},{"damage":0,"enemies":"Lagavulin","floor":14,"turns":8},{"damage":11,"enemies":"The Guardian","floor":16,"turns":12},{"damage":0,"enemies":"Shell Parasite","floor":18,"turns":7},{"damage":6,"enemies":"Spheric Guardian","floor":20,"turns":5},{"damage":16,"enemies":"3 Cultists","floor":22,"turns":6},{"damage":22,"enemies":"Chosen and Byrds","floor":24,"turns":6},{"damage":0,"enemies":"Snake Plant","floor":28,"turns":5},{"damage":6,"enemies":"3 Cultists","floor":29,"turns":4},{"damage":3,"enemies":"Snecko","floor":30,"turns":5},{"damage":15,"enemies":"Automaton","floor":33,"turns":11},{"damage":0,"enemies":"Orb Walker","floor":35,"turns":2},{"damage":0,"enemies":"Flame Bruiser 1 Orb","floor":37,"turns":4},{"damage":0,"enemies":"Maw","floor":39,"turns":1},{"damage":0,"enemies":"3 Darklings","floor":45,"turns":2},{"damage":2,"enemies":"2 Orb Walkers","floor":46,"turns":4},{"damage":0,"enemies":"4 Shapes","floor":47,"turns":2},{"damage":0,"enemies":"Maw","floor":48,"turns":2},{"damage":0,"enemies":"Awakened One","floor":50,"turns":3},{"damage":0,"enemies":"Small Slimes","floor":52,"turns":1},{"damage":0,"enemies":"Cultist","floor":53,"turns":1},{"damage":0,"enemies":"2 Louse","floor":55,"turns":1},{"damage":0,"enemies":"Gremlin Nob","floor":58,"turns":1},{"damage":0,"enemies":"Blue Slaver","floor":61,"turns":1},{"damage":0,"enemies":"Exordium Thugs","floor":62,"turns":1},{"damage":0,"enemies":"Exordium Wildlife","floor":65,"turns":1},{"damage":0,"enemies":"Slime Boss","floor":67,"turns":1},{"damage":0,"enemies":"Shell Parasite","floor":69,"turns":1},{"damage":0,"enemies":"3 Byrds","floor":70,"turns":1},{"damage":0,"enemies":"Snake Plant","floor":71,"turns":1},{"damage":0,"enemies":"Centurion and Healer","floor":73,"turns":1},{"damage":0,"enemies":"Snecko","floor":75,"turns":1},{"damage":0,"enemies":"3 Cultists","floor":76,"turns":1},{"damage":0,"enemies":"Gremlin Leader","floor":77,"turns":1},{"damage":0,"enemies":"Slaver and Parasite","floor":78,"turns":1},{"damage":0,"enemies":"Slavers","floor":79,"turns":1},{"damage":0,"enemies":"Centurion and Healer","floor":80,"turns":1},{"damage":0,"enemies":"Snake Plant","floor":82,"turns":1},{"damage":0,"enemies":"Collector","floor":84,"turns":1},{"damage":0,"enemies":"3 Darklings","floor":86,"turns":1},{"damage":2,"enemies":"3 Shapes","floor":87,"turns":1},{"damage":0,"enemies":"Spire Growth","floor":88,"turns":1},{"damage":0,"enemies":"Sphere and 2 Shapes","floor":89,"turns":1},{"damage":0,"enemies":"2 Orb Walkers","floor":91,"turns":1},{"damage":0,"enemies":"Maw","floor":93,"turns":1},{"damage":0,"enemies":"Giant Head","floor":94,"turns":1},{"damage":0,"enemies":"Spire Growth","floor":96,"turns":1},{"damage":0,"enemies":"Flame Bruiser 2 Orb","floor":97,"turns":1},{"damage":0,"enemies":"Awakened One","floor":101,"turns":2},{"damage":0,"enemies":"Cultist","floor":103,"turns":1},{"damage":0,"enemies":"2 Louse","floor":105,"turns":1},{"damage":0,"enemies":"Gremlin Nob","floor":106,"turns":1},{"damage":0,"enemies":"3 Sentries","floor":109,"turns":2},{"damage":0,"enemies":"Small Slimes","floor":110,"turns":1},{"damage":0,"enemies":"Gremlin Nob","floor":111,"turns":1},{"damage":0,"enemies":"3 Louse","floor":112,"turns":1},{"damage":0,"enemies":"Exordium Thugs","floor":113,"turns":1},{"damage":0,"enemies":"Large Slime","floor":114,"turns":1},{"damage":0,"enemies":"Looter","floor":115,"turns":1},{"damage":0,"enemies":"Exordium Thugs","floor":116,"turns":1},{"damage":0,"enemies":"Slime Boss","floor":118,"turns":2},{"damage":0,"enemies":"2 Thieves","floor":120,"turns":1},{"damage":0,"enemies":"Shell Parasite","floor":121,"turns":1},{"damage":0,"enemies":"Snake Plant","floor":124,"turns":2},{"damage":0,"enemies":"Slavers","floor":126,"turns":1},{"damage":6,"enemies":"Book of Stabbing","floor":128,"turns":3},{"damage":0,"enemies":"Slaver and Parasite","floor":130,"turns":1},{"damage":0,"enemies":"3 Cultists","floor":131,"turns":2},{"damage":0,"enemies":"Snake Plant","floor":132,"turns":1},{"damage":63,"enemies":"Collector","floor":135,"turns":5},{"damage":180,"enemies":"3 Darklings","floor":137,"turns":7}],"relics_obtained":[{"floor":6,"key":"Boot"},{"floor":9,"key":"Dodecahedron"},{"floor":14,"key":"Bag of Marbles"},{"floor":25,"key":"Enchiridion"},{"floor":26,"key":"Lantern"},{"floor":43,"key":"Tiny Chest"},{"floor":46,"key":"Anchor"},{"floor":60,"key":"Bronze Scales"}],"event_choices":[{"event_name":"Golden Idol","player_choice":"Take Damage","floor":2,"damage_taken":0},{"event_name":"Scrap Ooze","player_choice":"success","floor":5,"damage_taken":3},{"event_name":"Ghosts","player_choice":"Ignored","floor":19,"damage_taken":0},{"event_name":"Back to Basics","player_choice":"Elegance","floor":21,"damage_taken":0},{"event_name":"Cursed Tome","player_choice":"Obtained Book","floor":25,"damage_taken":0},{"event_name":"Falling","player_choice":"Removed Skill","floor":36,"damage_taken":0},{"event_name":"Match and Keep!","player_choice":"1 cards matched","floor":41,"damage_taken":0},{"event_name":"Golden Idol","player_choice":"Ignored","floor":54,"damage_taken":0},{"event_name":"Knowing Skull","player_choice":"","floor":81,"damage_taken":0},{"event_name":"Falling","player_choice":"Removed Skill","floor":95,"damage_taken":0},{"event_name":"The Moai Head","player_choice":"Gave Idol","floor":98,"damage_taken":0},{"event_name":"Shining Light","player_choice":"Ignored","floor":104,"damage_taken":0},{"event_name":"Dead Adventurer","player_choice":"Searched \u00273\u0027 times","floor":106,"damage_taken":0},{"event_name":"Drug Dealer","player_choice":"Ignored","floor":123,"damage_taken":0}],"boss_relics":[{"not_picked":["Coffee Dripper","Sozu"],"picked":"White Beast Statue"},{"not_picked":["Tiny House","Velvet Choker"],"picked":"Empty Cage"},{"not_picked":["Runic Dome","Fusion Hammer","Orrery"]},{"not_picked":["GraspOfShadows"],"picked":"TwistingMind"},{"not_picked":["GraspOfShadows"],"picked":"Accursed"},{"not_picked":["GraspOfShadows"],"picked":"TwistingMind"},{"not_picked":["VoidEssence"],"picked":"TwistingMind"},{"not_picked":["GraspOfShadows"],"picked":"VoidEssence"}],"items_purged_floors":[4,12,31,38,56,90,99,107,122,127],"is_endless":true,"potions_floor_spawned":[3,7,10,14,16,18,20,22,24,28,29,30,33,35,37,39,45,46,47,48,50,52,53,55,58,61,62,65,67,69,70,71,73,75,76,77,78,79,80,82,84,86,87,88,89,91,93,94,96,97,101,103,105,106,106,109,110,111,112,113,114,115,116,118,120,121,124,126,128,130,131,132,135],"seed_played":"-4905429284298057060","killed_by":"3 Darklings","ascension_level":0,"potions_obtained":[{"floor":3,"key":"FearPotion"},{"floor":7,"key":"Block Potion"},{"floor":10,"key":"Dexterity Potion"},{"floor":14,"key":"Ancient Potion"},{"floor":16,"key":"SkillPotion"},{"floor":18,"key":"FearPotion"},{"floor":20,"key":"SteroidPotion"},{"floor":22,"key":"Block Potion"},{"floor":24,"key":"PowerPotion"},{"floor":28,"key":"GhostInAJar"},{"floor":29,"key":"Fruit Juice"},{"floor":30,"key":"EssenceOfSteel"},{"floor":33,"key":"SteroidPotion"},{"floor":35,"key":"Swift Potion"},{"floor":37,"key":"Energy Potion"},{"floor":39,"key":"Weak Potion"},{"floor":45,"key":"Weak Potion"},{"floor":50,"key":"Fire Potion"},{"floor":55,"key":"Swift Potion"},{"floor":75,"key":"Block Potion"},{"floor":112,"key":"GhostInAJar"},{"floor":130,"key":"Explosive Potion"},{"floor":131,"key":"GhostInAJar"},{"floor":135,"key":"Strength Potion"}],"is_trial":false}