{"gold_per_floor":[218,237,256,100,113,146,146,71,71,88,101,119,119,137,137,239,239,251,265,121,121,137,163,63,63,63,82,94,110,120,120,120,225,225,235,254,254,254,265,265,20,20,20,20,32,32,32,52,52,52],"floor_reached":51,"playtime":1428,"items_purged":["Defend_R","Strike_R"],"score":725,"play_id":"ed0ba6dd-8445-4f36-978f-b9d53ec16547","local_time":"20190121041609","is_ascension_mode":false,"campfire_choices":[{"data":"Bash","floor":13,"key":"SMITH"},{"data":"Armaments","floor":15,"key":"SMITH"},{"floor":25,"key":"REST"},{"floor":32,"key":"REST"},{"data":"Sword Boomerang","floor":40,"key":"SMITH"},{"data":"Battle Trance","floor":42,"key":"SMITH"},{"floor":47,"key":"REST"},{"floor":49,"key":"REST"}],"neow_cost":"NONE","seed_source_timestamp":109961822063786,"circlet_count":0,"master_deck":["Strike_R","Strike_R","Strike_R","Strike_R","Defend_R","Defend_R","Defend_R","Bash+1","Shrug It Off","Twin Strike","Feed","Battle Trance+1","Armaments+1","Demon Form+1","Twin Strike+1","Sword Boomerang+1","Demon Form+1","Twin Strike"],"special_seed":0,"relics":["Burning Blood","Orichalcum","Art of War","Lantern","Philosopher\u0027s Stone","Red Skull","Frozen Egg 2","Mango","Busted Crown","Bottled Tornado","Strawberry"],"potions_floor_usage":[16,16,16,23,33,50,50,50],"damage_taken":[{"damage":5.0,"enemies":"Small Slimes","floor":1.0,"turns":3.0},{"damage":6.0,"enemies":"Jaw Worm","floor":2.0,"turns":5.0},{"damage":9.0,"enemies":"Cultist","floor":3.0,"turns":4.0},{"damage":6.0,"enemies":"Looter","floor":5.0,"turns":4.0},{"damage":36.0,"enemies":"Lagavulin","floor":6.0,"turns":7.0},{"damage":10,"enemies":"Large Slime","floor":10,"turns":3},{"damage":5,"enemies":"Lots of Slimes","floor":11,"turns":5},{"damage":9,"enemies":"3 Louse","floor":12,"turns":3},{"damage":5,"enemies":"2 Fungi Beasts","floor":14,"turns":4},{"damage":47,"enemies":"Slime Boss","floor":16,"turns":11},{"damage":30,"enemies":"2 Thieves","floor":18,"turns":4},{"damage":9,"enemies":"Shell Parasite","floor":19,"turns":4},{"damage":29,"enemies":"Snake Plant","floor":22,"turns":3},{"damage":47,"enemies":"Slavers","floor":23,"turns":5},{"damage":14,"enemies":"Centurion and Healer","floor":27,"turns":4},{"damage":19,"enemies":"Shelled Parasite and Fungi","floor":28,"turns":4},{"damage":8,"enemies":"Snecko","floor":29,"turns":3},{"damage":12,"enemies":"3 Cultists","floor":30,"turns":4},{"damage":22,"enemies":"Champ","floor":33,"turns":7},{"damage":7,"enemies":"3 Shapes","floor":35,"turns":3},{"damage":3,"enemies":"Orb Walker","floor":36,"turns":2},{"damage":47,"enemies":"4 Shapes","floor":39,"turns":5},{"damage":45,"enemies":"Jaw Worm Horde","floor":45,"turns":4},{"damage":33,"enemies":"Writhing Mass","floor":48,"turns":4},{"damage":49,"enemies":"Donu and Deca","floor":50,"turns":6}],"seed_played":"-6172800343843934713","potions_obtained":[{"floor":3.0,"key":"Swift Potion"},{"floor":5.0,"key":"GamblersBrew"},{"floor":10,"key":"SteroidPotion"},{"floor":16,"key":"PowerPotion"},{"floor":18,"key":"AttackPotion"},{"floor":19,"key":"EssenceOfSteel"},{"floor":33,"key":"EssenceOfSteel"},{"floor":45,"key":"Dexterity Potion"}],"is_trial":false,"path_per_floor":["M","M","M","$","M","E","?","$","T","M","M","M","R","M","R","B",null,"M","M","$","?","M","E","$","R","T","M","M","M","M","?","R","B",null,"M","M","?","?","M","R","$","R","T","?","M","$","R","M","R","B",null],"character_chosen":"IRONCLAD","items_purchased":["Orichalcum","Red Skull","Bottled Tornado"],"campfire_rested":4,"item_purchase_floors":[4,20,41],"current_hp_per_floor":[80,80,77,77,77,47,47,47,47,46,50,50,50,54,54,16,95,74,75,75,75,52,15,15,46,60,55,45,43,40,40,78,62,129,128,132,132,132,94,94,94,94,101,101,65,65,108,81,124,81],"gold":52,"neow_bonus":"HUNDRED_GOLD","is_prod":false,"is_daily":false,"chose_seed":false,"campfire_upgraded":4,"win_rate":0,"timestamp":1548036969,"path_taken":["M","M","M","$","M","E","?","$","T","M","M","M","R","M","R","BOSS","M","M","$","?","?","E","$","R","T","M","M","M","M","?","R","BOSS","M","M","?","?","?","R","$","R","T","?","M","$","R","M","R","BOSS"],"build_version":"2019-01-17v2","purchased_purges":2,"victory":true,"max_hp_per_floor":[80,80,80,80,80,80,80,80,80,83,86,89,89,92,92,95,95,98,102,102,102,102,106,106,106,120,123,126,126,129,129,129,129,129,129,132,132,132,135,135,135,135,142,142,145,145,145,145,145,145],"card_choices":[{"not_picked":["Havoc","Entrench"],"picked":"Shrug It Off","floor":1.0},{"not_picked":["Sentinel","Havoc","Warcry"],"picked":"SKIP","floor":2.0},{"not_picked":["Perfected Strike","Seeing Red","Heavy Blade"],"picked":"SKIP","floor":3.0},{"not_picked":["Fire Breathing","Shockwave"],"picked":"Twin Strike","floor":5.0},{"not_picked":["Headbutt","Sword Boomerang"],"picked":"Feed","floor":6.0},{"not_picked":["Shrug It Off","Wild Strike"],"picked":"Battle Trance","floor":10},{"not_picked":["Perfected Strike","Clothesline","Wild Strike"],"picked":"SKIP","floor":11},{"not_picked":["Pommel Strike","Hemokinesis","True Grit"],"picked":"SKIP","floor":12},{"not_picked":["Flex","Iron Wave"],"picked":"Armaments","floor":14},{"not_picked":["Feed","Fiend Fire"],"picked":"Demon Form","floor":16},{"not_picked":["Searing Blow+1","Feel No Pain","Sever Soul"],"picked":"SKIP","floor":18},{"not_picked":["Heavy Blade","Shrug It Off","Body Slam+1"],"picked":"SKIP","floor":19},{"not_picked":["Power Through","Thunderclap","Cleave"],"picked":"SKIP","floor":22},{"not_picked":["Wild Strike","Impervious","Warcry+1"],"picked":"SKIP","floor":23},{"not_picked":["Cleave","Body Slam","Havoc"],"picked":"SKIP","floor":27},{"not_picked":["Anger+1","Shrug It Off"],"picked":"Twin Strike+1","floor":28},{"not_picked":["Uppercut+1","Body Slam","Pommel Strike"],"picked":"SKIP","floor":29},{"not_picked":["Heavy Blade","Intimidate"],"picked":"Sword Boomerang","floor":30},{"not_picked":["Reaper","Impervious"],"picked":"Demon Form+1","floor":33},{"not_picked":["Blood for Blood"],"picked":"SKIP","floor":35},{"not_picked":["Headbutt+1"],"picked":"SKIP","floor":36},{"not_picked":["Sever Soul+1"],"picked":"SKIP","floor":39},{"not_picked":["Searing Blow"],"picked":"SKIP","floor":45},{"not_picked":[],"picked":"Twin Strike","floor":48}],"player_experience":554162,"relics_obtained":[{"floor":6.0,"key":"Art of War"},{"floor":9.0,"key":"Lantern"},{"floor":23,"key":"Frozen Egg 2"},{"floor":26,"key":"Mango"},{"floor":43,"key":"Strawberry"}],"event_choices":[{"damage_healed":0.0,"max_hp_gain":0.0,"max_hp_loss":0.0,"gold_gain":0.0,"event_name":"Scrap Ooze","player_choice":"Fled","floor":7.0,"gold_loss":0.0,"damage_taken":0.0},{"damage_healed":0,"gold_gain":0,"player_choice":"Upgraded","damage_taken":0,"max_hp_gain":0,"max_hp_loss":0,"event_name":"Upgrade Shrine","floor":21,"gold_loss":0,"cards_upgraded":["Demon Form"]},{"damage_healed":0,"gold_gain":0,"player_choice":"Ignored","damage_taken":0,"max_hp_gain":0,"max_hp_loss":0,"event_name":"Ghosts","floor":31,"gold_loss":0},{"damage_healed":0,"gold_gain":0,"player_choice":"Ignored","damage_taken":0,"max_hp_gain":0,"max_hp_loss":0,"event_name":"Tomb of Lord Red Mask","floor":37,"gold_loss":0},{"damage_healed":0,"gold_gain":0,"player_choice":"Bought 0 Potions","damage_taken":0,"max_hp_gain":0,"max_hp_loss":0,"event_name":"The Woman in Blue","floor":38,"gold_loss":0},{"damage_healed":0,"gold_gain":0,"player_choice":"Memory 1","damage_taken":0,"max_hp_gain":0,"max_hp_loss":0,"event_name":"SensoryStone","floor":44,"gold_loss":0}],"is_beta":false,"boss_relics":[{"not_picked":["Pandora\u0027s Box","Lizard Tail"],"picked":"Philosopher\u0027s Stone"},{"not_picked":["Eternal Feather","Runic Cube"],"picked":"Busted Crown"}],"items_purged_floors":[8,24],"is_endless":false,"potions_floor_spawned":[3,5,10,12,16,18,19,33,45,48],"ascension_level":0}