{"gold_per_floor":[216,233,233,193,203,203,214,230,254,254,272,272,284,312,312,312],"floor_reached":16,"playtime":504,"items_purged":[],"score":104,"play_id":"bc097f8e-1809-4fdb-a0fe-e76ddf78386a","local_time":"20180815033134","is_ascension_mode":false,"campfire_choices":[{"data":"Armaments","floor":6,"key":"SMITH"},{"data":"Ghostly Armor","floor":12,"key":"SMITH"},{"data":"Battle Trance","floor":15,"key":"SMITH"}],"neow_cost":"NONE","seed_source_timestamp":38649273863111,"circlet_count":0,"master_deck":["Strike_R","Strike_R","Strike_R","Strike_R","Strike_R","Defend_R","Defend_R","Defend_R","Defend_R","Bash","Battle Trance+1","Armaments+1","Ghostly Armor+1","Shrug It Off"],"relics":["Burning Blood","Potion Belt","Art of War","Vajra"],"potions_floor_usage":[16,16,16],"damage_taken":[{"damage":0,"enemies":"2 Louse","floor":1,"turns":2},{"damage":6,"enemies":"Cultist","floor":2,"turns":4},{"damage":2,"enemies":"Small Slimes","floor":5,"turns":5},{"damage":4,"enemies":"Blue Slaver","floor":7,"turns":4},{"damage":3,"enemies":"2 Fungi Beasts","floor":8,"turns":4},{"damage":11,"enemies":"Exordium Thugs","floor":11,"turns":9},{"damage":12,"enemies":"Exordium Wildlife","floor":13,"turns":8},{"damage":28,"enemies":"Gremlin Nob","floor":14,"turns":4},{"damage":44,"enemies":"Slime Boss","floor":16,"turns":11}],"seed_played":"-4895672165828102197","potions_obtained":[{"floor":2,"key":"LiquidBronze"},{"floor":5,"key":"SkillPotion"},{"floor":13,"key":"Fire Potion"},{"floor":14,"key":"Poison Potion"}],"is_trial":false,"path_per_floor":["M","M","?","$","M","R","M","M","T","?","M","R","M","E","R"],"character_chosen":"IRONCLAD","items_purchased":["Ghostly Armor"],"campfire_rested":0,"item_purchase_floors":[4],"current_hp_per_floor":[80,80,80,80,80,80,80,80,80,77,72,72,66,44,44,0],"gold":312,"neow_bonus":"HUNDRED_GOLD","is_prod":false,"is_daily":false,"chose_seed":false,"campfire_upgraded":3,"win_rate":0,"timestamp":1534293094,"path_taken":["M","M","?","$","M","R","M","M","T","?","M","R","M","E","R","BOSS"],"build_version":"2018-08-09","purchased_purges":0,"victory":false,"max_hp_per_floor":[80,80,80,80,80,80,80,80,80,80,80,80,80,80,80,80],"card_choices":[{"not_picked":["Sword Boomerang","Cleave"],"picked":"Battle Trance","floor":1},{"not_picked":["Infernal Blade","Sword Boomerang"],"picked":"Armaments","floor":2},{"not_picked":["Heavy Blade","Clothesline","Armaments"],"picked":"SKIP","floor":5},{"not_picked":["Clothesline","Heavy Blade"],"picked":"Shrug It Off","floor":7},{"not_picked":["Corruption","Pommel Strike","Thunderclap"],"picked":"SKIP","floor":8},{"not_picked":["Combust","Reckless Charge","Seeing Red"],"picked":"SKIP","floor":11},{"not_picked":["True Grit","Anger","Limit Break"],"picked":"SKIP","floor":13},{"not_picked":["Armaments","Dual Wield","Pummel"],"picked":"SKIP","floor":14}],"player_experience":310338,"relics_obtained":[{"floor":9,"key":"Potion Belt"},{"floor":14,"key":"Vajra"}],"event_choices":[{"event_name":"Golden Wing","player_choice":"Ignored","floor":3,"damage_taken":0},{"event_name":"Scrap Ooze","player_choice":"success","floor":10,"damage_taken":3}],"is_beta":false,"boss_relics":[],"items_purged_floors":[],"is_endless":false,"potions_floor_spawned":[2,5,13,14],"killed_by":"Slime Boss","ascension_level":0}