{"path_per_floor":["M","$","?","M","?","E","M","M","T","M","E","R","?","?","R","B",null,"M","M","?","?","$","R","T","M","T","$","R","M","M","M","R","B",null,"M","M","M","?","T","R","M","?","T","M","$","M","T","M","R","B"],"character_chosen":"IRONCLAD","items_purchased":["Iron Wave","Headbutt","Pear","Strawberry"],"gold_per_floor":[114,16,116,128,128,167,187,212,238,256,294,294,294,369,369,490,490,506,521,521,521,397,397,397,413,413,288,288,309,328,347,347,473,473,488,506,522,522,548,548,569,569,593,611,58,81,81,100,100,100],"floor_reached":51,"campfire_rested":0,"playtime":4776,"current_hp_per_floor":[80,80,80,80,60,66,70,76,76,80,80,80,64,53,53,34,80,80,76,76,76,76,76,76,64,64,64,64,55,57,51,51,53,80,80,80,80,80,80,80,80,80,80,80,97,97,97,97,97,80],"items_purged":["Strike_R","Defend_R","Defend_R","Anger"],"gold":100,"play_id":"db18bcc4-1f3e-4286-bc3a-03c856b0f37a","is_prod":false,"is_daily":false,"is_ascension_mode":true,"campfire_upgraded":4,"path_taken":["M","$","?","M","?","E","M","?","T","M","E","R","?","?","R","BOSS","M","M","?","?","$","R","?","M","T","?","R","?","M","M","R","BOSS","M","M","?","?","?","R","M","?","T","M","$","M","?","?","R","BOSS"],"build_version":"2018-01-29-BETA1","purchased_purges":4,"victory":true,"master_deck":["Strike_R+1","Defend_R+1","Defend_R+1","Bash","Battle Trance","Iron Wave+1","Rampage+1","Flex","Inflame","Intimidate+1","Offering+1","Reaper","Thunderclap+1","Armaments+1","Headbutt","Brutality+1","Seeing Red+1","Rupture+1","Uppercut+1"],"max_hp_per_floor":[80,80,80,80,80,80,80,80,80,80,80,80,80,80,80,80,80,80,80,80,80,80,80,80,80,80,80,80,80,80,80,80,80,80,80,80,80,80,80,80,80,80,80,80,97,97,97,97,97,97],"relics":["Burning Blood","NeowsBlessing","Golden Idol","Mercury Hourglass","Bag of Preparation","Toxic Egg","Astrolabe","Girya","Ice Cream","Sozu","War Paint","Bag of Marbles","Pear","Strawberry","Bird Faced Urn"],"card_choices":[{"not_picked":["Clothesline","Heavy Blade"],"picked":"Battle Trance"},{"not_picked":["Flame Barrier","Spot Weakness"],"picked":"Rampage"},{"not_picked":["Dark Embrace","True Grit"],"picked":"Flex"},{"not_picked":["Pummel","Uppercut"],"picked":"Inflame"},{"not_picked":["Dual Wield","Battle Trance"],"picked":"Intimidate"},{"not_picked":["Perfected Strike","Fire Breathing"],"picked":"Offering"},{"not_picked":["Immolate","Offering"],"picked":"Reaper"},{"not_picked":["Double Tap","Demon Form"],"picked":"Brutality"},{"not_picked":["True Grit","Warcry"],"picked":"Seeing Red"},{"not_picked":["True Grit","Bloodletting"],"picked":"Rupture"},{"not_picked":["Warcry","Spot Weakness"],"picked":"Uppercut"}],"player_experience":160274,"potions_floor_usage":[10,11,16,18,33,33,33],"damage_taken":[{"damage":0,"enemies":"Cultist","floor":1,"turns":1},{"damage":0,"enemies":"Small Slimes","floor":4,"turns":1},{"damage":0,"enemies":"Lagavulin","floor":6,"turns":1},{"damage":2,"enemies":"Jaw Worm","floor":7,"turns":3},{"damage":0,"enemies":"3 Louse","floor":8,"turns":3},{"damage":0,"enemies":"2 Fungi Beasts","floor":10,"turns":2},{"damage":6,"enemies":"Gremlin Nob","floor":11,"turns":3},{"damage":25,"enemies":"Hexaghost","floor":16,"turns":8},{"damage":4,"enemies":"Chosen","floor":18,"turns":2},{"damage":10,"enemies":"3 Byrds","floor":19,"turns":4},{"damage":18,"enemies":"Cultist and Chosen","floor":25,"turns":3},{"damage":15,"enemies":"Snake Plant","floor":29,"turns":4},{"damage":4,"enemies":"Sentry and Sphere","floor":30,"turns":3},{"damage":12,"enemies":"Cultist and Chosen","floor":31,"turns":5},{"damage":4,"enemies":"Collector","floor":33,"turns":5},{"damage":17,"enemies":"3 Shapes","floor":35,"turns":3},{"damage":5,"enemies":"Orb Walker","floor":36,"turns":2},{"damage":5,"enemies":"Spire Growth","floor":37,"turns":2},{"damage":15,"enemies":"Sphere and 2 Shapes","floor":41,"turns":3},{"damage":4,"enemies":"Flame Bruiser 2 Orb","floor":44,"turns":1},{"damage":5,"enemies":"Spire Growth","floor":46,"turns":2},{"damage":15,"enemies":"Sphere and 2 Shapes","floor":48,"turns":3},{"damage":44,"enemies":"Time Eater","floor":50,"turns":7}],"event_choices":[{"event_name":"Wheel of Change","player_choice":"Gold","floor":3,"damage_taken":0},{"event_name":"Golden Idol","player_choice":"Take Damage","floor":5,"damage_taken":0},{"event_name":"Shining Light","player_choice":"Entered Light","floor":13,"damage_taken":0},{"event_name":"World of Goop","player_choice":"Gather Gold","floor":14,"damage_taken":0},{"event_name":"Back to Basics","player_choice":"Elegance","floor":20,"damage_taken":0},{"event_name":"The Library","player_choice":"Read","floor":21,"damage_taken":0},{"event_name":"Tomb of Lord Red Mask","player_choice":"Ignored","floor":38,"damage_taken":0},{"event_name":"Mysterious Sphere","player_choice":"Ignore","floor":42,"damage_taken":0}],"boss_relics":[{"not_picked":["Mark of Pain","Tiny House"],"picked":"Astrolabe"},{"not_picked":["Black Blood","Runic Dome"],"picked":"Sozu"}],"potions_floor_spawned":[1,6,7,11,16,29,30,33,35,44,46,48],"seed_played":"6230758481237730746","ascension_level":2,"is_trial":false}