{"gold_per_floor":[116,134,153,126,301,301,327,102,174,187,187,205,239,251,251,352,352,370,370,386,286,302,333,333,95,120,137,12,12,112,112,112,112],"floor_reached":33,"playtime":894,"items_purged":["Doubt","Strike_R+1","Strike_R+1"],"score":325,"play_id":"569211d6-d390-44b7-8269-a71a50c158f0","local_time":"20190729175221","is_ascension_mode":false,"campfire_choices":[{"data":"Whirlwind","floor":6.0,"key":"SMITH"},{"data":"Shrug It Off","floor":11,"key":"SMITH"},{"data":"Bash","floor":15,"key":"SMITH"},{"data":"Battle Trance","floor":24,"key":"SMITH"},{"data":"Reaper","floor":29,"key":"SMITH"},{"data":"Cleave","floor":32,"key":"SMITH"}],"neow_cost":"NONE","seed_source_timestamp":0,"circlet_count":0,"master_deck":["Strike_R+1","Strike_R+1","Strike_R+1","Defend_R+1","Defend_R+1","Defend_R+1","Defend_R+1","Bash+1","Reaper+1","Cleave+1","Whirlwind+1","Shrug It Off+1","Battle Trance+1","Feed"],"special_seed":0,"relics":["Burning Blood","Red Skull","Omamori","Art of War","Sozu","Sundial","Bottled Lightning","Ancient Tea Set","Thread and Needle","Pear","Gremlin Horn"],"potions_floor_usage":[30,30],"damage_taken":[{"damage":17.0,"enemies":"Small Slimes","floor":1.0,"turns":4.0},{"damage":6.0,"enemies":"Jaw Worm","floor":2.0,"turns":3.0},{"damage":0.0,"enemies":"2 Louse","floor":3.0,"turns":1.0},{"damage":65.0,"enemies":"Lagavulin","floor":7.0,"turns":9.0},{"damage":9,"enemies":"Exordium Thugs","floor":10,"turns":4},{"damage":12,"enemies":"Gremlin Gang","floor":12,"turns":2},{"damage":8,"enemies":"3 Sentries","floor":13,"turns":3},{"damage":7,"enemies":"Looter","floor":14,"turns":4},{"damage":60,"enemies":"The Guardian","floor":16,"turns":12},{"damage":5,"enemies":"Chosen","floor":18,"turns":4},{"damage":5,"enemies":"3 Byrds","floor":20,"turns":3},{"damage":35,"enemies":"Shelled Parasite and Fungi","floor":22,"turns":5},{"damage":0,"enemies":"Gremlin Leader","floor":23,"turns":6},{"damage":12,"enemies":"Snecko","floor":27,"turns":4},{"damage":7,"enemies":"Colosseum Slavers","floor":30,"turns":2},{"damage":6,"enemies":"Colosseum Nobs","floor":30,"turns":3},{"damage":138,"enemies":"Automaton","floor":33,"turns":12}],"seed_played":"1732267701220802301","potions_obtained":[{"floor":2.0,"key":"Weak Potion"},{"floor":7.0,"key":"Energy Potion"},{"floor":10,"key":"PowerPotion"}],"is_trial":false,"path_per_floor":["M","M","M","$","?","R","E","$","T","M","R","M","E","M","R","B",null,"M","?","M","$","M","E","R","$","T","M","$","R","?","?","R","B"],"character_chosen":"IRONCLAD","items_purchased":["Shrug It Off","Omamori","Bottled Lightning"],"campfire_rested":0,"item_purchase_floors":[4,8,25],"current_hp_per_floor":[72,72,78,78,78,78,22,22,22,33,33,27,46,55,55,11,80,80,80,83,83,56,76,76,76,76,76,76,76,95,95,95,0],"gold":112,"neow_bonus":"ONE_RANDOM_RARE_CARD","is_prod":false,"is_daily":false,"chose_seed":false,"campfire_upgraded":6,"win_rate":0,"timestamp":1564411941,"path_taken":["M","M","M","$","?","R","E","$","T","M","R","M","E","M","R","BOSS","M","?","M","$","M","E","R","$","T","M","$","R","?","?","R","BOSS"],"build_version":"2019-07-17","purchased_purges":3,"victory":false,"max_hp_per_floor":[80,80,80,80,80,80,80,80,80,80,80,80,80,80,80,80,80,80,80,83,83,83,83,83,83,83,83,83,83,96,96,96,96],"card_choices":[{"not_picked":["Headbutt","Twin Strike"],"picked":"Cleave","floor":1.0},{"not_picked":["Twin Strike","Searing Blow"],"picked":"Whirlwind","floor":2.0},{"not_picked":["Flex","Intimidate","Havoc"],"picked":"SKIP","floor":3.0},{"not_picked":["Pommel Strike","Fiend Fire","Fire Breathing"],"picked":"SKIP","floor":7.0},{"not_picked":["Warcry","Iron Wave","Flex"],"picked":"SKIP","floor":10},{"not_picked":["Thunderclap","Headbutt"],"picked":"Battle Trance","floor":12},{"not_picked":["Body Slam","Power Through","Twin Strike"],"picked":"SKIP","floor":13},{"not_picked":["Headbutt","True Grit","Shrug It Off"],"picked":"SKIP","floor":14},{"not_picked":["Reaper","Brutality"],"picked":"Feed","floor":16},{"not_picked":["Clash","Rampage+1","Wild Strike"],"picked":"SKIP","floor":18},{"not_picked":["Wild Strike+1","Thunderclap+1","Fiend Fire"],"picked":"SKIP","floor":20},{"not_picked":["Perfected Strike+1","Clash","True Grit"],"picked":"SKIP","floor":22},{"not_picked":["Dropkick","Combust","Cleave"],"picked":"SKIP","floor":23},{"not_picked":["Dual Wield","Seeing Red","Ghostly Armor"],"picked":"SKIP","floor":27}],"player_experience":794722,"relics_obtained":[{"floor":7.0,"key":"Red Skull"},{"floor":13,"key":"Art of War"},{"floor":23,"key":"Sundial"},{"floor":26,"key":"Ancient Tea Set"},{"floor":30,"key":"Thread and Needle"},{"floor":30,"key":"Pear"}],"event_choices":[{"damage_healed":0.0,"max_hp_gain":0.0,"max_hp_loss":0.0,"gold_gain":175.0,"event_name":"Liars Game","player_choice":"AGREE","floor":5.0,"gold_loss":0.0,"damage_taken":0.0,"cards_obtained":["Doubt"]},{"damage_healed":0,"gold_gain":0,"player_choice":"Simplicity","damage_taken":0,"max_hp_gain":0,"max_hp_loss":0,"event_name":"Back to Basics","floor":19,"gold_loss":0,"cards_upgraded":["Strike_R","Strike_R","Strike_R","Strike_R","Strike_R","Defend_R","Defend_R","Defend_R","Defend_R"]},{"damage_healed":0,"gold_gain":0,"player_choice":"Fight","damage_taken":0,"max_hp_gain":0,"max_hp_loss":0,"event_name":"Colosseum","floor":30,"gold_loss":0},{"damage_healed":0,"gold_gain":0,"player_choice":"Fought Nobs","damage_taken":0,"max_hp_gain":0,"max_hp_loss":0,"event_name":"Colosseum","floor":30,"gold_loss":0},{"damage_healed":0,"gold_gain":0,"player_choice":"Opened","damage_taken":0,"relics_obtained":["Gremlin Horn"],"max_hp_gain":0,"max_hp_loss":0,"event_name":"The Mausoleum","floor":31,"gold_loss":0,"cards_obtained":["Writhe"]}],"is_beta":false,"boss_relics":[{"not_picked":["Fusion Hammer","Orrery"],"picked":"Sozu"}],"items_purged_floors":[8,21,28],"is_endless":false,"potions_floor_spawned":[2,7,10,18,20,30],"killed_by":"Automaton","ascension_level":0}