{"gold_per_floor":[118,118,132,232,18,47,61,61,85,85,115,127,155,85,85,190,190,209,209,209,109,34,34,59,59,59,59,74,94,94,14,14,116,116,127,227,238,58,71,71,89,89,89,49,49],"floor_reached":45,"playtime":1335,"items_purged":["Pain","Strike_B"],"score":437,"play_id":"a3d3694a-84ac-4383-a551-e71b32cc208c","local_time":"20190722044719","is_ascension_mode":false,"campfire_choices":[{"data":"Zap","floor":8.0,"key":"SMITH"},{"data":"Defragment","floor":15.0,"key":"SMITH"},{"data":"Static Discharge","floor":23.0,"key":"SMITH"},{"data":"Buffer","floor":27,"key":"SMITH"},{"data":"Loop","floor":30,"key":"SMITH"},{"data":"Static Discharge","floor":32,"key":"SMITH"},{"floor":40,"key":"DIG"}],"neow_cost":"NONE","seed_source_timestamp":201512770982000,"circlet_count":0,"master_deck":["Defend_B","Defend_B","Defend_B","Defend_B","Zap+1","Dualcast","Go for the Eyes","Flash of Steel","Conserve Battery","Static Discharge+1","Force Field","Defragment+1","Buffer+1","Loop+1","Static Discharge+1","Echo Form+1","Redo+1","Leap","Redo+1","Bandage Up"],"special_seed":0,"relics":["Cracked Core","Pen Nib","WarpedTongs","Omamori","Emotion Chip","Coffee Dripper","MutagenicStrength","Strawberry","Nloth\u0027s Gift","Empty Cage","Shovel","Blood Vial","Centennial Puzzle","Prayer Wheel"],"potions_floor_usage":[24,33,35],"damage_taken":[{"damage":4.0,"enemies":"Cultist","floor":1.0,"turns":4.0},{"damage":3.0,"enemies":"Small Slimes","floor":3.0,"turns":3.0},{"damage":18.0,"enemies":"3 Sentries","floor":6.0,"turns":7.0},{"damage":0.0,"enemies":"Jaw Worm","floor":7.0,"turns":3.0},{"damage":2.0,"enemies":"Large Slime","floor":12.0,"turns":4.0},{"damage":1.0,"enemies":"Lagavulin","floor":13.0,"turns":7.0},{"damage":16.0,"enemies":"Hexaghost","floor":16.0,"turns":6.0},{"damage":13.0,"enemies":"3 Byrds","floor":18.0,"turns":6.0},{"damage":24,"enemies":"Slavers","floor":24,"turns":3},{"damage":5,"enemies":"Shell Parasite","floor":28,"turns":6},{"damage":10,"enemies":"Cultist and Chosen","floor":29,"turns":7},{"damage":17,"enemies":"Champ","floor":33,"turns":12},{"damage":23,"enemies":"3 Darklings","floor":35,"turns":5},{"damage":0,"enemies":"Mind Bloom Boss Battle","floor":36,"turns":8},{"damage":23,"enemies":"3 Shapes","floor":37,"turns":3},{"damage":18,"enemies":"Maw","floor":39,"turns":9},{"damage":14,"enemies":"Sphere and 2 Shapes","floor":41,"turns":4},{"damage":17,"enemies":"3 Darklings","floor":45,"turns":2}],"seed_played":"-2810456267763576250","potions_obtained":[{"floor":1.0,"key":"Strength Potion"},{"floor":12.0,"key":"LiquidBronze"},{"floor":16.0,"key":"Poison Potion"},{"floor":28,"key":"SkillPotion"},{"floor":33,"key":"Ancient Potion"},{"floor":35,"key":"Fruit Juice"},{"floor":39,"key":"SteroidPotion"}],"is_trial":false,"path_per_floor":["M","?","M","?","$","E","M","R","T","$","?","M","E","$","R","B",null,"M","?","?","$","?","R","E","?","T","R","M","M","R","$","R","B",null,"M","?","M","$","M","R","M","?","T","?","M"],"character_chosen":"DEFECT","items_purchased":["Go for the Eyes","Flash of Steel","Defragment","Static Discharge","Blood Vial","Leap"],"campfire_rested":0,"item_purchase_floors":[5,5,14,31,38,38],"current_hp_per_floor":[71,71,68,68,68,50,50,50,50,50,50,48,47,47,47,31,75,62,62,62,62,62,62,45,45,45,45,40,30,30,30,30,13,82,64,64,41,41,25,25,13,13,13,13,0],"gold":49,"neow_bonus":"RANDOM_COMMON_RELIC","is_prod":false,"is_daily":false,"chose_seed":false,"campfire_upgraded":6,"win_rate":0,"timestamp":1563760039,"path_taken":["M","?","?","?","$","E","?","R","T","$","?","M","E","$","R","BOSS","M","?","?","$","?","R","E","?","T","R","M","M","R","$","R","BOSS","M","?","M","$","M","R","M","?","T","?","M"],"build_version":"2019-07-17","purchased_purges":2,"victory":false,"max_hp_per_floor":[75,75,75,75,75,75,75,75,75,75,75,75,75,75,75,75,75,75,75,75,75,75,75,82,82,82,82,82,82,82,82,82,82,82,87,87,87,87,87,87,87,87,87,87,87],"card_choices":[{"not_picked":["Melter","Doom and Gloom","BootSequence"],"picked":"SKIP","floor":1.0},{"not_picked":["Redo","Ball Lightning","Stack"],"picked":"SKIP","floor":3.0},{"not_picked":["Streamline","Cold Snap"],"picked":"Conserve Battery","floor":6.0},{"not_picked":["Streamline","Stack","Compile Driver"],"picked":"SKIP","floor":7.0},{"not_picked":["Barrage","Fusion"],"picked":"Static Discharge","floor":12.0},{"not_picked":["Rebound","BootSequence"],"picked":"Force Field","floor":13.0},{"not_picked":["Thunder Strike","Amplify"],"picked":"Buffer","floor":16.0},{"not_picked":["Compile Driver","Undo","BootSequence+1"],"picked":"SKIP","floor":18.0},{"not_picked":["Steam Power","Conserve Battery","Glacier+1"],"picked":"SKIP","floor":24},{"not_picked":["Heatsinks+1","Compile Driver","Hologram"],"picked":"SKIP","floor":28},{"not_picked":["Streamline","Go for the Eyes"],"picked":"Loop","floor":29},{"not_picked":["All For One","Multi-Cast"],"picked":"Echo Form","floor":33},{"not_picked":["Coolheaded","Sweeping Beam+1","Cold Snap"],"picked":"SKIP","floor":35},{"not_picked":["Beam Cell+1","Buffer"],"picked":"Redo+1","floor":36},{"not_picked":["Beam Cell+1","Barrage","Streamline+1"],"picked":"SKIP","floor":37},{"not_picked":["Streamline","Conserve Battery+1","Storm"],"picked":"SKIP","floor":39},{"not_picked":["Streamline","Conserve Battery+1","Storm"],"picked":"SKIP","floor":39},{"not_picked":["Static Discharge+1","Barrage+1"],"picked":"Redo+1","floor":41},{"not_picked":["Panacea","Violence"],"picked":"Bandage Up","floor":42}],"player_experience":728934,"relics_obtained":[{"floor":6.0,"key":"Ancient Tea Set"},{"floor":9.0,"key":"Omamori"},{"floor":13.0,"key":"Emotion Chip"},{"floor":24,"key":"Strawberry"},{"floor":36,"key":"Shovel"},{"floor":40,"key":"Centennial Puzzle"},{"floor":43,"key":"Prayer Wheel"}],"event_choices":[{"damage_healed":0.0,"max_hp_gain":0.0,"max_hp_loss":0.0,"gold_gain":0.0,"event_name":"Accursed Blacksmith","player_choice":"Rummage","floor":2.0,"gold_loss":0.0,"damage_taken":0.0,"relics_obtained":["WarpedTongs"],"cards_obtained":["Pain"]},{"damage_healed":0.0,"max_hp_gain":0.0,"max_hp_loss":0.0,"gold_gain":100.0,"event_name":"Golden Shrine","player_choice":"Pray","floor":4.0,"gold_loss":0.0,"damage_taken":0.0},{"damage_healed":0.0,"max_hp_gain":0.0,"max_hp_loss":0.0,"gold_gain":30.0,"event_name":"Dead Adventurer","player_choice":"Searched \u00272\u0027 times","floor":11.0,"gold_loss":0.0,"damage_taken":0.0},{"damage_healed":0.0,"max_hp_gain":0.0,"max_hp_loss":0.0,"gold_gain":0.0,"event_name":"Drug Dealer","player_choice":"Inject Mutagens","floor":19.0,"gold_loss":0.0,"damage_taken":0.0,"relics_obtained":["MutagenicStrength"]},{"damage_healed":0.0,"max_hp_gain":0.0,"max_hp_loss":0.0,"gold_gain":0.0,"event_name":"Cursed Tome","player_choice":"Ignored","floor":20.0,"gold_loss":0.0,"damage_taken":0.0},{"cards_removed":["Strike_B"],"damage_healed":0.0,"max_hp_gain":0.0,"max_hp_loss":0.0,"gold_gain":0.0,"event_name":"Beggar","player_choice":"Gave Gold","floor":22.0,"gold_loss":75.0,"damage_taken":0.0},{"damage_healed":0,"gold_gain":0,"player_choice":"Traded Relic","damage_taken":0,"relics_obtained":["Nloth\u0027s Gift"],"max_hp_gain":0,"max_hp_loss":0,"event_name":"N\u0027loth","floor":25,"relics_lost":["Ancient Tea Set"],"gold_loss":0},{"damage_healed":0,"gold_gain":0,"player_choice":"Fight","damage_taken":0,"max_hp_gain":0,"max_hp_loss":0,"event_name":"MindBloom","floor":36,"gold_loss":0},{"damage_healed":0,"gold_gain":0,"player_choice":"Memory 1","damage_taken":0,"max_hp_gain":0,"max_hp_loss":0,"event_name":"SensoryStone","floor":42,"gold_loss":0},{"damage_healed":0,"gold_gain":0,"player_choice":"Upgrade","damage_taken":0,"max_hp_gain":0,"max_hp_loss":0,"event_name":"Designer","floor":44,"gold_loss":40,"cards_upgraded":["Echo Form"]}],"is_beta":false,"boss_relics":[{"not_picked":["Fusion Hammer","Nuclear Battery"],"picked":"Coffee Dripper"},{"not_picked":["Runic Dome","Lizard Tail"],"picked":"Empty Cage"}],"items_purged_floors":[5,21],"is_endless":false,"potions_floor_spawned":[1,12,16,28,33,35,39],"killed_by":"3 Darklings","ascension_level":0}