{"gold_per_floor":[111,129,304,254,20,20,20,52,52,17,37,37,37,70,70,173,173,173,113,113,113,23,23,23,23,23,23,23,23,23,23,23,23,23,23,23,0,0,0,0,0,0,0,0,0,0,0,0,0,0,0,0,0,0,0],"floor_reached":56,"playtime":2644,"items_purged":[],"score":1321,"play_id":"58595c3f-f0b8-401f-b977-5221eef1cfdd","local_time":"20190721044754","is_ascension_mode":false,"campfire_choices":[{"data":"Footwork","floor":6.0,"key":"SMITH"},{"data":"Apotheosis","floor":12.0,"key":"SMITH"},{"data":"Well Laid Plans","floor":15.0,"key":"SMITH"},{"floor":24.0,"key":"RECALL"},{"floor":29.0,"key":"REST"},{"data":"Noxious Fumes","floor":32.0,"key":"SMITH"},{"data":"Caltrops","floor":40.0,"key":"SMITH"},{"floor":44.0,"key":"REST"},{"floor":49.0,"key":"REST"},{"data":"Caltrops","floor":52.0,"key":"SMITH"}],"neow_cost":"NONE","seed_source_timestamp":113781490929000,"circlet_count":0,"master_deck":["Strike_G","Strike_G","Strike_G","Strike_G","Defend_G","Defend_G","Defend_G","Defend_G","Defend_G","Survivor","Neutralize","Poisoned Stab","Backflip+1","Footwork+1","Apotheosis+1","Well Laid Plans+1","Deflect","Adrenaline","Catalyst","Burst","Escape Plan","Backflip","Well Laid Plans","Envenom","Blind","Deadly Poison","Venomology","Poisoned Stab","Noxious Fumes+1","Tools of the Trade","Leg Sweep+1","Caltrops+1","Bouncing Flask","Thinking Ahead","Backflip+1","Caltrops+1"],"special_seed":0,"relics":["Ring of the Snake","Juzu Bracelet","Prayer Wheel","Thread and Needle","Ice Cream","Oddly Smooth Stone","Ectoplasm","Pen Nib","StoneCalendar","MutagenicStrength","Tiny Chest","Tiny House","Red Mask","Vajra","Calipers","Sundial"],"potions_floor_usage":[54,55,55,55],"damage_taken":[{"damage":2.0,"enemies":"Cultist","floor":1.0,"turns":4.0},{"damage":0.0,"enemies":"Jaw Worm","floor":2.0,"turns":5.0},{"damage":4.0,"enemies":"Lagavulin","floor":8.0,"turns":7.0},{"damage":0.0,"enemies":"Small Slimes","floor":11.0,"turns":4.0},{"damage":0.0,"enemies":"3 Sentries","floor":14.0,"turns":10.0},{"damage":0.0,"enemies":"The Guardian","floor":16.0,"turns":11.0},{"damage":0.0,"enemies":"Spheric Guardian","floor":18.0,"turns":6.0},{"damage":0.0,"enemies":"2 Thieves","floor":19.0,"turns":4.0},{"damage":0.0,"enemies":"Centurion and Healer","floor":21.0,"turns":8.0},{"damage":4.0,"enemies":"Gremlin Leader","floor":23.0,"turns":7.0},{"damage":21.0,"enemies":"Sentry and Sphere","floor":25.0,"turns":5.0},{"damage":8.0,"enemies":"Book of Stabbing","floor":28.0,"turns":5.0},{"damage":0.0,"enemies":"Snake Plant","floor":30.0,"turns":4.0},{"damage":1.0,"enemies":"Champ","floor":33.0,"turns":8.0},{"damage":0.0,"enemies":"3 Shapes","floor":35.0,"turns":4.0},{"damage":0.0,"enemies":"Orb Walker","floor":36.0,"turns":4.0},{"damage":8.0,"enemies":"Spire Growth","floor":39.0,"turns":6.0},{"damage":41.0,"enemies":"Reptomancer","floor":41.0,"turns":5.0},{"damage":1.0,"enemies":"Maw","floor":46.0,"turns":6.0},{"damage":2.0,"enemies":"Sphere and 2 Shapes","floor":47.0,"turns":4.0},{"damage":0.0,"enemies":"Mind Bloom Boss Battle","floor":48.0,"turns":7.0},{"damage":14.0,"enemies":"Time Eater","floor":50.0,"turns":5.0},{"damage":27,"enemies":"Shield and Spear","floor":54,"turns":6},{"damage":15,"enemies":"The Heart","floor":55,"turns":9}],"seed_played":"-6999142923972651461","potions_obtained":[{"floor":2.0,"key":"Fire Potion"},{"floor":11.0,"key":"AttackPotion"},{"floor":16.0,"key":"GhostInAJar"},{"floor":25.0,"key":"Strength Potion"},{"floor":46.0,"key":"Weak Potion"},{"floor":54,"key":"GhostInAJar"}],"is_trial":false,"path_per_floor":["M","M","?","?","$","R","$","E","T","$","M","R","?","E","R","B",null,"M","M","$","M","$","E","R","M","T","?","E","R","M","?","R","B",null,"M","M","?","?","M","R","E","?","T","R","?","M","M","?","R","B",null,"R","$","E","B",null],"character_chosen":"THE_SILENT","items_purchased":["Footwork","Apotheosis","Well Laid Plans","Blind"],"campfire_rested":3,"item_purchase_floors":[5,5,10,22],"current_hp_per_floor":[68,68,68,68,68,68,68,64,64,64,64,64,61,61,61,61,70,70,70,70,70,70,66,66,45,45,45,37,58,58,58,58,57,75,75,75,75,75,67,67,38,38,38,60,60,59,57,57,75,61,75,75,75,48,33],"gold":0,"neow_bonus":"RANDOM_COMMON_RELIC","is_prod":false,"is_daily":false,"chose_seed":false,"campfire_upgraded":6,"win_rate":0,"timestamp":1563673674,"path_taken":["M","M","?","?","$","R","$","E","T","$","M","R","?","E","R","BOSS","M","M","$","M","$","E","R","M","T","?","E","R","M","?","R","BOSS","M","M","?","?","M","R","E","?","T","R","?","M","M","?","R","BOSS","R","$","E","BOSS"],"build_version":"2019-07-17","purchased_purges":0,"victory":true,"max_hp_per_floor":[70,70,70,70,70,70,70,70,70,70,70,70,70,70,70,70,70,70,70,70,70,70,70,70,70,70,70,70,70,70,70,70,70,75,75,75,75,75,75,75,75,75,75,75,75,75,75,75,75,75,75,75,75,75,75],"card_choices":[{"not_picked":["Sucker Punch","Dodge and Roll"],"picked":"Poisoned Stab","floor":1.0},{"not_picked":["Setup","Cloak And Dagger"],"picked":"Backflip","floor":2.0},{"not_picked":["Outmaneuver","Underhanded Strike","PiercingWail"],"picked":"SKIP","floor":8.0},{"not_picked":["Flying Knee","Distraction"],"picked":"Deflect","floor":11.0},{"not_picked":["Slice","Blade Dance"],"picked":"Adrenaline","floor":11.0},{"not_picked":["Quick Slash","Deflect"],"picked":"Catalyst","floor":14.0},{"not_picked":["Bullet Time","Malaise"],"picked":"Burst","floor":16.0},{"not_picked":["Cloak And Dagger","Heel Hook"],"picked":"Escape Plan","floor":18.0},{"not_picked":["Blade Dance","All Out Attack+1","Riddle With Holes"],"picked":"SKIP","floor":18.0},{"not_picked":["Sucker Punch","Underhanded Strike"],"picked":"Backflip","floor":19.0},{"not_picked":["Heel Hook","Distraction+1"],"picked":"Well Laid Plans","floor":19.0},{"not_picked":["Acrobatics","Blur"],"picked":"Envenom","floor":21.0},{"not_picked":["Flying Knee+1","Prepared+1","Dagger Spray"],"picked":"SKIP","floor":21.0},{"not_picked":["Deflect","PiercingWail"],"picked":"Deadly Poison","floor":23.0},{"not_picked":["Deflect","Well Laid Plans"],"picked":"Venomology","floor":25.0},{"not_picked":["Accuracy","Bane","Dagger Spray"],"picked":"SKIP","floor":25.0},{"not_picked":["Reflex","Choke"],"picked":"Poisoned Stab","floor":28.0},{"not_picked":["Blade Dance","Dagger Throw","Dash"],"picked":"SKIP","floor":30.0},{"not_picked":["Slice+1","Dodge and Roll","Riddle With Holes"],"picked":"SKIP","floor":30.0},{"not_picked":["Malaise","Glass Knife"],"picked":"Tools of the Trade","floor":33.0},{"not_picked":["Acrobatics+1","Blade Dance+1","Flying Knee"],"picked":"SKIP","floor":35.0},{"not_picked":["Quick Slash+1","Poisoned Stab","PiercingWail"],"picked":"SKIP","floor":35.0},{"not_picked":["Underhanded Strike","Accuracy"],"picked":"Leg Sweep+1","floor":36.0},{"not_picked":["Cloak And Dagger+1","Finisher","Phantasmal Killer"],"picked":"SKIP","floor":36.0},{"not_picked":["Terror","Cloak And Dagger"],"picked":"Caltrops","floor":39.0},{"not_picked":["Dagger Spray+1","Riddle With Holes+1","Deflect+1"],"picked":"SKIP","floor":39.0},{"not_picked":["Well Laid Plans+1","After Image"],"picked":"Bouncing Flask","floor":41.0},{"not_picked":["Jack Of All Trades","PanicButton"],"picked":"Thinking Ahead","floor":45.0},{"not_picked":["Sucker Punch","Masterful Stab+1"],"picked":"Backflip+1","floor":46.0},{"not_picked":["Deadly Poison+1","Quick Slash+1","Dodge and Roll+1"],"picked":"SKIP","floor":46.0},{"not_picked":["Cloak And Dagger+1","PiercingWail+1"],"picked":"Caltrops","floor":47.0},{"not_picked":["Flying Knee+1","Underhanded Strike+1","Deflect+1"],"picked":"SKIP","floor":47.0},{"not_picked":["Unload","Prepared+1","Sucker Punch+1"],"picked":"SKIP","floor":54}],"player_experience":722327,"relics_obtained":[{"floor":8.0,"key":"Prayer Wheel"},{"floor":9.0,"key":"Thread and Needle"},{"floor":14.0,"key":"Oddly Smooth Stone"},{"floor":23.0,"key":"Pen Nib"},{"floor":26.0,"key":"StoneCalendar"},{"floor":28.0,"key":"Tiny Chest"},{"floor":41.0,"key":"Vajra"},{"floor":48.0,"key":"Calipers"},{"floor":54,"key":"Sundial"}],"event_choices":[{"damage_healed":0.0,"max_hp_gain":0.0,"max_hp_loss":0.0,"gold_gain":175.0,"event_name":"Liars Game","player_choice":"AGREE","floor":3.0,"gold_loss":0.0,"damage_taken":0.0,"cards_obtained":["Doubt"]},{"cards_removed":["Doubt"],"damage_healed":0.0,"max_hp_gain":0.0,"max_hp_loss":0.0,"gold_gain":0.0,"event_name":"The Cleric","player_choice":"Card Removal","floor":4.0,"gold_loss":50.0,"damage_taken":0.0},{"damage_healed":0.0,"max_hp_gain":0.0,"max_hp_loss":0.0,"gold_gain":0.0,"event_name":"Scrap Ooze","player_choice":"Success","floor":13.0,"gold_loss":0.0,"damage_taken":3.0,"relics_obtained":["Ice Cream"]},{"damage_healed":0.0,"max_hp_gain":0.0,"max_hp_loss":0.0,"gold_gain":0.0,"event_name":"Drug Dealer","player_choice":"Inject Mutagens","floor":27.0,"gold_loss":0.0,"damage_taken":0.0,"relics_obtained":["MutagenicStrength"]},{"damage_healed":0.0,"max_hp_gain":0.0,"max_hp_loss":0.0,"gold_gain":0.0,"event_name":"The Library","player_choice":"Read","floor":31.0,"gold_loss":0.0,"damage_taken":0.0,"cards_obtained":["Noxious Fumes"]},{"damage_healed":0.0,"max_hp_gain":0.0,"max_hp_loss":0.0,"gold_gain":0.0,"event_name":"Tomb of Lord Red Mask","player_choice":"Paid","floor":37.0,"gold_loss":23.0,"damage_taken":0.0,"relics_obtained":["Red Mask"]},{"cards_removed":["Strike_G"],"damage_healed":0.0,"max_hp_gain":0.0,"max_hp_loss":0.0,"gold_gain":0.0,"event_name":"Falling","player_choice":"Removed Attack","floor":38.0,"gold_loss":0.0,"damage_taken":0.0},{"damage_healed":0.0,"max_hp_gain":0.0,"max_hp_loss":0.0,"gold_gain":0.0,"event_name":"Transmorgrifier","player_choice":"Ignored","floor":42.0,"gold_loss":0.0,"damage_taken":0.0},{"damage_healed":0.0,"max_hp_gain":0.0,"max_hp_loss":0.0,"gold_gain":0.0,"event_name":"SensoryStone","player_choice":"Memory 1","floor":45.0,"gold_loss":0.0,"damage_taken":0.0},{"damage_healed":0.0,"max_hp_gain":0.0,"max_hp_loss":0.0,"gold_gain":0.0,"event_name":"MindBloom","player_choice":"Fight","floor":48.0,"gold_loss":0.0,"damage_taken":0.0}],"is_beta":false,"boss_relics":[{"not_picked":["Runic Dome","Lizard Tail"],"picked":"Ectoplasm"},{"not_picked":["Snecko Eye","White Beast Statue"],"picked":"Tiny House"}],"items_purged_floors":[],"is_endless":false,"potions_floor_spawned":[2,11,16,18,25,33,36,46,54],"ascension_level":0}