{"gold_per_floor":[113,113,113,124,43,55,75,75,75,75,92,110,110,136,136,237,237,248,179,196,212,230,258,258,258],"floor_reached":25,"playtime":742,"items_purged":[],"score":225,"play_id":"2d905a14-9201-488b-9a56-28ed1e705718","local_time":"20181009043110","is_ascension_mode":false,"campfire_choices":[{"data":"Storm","floor":8.0,"key":"SMITH"},{"data":"Self Repair","floor":10.0,"key":"SMITH"},{"data":"Capacitor","floor":15.0,"key":"SMITH"},{"data":"Defragment","floor":24,"key":"SMITH"}],"neow_cost":"NONE","seed_source_timestamp":89768859191791,"circlet_count":0,"master_deck":["Strike_B","Strike_B","Defend_B","Defend_B","Defend_B","Defend_B","Zap+1","Dualcast","Self Repair+1","Storm+1","Capacitor+1","Thunder Strike","BootSequence","Self Repair","Reprogram","Machine Learning","Steam","Defragment+1","Reinforced Body","Hologram+1"],"special_seed":0,"relics":["Cracked Core","Emotion Chip","Calipers","White Beast Statue","Pen Nib"],"potions_floor_usage":[22,23,23],"damage_taken":[{"damage":1.0,"enemies":"2 Louse","floor":1.0,"turns":2.0},{"damage":1.0,"enemies":"Small Slimes","floor":4.0,"turns":3.0},{"damage":6.0,"enemies":"Cultist","floor":6.0,"turns":4.0},{"damage":19.0,"enemies":"2 Fungi Beasts","floor":7.0,"turns":4.0},{"damage":5.0,"enemies":"Looter","floor":11.0,"turns":3.0},{"damage":12.0,"enemies":"Lots of Slimes","floor":12.0,"turns":4.0},{"damage":28.0,"enemies":"Gremlin Nob","floor":14.0,"turns":4.0},{"damage":33.0,"enemies":"Hexaghost","floor":16.0,"turns":7.0},{"damage":5,"enemies":"Chosen","floor":18,"turns":4},{"damage":21,"enemies":"2 Thieves","floor":20,"turns":4},{"damage":23,"enemies":"Shelled Parasite and Fungi","floor":21,"turns":5},{"damage":33,"enemies":"Snake Plant","floor":22,"turns":4},{"damage":25,"enemies":"Book of Stabbing","floor":23,"turns":5},{"damage":48,"enemies":"Gremlin Leader","floor":25,"turns":5}],"seed_played":"8793791973785682244","potions_obtained":[{"floor":6.0,"key":"GamblersBrew"},{"floor":11.0,"key":"Dexterity Potion"},{"floor":12.0,"key":"Dexterity Potion"},{"floor":16,"key":"Energy Potion"},{"floor":22,"key":"AttackPotion"},{"floor":23,"key":"FearPotion"}],"is_trial":false,"path_per_floor":["M","?","?","M","$","M","M","R","T","R","M","M","?","E","R","B",null,"M","$","M","M","M","E","R"],"character_chosen":"DEFECT","items_purchased":["Capacitor","Defragment"],"campfire_rested":0,"item_purchase_floors":[5,19],"current_hp_per_floor":[74,67,72,78,78,79,67,67,67,67,72,70,70,59,59,43,80,80,80,76,70,54,46,46,0],"gold":258,"neow_bonus":"UPGRADE_CARD","is_prod":false,"is_daily":false,"chose_seed":false,"campfire_upgraded":4,"win_rate":0,"timestamp":1539048670,"path_taken":["M","?","?","?","$","M","M","R","T","R","M","M","?","E","R","BOSS","BOSS","M","$","M","M","M","E","R","E"],"build_version":"2018-10-04v2","purchased_purges":0,"victory":false,"max_hp_per_floor":[75,75,80,80,80,80,80,80,80,80,80,80,80,80,80,80,80,80,80,80,80,80,80,80,80],"card_choices":[{"not_picked":["Streamline","Coolheaded"],"picked":"Self Repair","floor":1.0},{"not_picked":["Chill","Ball Lightning"],"picked":"Storm","floor":4.0},{"not_picked":["Rebound","Turbo","Gash"],"picked":"SKIP","floor":6.0},{"not_picked":["FTL","Turbo"],"picked":"Thunder Strike","floor":7.0},{"not_picked":["Capacitor","Steam Power"],"picked":"BootSequence","floor":11.0},{"not_picked":["Ball Lightning","Genetic Algorithm"],"picked":"Self Repair","floor":12.0},{"not_picked":["Recycle","Meteor Strike","Glacier"],"picked":"SKIP","floor":14.0},{"not_picked":["Rainbow","Hyperbeam"],"picked":"Machine Learning","floor":16},{"not_picked":["Sweeping Beam","Chaos"],"picked":"Steam","floor":18},{"not_picked":["Rebound","Ball Lightning","Gash"],"picked":"SKIP","floor":20},{"not_picked":["Compile Driver","Cold Snap"],"picked":"Reinforced Body","floor":21},{"not_picked":["Fusion","Sweeping Beam","Reinforced Body"],"picked":"SKIP","floor":22},{"not_picked":["Cold Snap","Barrage"],"picked":"Hologram+1","floor":23}],"player_experience":382816,"relics_obtained":[{"floor":9.0,"key":"Emotion Chip"},{"floor":14.0,"key":"Calipers"},{"floor":23,"key":"Pen Nib"}],"event_choices":[{"event_name":"Golden Wing","player_choice":"Card Removal","floor":2.0,"damage_taken":0.0},{"event_name":"Big Fish","player_choice":"Donut","floor":3.0,"damage_taken":0.0},{"event_name":"Transmorgrifier","player_choice":"Transform","floor":13.0,"damage_taken":0.0}],"is_beta":false,"boss_relics":[{"not_picked":["Calling Bell","Snecko Eye"],"picked":"White Beast Statue"}],"items_purged_floors":[],"is_endless":false,"potions_floor_spawned":[6,11,12,16,18,20,21,22,23],"killed_by":"Gremlin Leader","ascension_level":0}