{"gold_per_floor":[14,14,27,27,40,79,94,94,117,137,162,162,202,222,222,348,348,348,348,348,32,32,32,32,32,32,32,32,32,32,32,32,32],"floor_reached":33,"playtime":4007,"items_purged":[],"score":312,"play_id":"8884125d-bf9f-4160-9751-4eada9263a1a","local_time":"20190726183833","is_ascension_mode":true,"campfire_choices":[{"floor":12,"key":"RECALL"},{"floor":15,"key":"REST"},{"data":"Noxious Fumes","floor":23,"key":"SMITH"},{"data":"Leg Sweep","floor":25,"key":"SMITH"},{"data":"Catalyst","floor":28,"key":"SMITH"},{"floor":32,"key":"REST"}],"neow_cost":"NO_GOLD","seed_source_timestamp":1135207253230837,"circlet_count":0,"master_deck":["Strike_G","Strike_G","Strike_G","Strike_G+1","Defend_G","Defend_G","Defend_G","Defend_G","Survivor","Neutralize+1","Secret Technique","Impatience","Dagger Throw","Leg Sweep+1","Poisoned Stab","Catalyst+1","Dodge and Roll","Backstab","Dash","Masterful Stab","Choke","Malaise","Infinite Blades+1","Forethought","Impatience","Deflect+1","Panacea","Noxious Fumes+1","Underhanded Strike+1","Backflip","Footwork","RitualDagger","Blur"],"relics":["Ring of the Snake","Golden Idol","Blood Vial","Vajra","Lantern","Tough Bandages","Ectoplasm","Bronze Scales","Boot","Whetstone"],"potions_floor_usage":[13,13,16,16,33,33,33],"damage_taken":[{"damage":1,"enemies":"Cultist","floor":1,"turns":4},{"damage":0,"enemies":"2 Louse","floor":3,"turns":3},{"damage":0,"enemies":"Small Slimes","floor":5,"turns":4},{"damage":28,"enemies":"Lagavulin","floor":6,"turns":11},{"damage":1,"enemies":"Blue Slaver","floor":7,"turns":4},{"damage":0,"enemies":"Red Slaver","floor":10,"turns":3},{"damage":0,"enemies":"Looter","floor":11,"turns":2},{"damage":17,"enemies":"3 Sentries","floor":13,"turns":8},{"damage":0,"enemies":"2 Fungi Beasts","floor":14,"turns":3},{"damage":15,"enemies":"The Guardian","floor":16,"turns":12},{"damage":0,"enemies":"3 Byrds","floor":18,"turns":7},{"damage":1,"enemies":"Shell Parasite","floor":20,"turns":4},{"damage":16,"enemies":"Centurion and Healer","floor":22,"turns":4},{"damage":11,"enemies":"Book of Stabbing","floor":24,"turns":7},{"damage":7,"enemies":"Gremlin Leader","floor":27,"turns":8},{"damage":6,"enemies":"Snake Plant","floor":29,"turns":3},{"damage":54,"enemies":"Collector","floor":33,"turns":6}],"seed_played":"5871038824121376319","potions_obtained":[{"floor":7,"key":"AttackPotion"},{"floor":11,"key":"Explosive Potion"},{"floor":13,"key":"SkillPotion"},{"floor":14,"key":"Dexterity Potion"},{"floor":16,"key":"Strength Potion"},{"floor":22,"key":"LiquidBronze"},{"floor":24,"key":"LiquidBronze"}],"is_trial":false,"path_per_floor":["M","?","M","?","M","E","M","?","T","M","M","R","E","M","R","B",null,"M","?","M","$","M","R","E","R","T","E","R","M","?","?","R","B"],"character_chosen":"THE_SILENT","items_purchased":["Bronze Scales","Panacea","Noxious Fumes"],"campfire_rested":2,"item_purchase_floors":[21,21,21],"current_hp_per_floor":[69,52,52,49,51,25,26,19,19,21,23,23,8,10,31,18,70,70,49,50,50,36,36,27,27,27,22,22,18,12,12,33,0],"gold":32,"neow_bonus":"RANDOM_COLORLESS_2","is_prod":false,"is_daily":false,"chose_seed":false,"campfire_upgraded":3,"win_rate":0,"timestamp":1564184313,"path_taken":["M","?","M","?","M","E","M","?","T","M","M","R","E","M","R","BOSS","M","?","?","$","M","R","E","R","T","E","R","M","?","?","R","BOSS"],"build_version":"2019-07-17","purchased_purges":0,"victory":false,"max_hp_per_floor":[70,70,70,70,70,70,70,70,70,70,70,70,70,70,70,70,70,70,70,70,70,70,70,70,70,70,70,70,70,70,70,70,70],"card_choices":[{"not_picked":["Expertise","Acrobatics"],"picked":"Dagger Throw","floor":1},{"not_picked":["Prepared","PiercingWail"],"picked":"Leg Sweep","floor":3},{"not_picked":["Sucker Punch","Dagger Throw"],"picked":"Poisoned Stab","floor":5},{"not_picked":["Deadly Poison","Backflip"],"picked":"Catalyst","floor":6},{"not_picked":["Poisoned Stab","Eviscerate"],"picked":"Dodge and Roll","floor":7},{"not_picked":["Outmaneuver","Distraction"],"picked":"Backstab","floor":10},{"not_picked":["Deflect","Blur"],"picked":"Dash","floor":11},{"not_picked":["Caltrops","Dash"],"picked":"Masterful Stab","floor":13},{"not_picked":["Masterful Stab","Reflex"],"picked":"Choke","floor":14},{"not_picked":["Doppelganger","Phantasmal Killer"],"picked":"Malaise","floor":16},{"not_picked":["PiercingWail","Dodge and Roll"],"picked":"Infinite Blades+1","floor":18},{"not_picked":["Skewer","Eviscerate"],"picked":"Deflect+1","floor":20},{"not_picked":["Outmaneuver","Dagger Spray"],"picked":"Underhanded Strike+1","floor":22},{"not_picked":["PiercingWail","Finisher"],"picked":"Backflip","floor":24},{"not_picked":["Quick Slash","Glass Knife","Deadly Poison"],"picked":"SKIP","floor":27},{"not_picked":["Finisher","Dodge and Roll"],"picked":"Footwork","floor":29}],"player_experience":56508,"relics_obtained":[{"floor":6,"key":"Vajra"},{"floor":9,"key":"Lantern"},{"floor":13,"key":"Tough Bandages"},{"floor":24,"key":"Boot"},{"floor":27,"key":"Whetstone"}],"event_choices":[{"damage_healed":0,"gold_gain":0,"player_choice":"Take Damage","damage_taken":17,"relics_obtained":["Golden Idol"],"max_hp_gain":0,"max_hp_loss":0,"event_name":"Golden Idol","floor":2,"gold_loss":0},{"damage_healed":0,"gold_gain":0,"player_choice":"Success","damage_taken":3,"relics_obtained":["Blood Vial"],"max_hp_gain":0,"max_hp_loss":0,"event_name":"Scrap Ooze","floor":4,"gold_loss":0},{"cards_removed":["Strike_G"],"damage_healed":0,"gold_gain":0,"player_choice":"Card Removal","damage_taken":7,"max_hp_gain":0,"max_hp_loss":0,"event_name":"Golden Wing","floor":8,"gold_loss":0},{"damage_healed":0,"gold_gain":0,"player_choice":"CARD CARD ","damage_taken":21,"max_hp_gain":0,"max_hp_loss":0,"event_name":"Knowing Skull","floor":19,"potions_obtained":[],"gold_loss":0,"cards_obtained":["Forethought","Impatience"]},{"damage_healed":0,"gold_gain":0,"player_choice":"Joined the Cult","damage_taken":6,"max_hp_gain":0,"max_hp_loss":0,"event_name":"Nest","floor":30,"gold_loss":0,"cards_obtained":["RitualDagger"]},{"damage_healed":0,"gold_gain":0,"cards_transformed":["Defend_G"],"player_choice":"Transformed","damage_taken":0,"max_hp_gain":0,"max_hp_loss":0,"event_name":"Transmorgrifier","floor":31,"gold_loss":0,"cards_obtained":["Blur"]}],"is_beta":false,"boss_relics":[{"not_picked":["Busted Crown","Snecko Eye"],"picked":"Ectoplasm"}],"items_purged_floors":[],"is_endless":false,"potions_floor_spawned":[7,11,13,14,16,22,24],"killed_by":"Collector","ascension_level":1}