{"path_per_floor":["M","?","M","M","M","E","R","?","T","M","M","?","$","M","R","B",null,"M","M","M","?","$","R","E","M","T","M","E","?","R","$","R","B",null,"M","?","?","?","M","R","M","E","T","M","R","?","$","?","R"],"character_chosen":"IRONCLAD","items_purchased":["Lee\u0027s Waffle","Master of Strategy","Elixir"],"gold_per_floor":[19,19,38,56,71,106,106,106,106,125,143,143,68,80,80,175,175,195,210,229,229,25,25,58,69,69,80,107,22,22,22,22,125,125,138,138,138,138,151,151,167,195,241,251,251,251,18,0,0],"floor_reached":50,"campfire_rested":3,"playtime":6288,"current_hp_per_floor":[76,60,66,68,74,63,63,63,63,58,64,64,64,56,80,31,80,60,46,12,12,87,87,57,63,63,62,67,67,67,67,67,25,87,81,81,81,81,83,83,59,35,35,40,81,71,71,71,87],"items_purged":["Strike_R"],"gold":0,"play_id":"eff97ecf-8a4d-4752-a2d3-7b3e8dc7230d","is_prod":false,"is_daily":false,"campfire_rituals":0,"campfire_upgraded":2,"is_hardmode":false,"path_taken":["M","?","?","M","M","E","R","?","T","M","M","?","$","M","R","BOSS","M","M","M","?","?","R","E","M","T","M","E","?","R","?","R","BOSS","M","?","?","?","M","R","?","E","T","M","R","?","?","?","R","BOSS"],"build_version":"2018-01-18-PROD4","purchased_purges":1,"victory":false,"master_deck":["Strike_R","Strike_R","Strike_R","Strike_R","Defend_R","Defend_R","Defend_R","Bash","Armaments","Seeing Red","Metallicize","Flame Barrier","Body Slam","Double Tap","Shrug It Off","Flame Barrier","Flex","Metallicize","Spot Weakness","Offering","Rampage","Headbutt","Offering","Madness","Madness","Master of Strategy"],"max_hp_per_floor":[80,80,80,80,80,80,80,80,80,80,80,80,80,80,80,80,80,80,80,80,80,87,87,87,87,87,87,87,87,87,87,87,87,87,87,87,87,87,87,87,87,87,87,87,87,87,87,87,87],"relics":["Burning Blood","Ice Cream","Omamori","Shuriken","Charon\u0027s Ashes","Black Star","Lee\u0027s Waffle","Frozen Eye","Unceasing Top","Shovel","Red Skull","Champion Belt","Vajra","Mummified Hand","Du-Vu Doll","Lizard Tail","Lantern","Magic Flower","Happy Flower","Bronze Scales","Regal Pillow","Red Mask"],"campfire_meditates":0,"card_choices":[{"not_picked":["Heavy Blade","Pommel Strike"],"picked":"Armaments"},{"not_picked":["Cleave","Twin Strike"],"picked":"Seeing Red"},{"not_picked":["Shockwave","True Grit"],"picked":"Metallicize"},{"not_picked":["Bloodletting","Warcry"],"picked":"Flame Barrier"},{"not_picked":["Thunderclap","Perfected Strike"],"picked":"Body Slam"},{"not_picked":["Impervious","Limit Break"],"picked":"Double Tap"},{"not_picked":["Reckless Charge","Clash"],"picked":"Shrug It Off"},{"not_picked":["Headbutt","Body Slam"],"picked":"Flame Barrier"},{"not_picked":["Dropkick","Headbutt"],"picked":"Flex"},{"not_picked":["Dropkick","Flex"],"picked":"Metallicize"},{"not_picked":["Impervious","Bloodletting"],"picked":"Spot Weakness"},{"not_picked":["Feed","Brutality"],"picked":"Offering"},{"not_picked":["Sword Boomerang","Rupture"],"picked":"Rampage"},{"not_picked":["Corruption","Perfected Strike"],"picked":"Headbutt"},{"not_picked":["Twin Strike","Bloodletting"],"picked":"Offering"}],"player_experience":116637,"potions_floor_usage":[6,14,16,19,19,28,28,28,42,42,50],"damage_taken":[{"damage":10,"enemies":"Small Slimes","floor":1,"turns":4},{"damage":0,"enemies":"2 Louse","floor":3,"turns":3},{"damage":4,"enemies":"Blue Slaver","floor":4,"turns":4},{"damage":0,"enemies":"3 Louse","floor":5,"turns":4},{"damage":26,"enemies":"Gremlin Nob","floor":6,"turns":4},{"damage":11,"enemies":"Large Slime","floor":10,"turns":6},{"damage":0,"enemies":"2 Fungi Beasts","floor":11,"turns":4},{"damage":14,"enemies":"Gremlin Gang","floor":14,"turns":6},{"damage":55,"enemies":"Slime Boss","floor":16,"turns":12},{"damage":26,"enemies":"3 Byrds","floor":18,"turns":8},{"damage":20,"enemies":"2 Thieves","floor":19,"turns":4},{"damage":40,"enemies":"Centurion and Healer","floor":20,"turns":9},{"damage":36,"enemies":"Book of Stabbing","floor":24,"turns":7},{"damage":0,"enemies":"Snecko","floor":25,"turns":4},{"damage":7,"enemies":"Snake Plant","floor":27,"turns":4},{"damage":1,"enemies":"Slavers","floor":28,"turns":6},{"damage":48,"enemies":"Collector","floor":33,"turns":13},{"damage":12,"enemies":"3 Darklings","floor":35,"turns":9},{"damage":4,"enemies":"Orb Walker","floor":39,"turns":3},{"damage":33,"enemies":"Sphere and 2 Shapes","floor":41,"turns":6},{"damage":117,"enemies":"Giant Head","floor":42,"turns":9},{"damage":4,"enemies":"3 Darklings","floor":44,"turns":4},{"damage":99,"enemies":"Time Eater","floor":50,"turns":10}],"event_choices":[{"event_name":"Shining Light","player_choice":"Entered Light","floor":2,"damage_taken":0},{"event_name":"Big Fish","player_choice":"Box","floor":8,"damage_taken":0},{"event_name":"Bonfire Elementals","player_choice":"BASIC","floor":12,"damage_taken":0},{"event_name":"Back to Basics","player_choice":"Simplicity","floor":21,"damage_taken":0},{"event_name":"Addict","player_choice":"Obtained Relic","floor":29,"damage_taken":0},{"event_name":"Accursed Blacksmith","player_choice":"Rummage","floor":36,"damage_taken":0},{"event_name":"The Lab","player_choice":"Got Potions","floor":37,"damage_taken":0},{"event_name":"Mysterious Sphere","player_choice":"Ignore","floor":38,"damage_taken":0},{"event_name":"Winding Halls","player_choice":"Embrace Madness","floor":46,"damage_taken":0},{"event_name":"Tomb of Lord Red Mask","player_choice":"Paid","floor":48,"damage_taken":0}],"boss_relics":[{"not_picked":["Astrolabe","Eternal Feather"],"picked":"Black Star"},{"not_picked":["Pandora\u0027s Box","Tiny House"],"picked":"Lizard Tail"}],"potions_floor_spawned":[4,6,14,16,18,24,25,27,39,44],"seed_played":"3569094922728824194","killed_by":"Time Eater","is_trial":false}