{"path_per_floor":["M","?","M","M","$","R","?","R","T","R","M","M","R","M","R","B",null,"M","M","M","$","M","R","?","E","T","?","R","M","$","?","R","B",null,"M","$","?","?","M","R","E"],"character_chosen":"THE_SILENT","items_purchased":["Caltrops","Oddly Smooth Stone","Prepared","Fire Potion","Infinite Blades"],"gold_per_floor":[112,212,225,236,6,6,6,6,6,6,21,39,39,52,52,156,156,170,186,205,25,38,38,38,63,117,117,117,136,62,62,62,163,163,182,82,0,0,11,11,36],"floor_reached":42,"campfire_rested":1,"playtime":4726,"current_hp_per_floor":[70,70,68,68,68,68,68,68,68,68,61,57,57,49,49,38,70,43,58,42,42,23,23,70,33,33,33,33,26,26,26,47,17,70,61,61,61,61,44,54,4],"items_purged":["Strike_G","Underhanded Strike"],"gold":36,"play_id":"e91ce889-bafe-4b17-9014-d588e862bc38","is_prod":false,"is_daily":false,"campfire_rituals":0,"campfire_upgraded":8,"is_hardmode":false,"path_taken":["M","?","?","M","$","R","?","R","T","R","M","M","R","M","R","BOSS","M","M","M","$","M","R","?","E","T","?","R","M","$","?","R","BOSS","M","$","?","?","?","R","E","M"],"build_version":"2018-01-18-PROD4","purchased_purges":4,"victory":false,"master_deck":["Defend_G","Defend_G","Defend_G","Defend_G","Defend_G","Survivor","Neutralize","Glass Knife","Outmaneuver","Bouncing Flask","Caltrops","Calculated Gamble","A Thousand Cuts","Footwork","Dagger Throw","Footwork","Prepared","Blade Dance","Bite_G","Bite_G","Bite_G","Bite_G","Bite_G","Blade Dance","Infinite Blades","Dagger Spray","Escape Plan","After Image"],"max_hp_per_floor":[70,70,70,70,70,70,70,70,70,70,70,70,70,70,70,70,70,70,70,70,70,70,70,70,70,70,70,70,70,70,70,70,70,70,70,70,70,70,70,70,70],"relics":["Ring of the Snake","Oddly Smooth Stone","Bag of Marbles","Mercury Hourglass","Nloth\u0027s Gift","Eternal Feather","Red Mask","Torii"],"campfire_meditates":0,"card_choices":[{"not_picked":["Finisher","Dagger Spray"],"picked":"Underhanded Strike"},{"not_picked":["Deflect","Choke"],"picked":"Outmaneuver"},{"not_picked":["Dodge and Roll","Flying Knee"],"picked":"Bouncing Flask"},{"not_picked":["Night Terror","Dagger Throw"],"picked":"Well Laid Plans"},{"not_picked":["Corpse Explosion","Die Die Die"],"picked":"A Thousand Cuts"},{"not_picked":["Backstab","Flying Knee"],"picked":"Footwork"},{"not_picked":["Deflect","Bane"],"picked":"Dagger Throw"},{"not_picked":["Bane","Deadly Poison"],"picked":"Footwork"},{"not_picked":["Quick Slash","Backflip"],"picked":"Blade Dance"},{"not_picked":["Quick Slash","Malaise"],"picked":"Blade Dance"},{"not_picked":["Bullet Time","Glass Knife"],"picked":"Envenom"},{"not_picked":["Backflip","PiercingWail"],"picked":"Dagger Spray"},{"not_picked":["Malaise","Bullet Time"],"picked":"Escape Plan"},{"not_picked":["Doppelganger","Venomology"],"picked":"After Image"}],"player_experience":53982,"potions_floor_usage":[14,19,29,33,33,39,41,42],"damage_taken":[{"damage":0,"enemies":"Small Slimes","floor":1,"turns":4},{"damage":2,"enemies":"Blue Slaver","floor":3,"turns":4},{"damage":0,"enemies":"Cultist","floor":4,"turns":3},{"damage":7,"enemies":"Gremlin Gang","floor":11,"turns":3},{"damage":4,"enemies":"Large Slime","floor":12,"turns":5},{"damage":8,"enemies":"Lots of Slimes","floor":14,"turns":2},{"damage":11,"enemies":"The Guardian","floor":16,"turns":8},{"damage":27,"enemies":"2 Thieves","floor":18,"turns":4},{"damage":0,"enemies":"Chosen","floor":19,"turns":5},{"damage":16,"enemies":"Snake Plant","floor":20,"turns":5},{"damage":19,"enemies":"Chosen and Byrds","floor":22,"turns":6},{"damage":37,"enemies":"Book of Stabbing","floor":25,"turns":6},{"damage":13,"enemies":"Centurion and Healer","floor":29,"turns":5},{"damage":50,"enemies":"Champ","floor":33,"turns":11},{"damage":9,"enemies":"Orb Walker","floor":35,"turns":4},{"damage":27,"enemies":"3 Darklings","floor":39,"turns":4},{"damage":60,"enemies":"Giant Head","floor":41,"turns":11},{"damage":11,"enemies":"Sphere and 2 Shapes","floor":42,"turns":3}],"event_choices":[{"event_name":"Golden Shrine","player_choice":"Pray","floor":2,"damage_taken":0},{"event_name":"Match and Keep!","player_choice":"1 cards matched","floor":7,"damage_taken":0},{"event_name":"Bonfire Elementals","player_choice":"UNCOMMON","floor":24,"damage_taken":0},{"event_name":"Vampires","player_choice":"Became a vampire (Vial)","floor":27,"damage_taken":0},{"event_name":"N\u0027loth","player_choice":"Traded a Orrery","floor":31,"damage_taken":0},{"event_name":"Tomb of Lord Red Mask","player_choice":"Paid","floor":37,"damage_taken":0},{"event_name":"Purifier","player_choice":"One Purge","floor":38,"damage_taken":0}],"boss_relics":[{"not_picked":["Runic Dome","Runic Pyramid"],"picked":"Orrery"},{"not_picked":["Astrolabe","Velvet Choker"],"picked":"Eternal Feather"}],"potions_floor_spawned":[1,4,18,20,29,33,39],"seed_played":"-6141936694806646178","killed_by":"Sphere and 2 Shapes","is_trial":false}