{"gold_per_floor":[109,128,128,28,45,45,120,136,163,163,194,194,227,245,245,341,341,353,366,72,87,97,111,131,143,143,143,162,162,114,130,130,226,226,240,258,31,49,63,92,43,43,43,43,59,75,75,87,87,87],"floor_reached":51,"playtime":1769,"items_purged":["Regret"],"score":747,"play_id":"af40bac8-c781-402e-83ea-27af344f2d31","local_time":"20180816060014","is_ascension_mode":false,"campfire_choices":[{"data":"Armaments","floor":6.0,"key":"SMITH"},{"floor":15.0,"key":"REST"},{"data":"Juggernaut","floor":27.0,"key":"SMITH"},{"data":"Ghostly Armor","floor":29.0,"key":"SMITH"},{"data":"Body Slam","floor":32.0,"key":"SMITH"},{"data":"Demon Form","floor":42,"key":"SMITH"},{"data":"Sword Boomerang","floor":47,"key":"SMITH"},{"data":"Shrug It Off","floor":49,"key":"SMITH"}],"neow_cost":"NONE","seed_source_timestamp":132667739633777,"circlet_count":0,"master_deck":["Strike_R","Strike_R","Strike_R","Strike_R","Strike_R","Defend_R","Defend_R","Defend_R","Defend_R","Bash","Impervious","Armaments+1","Ghostly Armor+1","Spot Weakness","Juggernaut+1","Shrug It Off+1","Shrug It Off+1","Flame Barrier+1","Shrug It Off+1","Body Slam+1","Demon Form+1","Sword Boomerang+1","Writhe","Pommel Strike+1"],"special_seed":0,"relics":["Burning Blood","Ancient Tea Set","Potion Belt","Boot","Strawberry","Coffee Dripper","Bottled Tornado","Dream Catcher","Busted Crown","Oddly Smooth Stone","Blood Vial","Pen Nib"],"potions_floor_usage":[50,50,50,50,50],"damage_taken":[{"damage":5.0,"enemies":"Small Slimes","floor":1.0,"turns":4.0},{"damage":1.0,"enemies":"2 Louse","floor":2.0,"turns":3.0},{"damage":6.0,"enemies":"Jaw Worm","floor":5.0,"turns":5.0},{"damage":5.0,"enemies":"Looter","floor":8.0,"turns":3.0},{"damage":35.0,"enemies":"Lagavulin","floor":11.0,"turns":7.0},{"damage":21.0,"enemies":"3 Sentries","floor":13.0,"turns":10.0},{"damage":10.0,"enemies":"2 Fungi Beasts","floor":14.0,"turns":4.0},{"damage":7.0,"enemies":"Slime Boss","floor":16.0,"turns":8.0},{"damage":0.0,"enemies":"Shell Parasite","floor":18.0,"turns":6.0},{"damage":4.0,"enemies":"Spheric Guardian","floor":19.0,"turns":5.0},{"damage":20.0,"enemies":"Snake Plant","floor":21.0,"turns":4.0},{"damage":14.0,"enemies":"Snecko","floor":22.0,"turns":6.0},{"damage":14.0,"enemies":"3 Cultists","floor":23.0,"turns":8.0},{"damage":20.0,"enemies":"Cultist and Chosen","floor":24.0,"turns":7.0},{"damage":11.0,"enemies":"Snake Plant","floor":25.0,"turns":5.0},{"damage":5.0,"enemies":"Centurion and Healer","floor":28.0,"turns":7.0},{"damage":0.0,"enemies":"Sentry and Sphere","floor":31.0,"turns":6.0},{"damage":44.0,"enemies":"Champ","floor":33.0,"turns":16.0},{"damage":15.0,"enemies":"Flame Bruiser 1 Orb","floor":35.0,"turns":5.0},{"damage":8.0,"enemies":"3 Shapes","floor":36.0,"turns":4.0},{"damage":9.0,"enemies":"Transient","floor":38.0,"turns":5.0},{"damage":38.0,"enemies":"Sphere and 2 Shapes","floor":39.0,"turns":6.0},{"damage":13.0,"enemies":"Giant Head","floor":40.0,"turns":9.0},{"damage":5,"enemies":"Maw","floor":45,"turns":6},{"damage":0,"enemies":"Spire Growth","floor":46,"turns":5},{"damage":21,"enemies":"4 Shapes","floor":48,"turns":5},{"damage":0,"enemies":"Time Eater","floor":50,"turns":6}],"seed_played":"7366681414231232977","potions_obtained":[{"floor":2.0,"key":"Poison Potion"},{"floor":13.0,"key":"PowerPotion"},{"floor":16.0,"key":"Swift Potion"},{"floor":18.0,"key":"Energy Potion"},{"floor":19.0,"key":"PowerPotion"},{"floor":23.0,"key":"SpeedPotion"},{"floor":24.0,"key":"SkillPotion"},{"floor":25.0,"key":"Explosive Potion"},{"floor":36.0,"key":"Block Potion"},{"floor":38.0,"key":"FearPotion"},{"floor":39.0,"key":"EssenceOfSteel"}],"is_trial":false,"path_per_floor":["M","M","?","$","M","R","?","M","T","?","E","$","E","M","R","B",null,"M","M","$","M","M","M","M","M","T","R","M","R","$","M","R","B",null,"M","M","$","M","M","E","$","R","T","?","M","M","R","M","R","B"],"character_chosen":"IRONCLAD","items_purchased":["Armaments","Bottled Tornado","Shrug It Off","Body Slam","Oddly Smooth Stone","Regen Potion","Sword Boomerang"],"campfire_rested":1,"item_purchase_floors":[4,20,20,30,37,37,41],"current_hp_per_floor":[80,80,80,80,80,80,69,70,70,70,41,41,33,29,55,54,87,87,87,87,73,65,57,43,38,38,38,39,39,39,45,45,7,87,78,76,76,73,41,34,34,34,34,56,59,67,67,54,54,77],"gold":87,"neow_bonus":"ONE_RANDOM_RARE_CARD","is_prod":false,"is_daily":false,"chose_seed":false,"campfire_upgraded":7,"win_rate":0,"timestamp":1534388414,"path_taken":["M","M","?","$","M","R","?","M","T","?","E","?","E","M","R","BOSS","M","M","$","M","M","M","M","M","T","R","M","R","$","M","R","BOSS","M","M","$","M","M","E","?","R","T","?","M","M","R","M","R","BOSS"],"build_version":"2018-08-09","purchased_purges":1,"victory":true,"max_hp_per_floor":[80,80,80,80,80,80,80,80,80,80,80,80,87,87,87,87,87,87,87,87,87,87,87,87,87,87,87,87,87,87,87,87,87,87,87,87,87,87,87,87,87,87,87,87,87,87,87,87,87,87],"card_choices":[{"not_picked":["Heavy Blade","Iron Wave","Havoc"],"picked":"SKIP","floor":1.0},{"not_picked":["Warcry","Headbutt","Searing Blow"],"picked":"SKIP","floor":2.0},{"not_picked":["Clash","Clothesline"],"picked":"Ghostly Armor","floor":5.0},{"not_picked":["Pummel","Anger","Iron Wave"],"picked":"SKIP","floor":8.0},{"not_picked":["Clothesline","Carnage"],"picked":"Spot Weakness","floor":11.0},{"not_picked":["Sentinel","Bloodletting","Perfected Strike"],"picked":"SKIP","floor":13.0},{"not_picked":["Bludgeon","Clash","Iron Wave"],"picked":"SKIP","floor":14.0},{"not_picked":["Brutality","Immolate"],"picked":"Juggernaut","floor":16.0},{"not_picked":["Pommel Strike","Anger","Warcry"],"picked":"SKIP","floor":18.0},{"not_picked":["Pommel Strike+1","True Grit+1","Flex"],"picked":"SKIP","floor":19.0},{"not_picked":["Havoc+1","Cleave","Reckless Charge"],"picked":"SKIP","floor":21.0},{"not_picked":["Pommel Strike","Armaments"],"picked":"Shrug It Off+1","floor":22.0},{"not_picked":["Impervious","Warcry","Wild Strike"],"picked":"SKIP","floor":23.0},{"not_picked":["Bloodletting+1","Clothesline","Armaments"],"picked":"SKIP","floor":24.0},{"not_picked":["Rupture+1","Anger"],"picked":"Flame Barrier+1","floor":25.0},{"not_picked":["Warcry","Seeing Red"],"picked":"Shrug It Off+1","floor":28.0},{"not_picked":["Bludgeon","Clash","Combust"],"picked":"SKIP","floor":31.0},{"not_picked":["Reaper","Bludgeon"],"picked":"Demon Form","floor":33.0},{"not_picked":["Havoc"],"picked":"SKIP","floor":35.0},{"not_picked":["Headbutt+1"],"picked":"SKIP","floor":36.0},{"not_picked":["Clash+1"],"picked":"SKIP","floor":38.0},{"not_picked":["Warcry"],"picked":"SKIP","floor":39.0},{"not_picked":["Infernal Blade+1"],"picked":"SKIP","floor":40.0},{"not_picked":[],"picked":"Pommel Strike+1","floor":45},{"not_picked":["Shockwave"],"picked":"SKIP","floor":46},{"not_picked":["Shockwave"],"picked":"SKIP","floor":46},{"not_picked":["True Grit"],"picked":"SKIP","floor":48}],"player_experience":331597,"relics_obtained":[{"floor":9.0,"key":"Potion Belt"},{"floor":11.0,"key":"Boot"},{"floor":13.0,"key":"Strawberry"},{"floor":26.0,"key":"Dream Catcher"},{"floor":40.0,"key":"Blood Vial"},{"floor":43,"key":"Pen Nib"}],"event_choices":[{"event_name":"Big Fish","player_choice":"Box","floor":3.0,"damage_taken":0.0},{"event_name":"World of Goop","player_choice":"Gather Gold","floor":7.0,"damage_taken":0.0},{"event_name":"Golden Wing","player_choice":"Ignored","floor":10.0,"damage_taken":0.0},{"event_name":"Winding Halls","player_choice":"Writhe","floor":44,"damage_taken":0}],"is_beta":false,"boss_relics":[{"not_picked":["Snecko Eye","Lizard Tail"],"picked":"Coffee Dripper"},{"not_picked":["Velvet Choker","Fusion Hammer"],"picked":"Busted Crown"}],"items_purged_floors":[4],"is_endless":false,"potions_floor_spawned":[2,13,16,18,19,23,24,25,36,38,39,46],"ascension_level":0}