{"path_per_floor":["M","?","?","?","M","R","M","$","T","R","E","R","M","E","R","B",null,"M","$","M","M","?","R","E","?","T","R","E","?","?","M","R","B",null,"M","?","T","?","?","E","R","?","T","$","M","$","M","E","R","B"],"character_chosen":"THE_SILENT","items_purchased":["Blur","Footwork","Bane","Panacea"],"gold_per_floor":[109,109,59,59,78,78,89,13,36,36,69,69,84,113,113,217,217,228,82,95,110,110,110,138,138,168,168,201,201,201,216,216,316,316,335,335,335,335,335,365,365,365,413,313,333,91,108,142,142,142],"floor_reached":51,"campfire_rested":3,"playtime":5345,"current_hp_per_floor":[70,70,70,56,56,56,56,56,56,56,65,65,65,62,62,61,80,78,78,73,63,63,63,40,40,40,64,43,43,69,44,68,59,80,77,77,77,77,77,68,68,68,68,68,68,68,58,47,73,63],"items_purged":["Defend_G","Strike_G","Strike_G"],"gold":142,"score":599,"play_id":"ecafc86e-53a8-4b7e-9138-7f860e063e8d","is_prod":false,"is_daily":false,"is_ascension_mode":true,"campfire_upgraded":6,"path_taken":["M","?","?","?","M","R","?","$","T","R","E","R","M","E","R","BOSS","M","$","M","M","?","R","E","?","T","R","E","?","?","M","R","BOSS","M","?","?","?","?","E","R","?","T","$","M","$","M","E","R","BOSS"],"build_version":"2018-02-15-PROD1","purchased_purges":3,"victory":true,"master_deck":["Defend_G","Defend_G","Defend_G","Defend_G+1","Strike_G+1","Survivor","Neutralize+1","Glass Knife+1","Noxious Fumes+1","Blur+1","Dagger Spray+1","Sucker Punch","Blur+1","Wraith Form","Prepared+1","Footwork+1","Calculated Gamble","Catalyst+1","Tactician","Bane","Crippling Poison","Venomology","Blur+1","Predator+1","Leg Sweep+1","Bane","Panacea","Deflect+1"],"max_hp_per_floor":[70,70,70,70,70,70,70,70,70,70,80,80,80,80,80,80,80,80,80,80,80,80,80,80,80,80,80,80,80,80,80,80,80,80,80,80,80,80,80,80,80,80,80,80,80,80,80,87,87,87],"relics":["Ring of the Snake","Juzu Bracelet","Paper Crane","Lizard Tail","Blood Vial","Nloth\u0027s Gift","Tiny Chest","Dream Catcher","The Specimen","Girya","Omamori","Bag of Preparation","Strawberry"],"card_choices":[{"not_picked":["Bane","Footwork"],"picked":"Noxious Fumes"},{"not_picked":["Infinite Blades","Riddle With Holes"],"picked":"Poisoned Stab"},{"not_picked":["Poisoned Stab","Dash"],"picked":"Dagger Spray"},{"not_picked":["Heel Hook","Concentrate"],"picked":"Sucker Punch"},{"not_picked":["Caltrops","Dagger Spray"],"picked":"Blur"},{"not_picked":["Unload","Glass Knife"],"picked":"Wraith Form"},{"not_picked":["Sucker Punch","Cloak And Dagger"],"picked":"Prepared"},{"not_picked":["Dagger Throw","PiercingWail"],"picked":"Calculated Gamble"},{"not_picked":["Terror","Bane"],"picked":"Catalyst"},{"not_picked":["Dagger Spray","Dash"],"picked":"Tactician"},{"not_picked":["Finisher","Setup"],"picked":"Crippling Poison"},{"not_picked":["Unload","Glass Knife"],"picked":"Venomology"},{"not_picked":["Dagger Spray","Footwork"],"picked":"Predator"},{"not_picked":["Dagger Throw","Heel Hook"],"picked":"Leg Sweep"},{"not_picked":["Reflex","Cloak And Dagger"],"picked":"Deflect"}],"player_experience":214541,"potions_floor_usage":[14,18,20,24,31,33,40,40,47,48,48,48,50,50],"damage_taken":[{"damage":0,"enemies":"Small Slimes","floor":1,"turns":4},{"damage":0,"enemies":"2 Louse","floor":5,"turns":3},{"damage":0,"enemies":"Jaw Worm","floor":7,"turns":3},{"damage":1,"enemies":"3 Sentries","floor":11,"turns":7},{"damage":0,"enemies":"Red Slaver","floor":13,"turns":2},{"damage":3,"enemies":"Lagavulin","floor":14,"turns":5},{"damage":1,"enemies":"Hexaghost","floor":16,"turns":11},{"damage":2,"enemies":"2 Thieves","floor":18,"turns":4},{"damage":5,"enemies":"Chosen","floor":20,"turns":5},{"damage":10,"enemies":"Sentry and Sphere","floor":21,"turns":8},{"damage":23,"enemies":"Slavers","floor":24,"turns":6},{"damage":23,"enemies":"Book of Stabbing","floor":28,"turns":7},{"damage":27,"enemies":"Slaver and Parasite","floor":31,"turns":9},{"damage":11,"enemies":"Automaton","floor":33,"turns":10},{"damage":3,"enemies":"3 Shapes","floor":35,"turns":8},{"damage":11,"enemies":"Nemesis","floor":40,"turns":13},{"damage":2,"enemies":"Orb Walker","floor":45,"turns":6},{"damage":12,"enemies":"4 Shapes","floor":47,"turns":6},{"damage":73,"enemies":"2 Orb Walkers","floor":48,"turns":10},{"damage":27,"enemies":"Awakened One","floor":50,"turns":21}],"event_choices":[{"event_name":"Living Wall","player_choice":"Grow","floor":2,"damage_taken":0},{"event_name":"The Cleric","player_choice":"Card Removal","floor":3,"damage_taken":0},{"event_name":"Shining Light","player_choice":"Entered Light","floor":4,"damage_taken":0},{"event_name":"Upgrade Shrine","player_choice":"Upgraded","floor":22,"damage_taken":0},{"event_name":"N\u0027loth","player_choice":"Traded a Pear","floor":25,"damage_taken":0},{"event_name":"Transmorgrifier","player_choice":"Transform","floor":29,"damage_taken":0},{"event_name":"The Library","player_choice":"Heal","floor":30,"damage_taken":0},{"event_name":"Mysterious Sphere","player_choice":"Ignore","floor":36,"damage_taken":0},{"event_name":"Duplicator","player_choice":"One dupe","floor":38,"damage_taken":0},{"event_name":"Tomb of Lord Red Mask","player_choice":"Ignored","floor":42,"damage_taken":0}],"boss_relics":[{"not_picked":["Calling Bell","Eternal Feather"],"picked":"Lizard Tail"},{"not_picked":["White Beast Statue","Astrolabe"],"picked":"The Specimen"}],"potions_floor_spawned":[5,11,13,14,28,31,40,45,47],"seed_played":"-7297595414131117280","ascension_level":1,"is_trial":false}