{"gold_per_floor":[369,382,51,62,78,113,15,15,15,15,30,205,130,147,147,147],"floor_reached":16,"playtime":553,"items_purged":["Doubt"],"score":102,"play_id":"c6c2b1d0-121d-48f3-b46d-3196eb104739","local_time":"20190702031508","is_ascension_mode":false,"campfire_choices":[{"data":"Body Slam","floor":8,"key":"SMITH"},{"floor":10,"key":"REST"},{"data":"Blind","floor":15,"key":"SMITH"}],"neow_cost":"PERCENT_DAMAGE","seed_source_timestamp":189516963013000,"circlet_count":0,"master_deck":["Strike_R","Strike_R","Strike_R","Strike_R","Strike_R","Defend_R","Defend_R","Defend_R","Defend_R","Bash","Battle Trance","Body Slam+1","Flame Barrier","Ghostly Armor","Blind+1","Evolve"],"relics":["Burning Blood","Gremlin Horn","Bottled Flame","Dodecahedron"],"potions_floor_usage":[5,6,11],"damage_taken":[{"damage":5,"enemies":"Cultist","floor":1,"turns":4},{"damage":6,"enemies":"Jaw Worm","floor":2,"turns":4},{"damage":0,"enemies":"Small Slimes","floor":4,"turns":2},{"damage":21,"enemies":"Exordium Wildlife","floor":5,"turns":6},{"damage":40,"enemies":"Lagavulin","floor":6,"turns":9},{"damage":2,"enemies":"Gremlin Gang","floor":11,"turns":4},{"damage":8,"enemies":"Large Slime","floor":14,"turns":6},{"damage":40,"enemies":"Slime Boss","floor":16,"turns":10}],"seed_played":"-314240473841048204","potions_obtained":[{"floor":1,"key":"GamblersBrew"},{"floor":4,"key":"SpeedPotion"},{"floor":5,"key":"FearPotion"}],"is_trial":false,"path_per_floor":["M","M","$","M","M","E","$","R","T","R","M","?","$","M","R","B"],"character_chosen":"IRONCLAD","items_purchased":["Gremlin Horn","Flame Barrier","Blind"],"campfire_rested":1,"item_purchase_floors":[3,3,7],"current_hp_per_floor":[57,57,57,63,48,14,14,14,14,38,42,42,42,40,40,0],"gold":147,"neow_bonus":"TWO_FIFTY_GOLD","is_prod":false,"is_daily":false,"chose_seed":false,"campfire_upgraded":2,"win_rate":0,"timestamp":1562026508,"path_taken":["M","M","?","M","M","E","$","R","T","R","?","?","$","M","R","BOSS"],"build_version":"2019-07-01","purchased_purges":1,"victory":false,"max_hp_per_floor":[80,80,80,80,80,80,80,80,80,80,80,80,80,80,80,80],"card_choices":[{"not_picked":["Headbutt","Twin Strike"],"picked":"Battle Trance","floor":1},{"not_picked":["Corruption","Uppercut"],"picked":"Body Slam","floor":2},{"not_picked":["Thunderclap","Twin Strike","Dual Wield"],"picked":"SKIP","floor":4},{"not_picked":["Anger","Twin Strike","Uppercut"],"picked":"SKIP","floor":5},{"not_picked":["Combust","Anger"],"picked":"Ghostly Armor","floor":6},{"not_picked":["Warcry","Iron Wave","Searing Blow"],"picked":"SKIP","floor":11},{"not_picked":["Clash","Armaments"],"picked":"Evolve","floor":14}],"player_experience":664083,"relics_obtained":[{"floor":6,"key":"Bottled Flame"},{"floor":9,"key":"Dodecahedron"}],"event_choices":[{"damage_healed":0,"gold_gain":175,"player_choice":"AGREE","damage_taken":0,"max_hp_gain":0,"max_hp_loss":0,"event_name":"Liars Game","floor":12,"gold_loss":0,"cards_obtained":["Doubt"]}],"is_beta":false,"boss_relics":[],"items_purged_floors":[13],"is_endless":false,"potions_floor_spawned":[1,4,5],"killed_by":"Slime Boss","ascension_level":0}