{"gold_per_floor":[118,118,138,152,73,73,93,15,69,83,83,100,100,50,50,145,145,161,161,188,200,312,324,370,307,319,331],"floor_reached":27,"playtime":876,"items_purged":[],"score":221,"play_id":"05e9b6b9-fd51-460e-9991-54cf2757a931","local_time":"20190520115407","is_ascension_mode":false,"campfire_choices":[{"data":"Bash","floor":6,"key":"SMITH"},{"data":"Body Slam","floor":11,"key":"SMITH"},{"data":"Armaments","floor":15,"key":"SMITH"},{"data":"Body Slam","floor":23,"key":"SMITH"}],"neow_cost":"NONE","seed_source_timestamp":1685989157800,"circlet_count":0,"master_deck":["Strike_R","Strike_R","Strike_R","Defend_R","Defend_R","Defend_R","Defend_R","Bash+1","Battle Trance+1","Body Slam+1","Ghostly Armor","Armaments+1","Impervious","Body Slam+1","Shrug It Off+1"],"relics":["Burning Blood","Tiny Chest","Runic Cube","MawBank","Girya","Toxic Egg 2","Boot","Gremlin Horn"],"potions_floor_usage":[22,24],"damage_taken":[{"damage":9,"enemies":"Small Slimes","floor":1,"turns":4},{"damage":1,"enemies":"Cultist","floor":3,"turns":3},{"damage":16,"enemies":"Jaw Worm","floor":4,"turns":5},{"damage":11,"enemies":"3 Louse","floor":7,"turns":4},{"damage":0,"enemies":"Blue Slaver","floor":10,"turns":5},{"damage":2,"enemies":"Looter","floor":12,"turns":4},{"damage":40,"enemies":"The Guardian","floor":16,"turns":15},{"damage":13,"enemies":"Spheric Guardian","floor":18,"turns":7},{"damage":0,"enemies":"3 Byrds","floor":20,"turns":5},{"damage":22,"enemies":"Colosseum Slavers","floor":22,"turns":6},{"damage":41,"enemies":"Colosseum Nobs","floor":22,"turns":5},{"damage":28,"enemies":"Slavers","floor":24,"turns":7},{"damage":18,"enemies":"Snake Plant","floor":27,"turns":4}],"seed_played":"5188544739304646945","potions_obtained":[{"floor":1,"key":"Swift Potion"},{"floor":4,"key":"PowerPotion"},{"floor":10,"key":"SteroidPotion"},{"floor":22,"key":"Poison Potion"}],"is_trial":false,"path_per_floor":["M","?","M","M","$","R","M","$","T","M","R","M","?","$","R","B",null,"M","T","M","$","?","R","E","?","T","M"],"character_chosen":"IRONCLAD","items_purchased":["Battle Trance","Body Slam","Ghostly Armor","Armaments"],"campfire_rested":0,"item_purchase_floors":[5,8,8,14],"current_hp_per_floor":[85,85,88,78,78,78,73,73,73,79,79,83,83,83,83,49,88,81,81,87,87,36,36,14,14,14,0],"gold":331,"neow_bonus":"TEN_PERCENT_HP_BONUS","is_prod":false,"is_daily":false,"chose_seed":false,"campfire_upgraded":4,"win_rate":0,"timestamp":1558342447,"path_taken":["M","?","M","M","$","R","M","$","T","M","R","?","?","$","R","BOSS","M","?","M","$","?","R","E","?","T","M"],"build_version":"2019-01-23","purchased_purges":0,"victory":false,"max_hp_per_floor":[88,88,88,88,88,88,88,88,88,88,88,88,88,88,88,88,88,88,88,88,88,88,88,88,88,88,88],"card_choices":[{"not_picked":["Rampage","Headbutt","Hemokinesis"],"picked":"SKIP","floor":1},{"not_picked":["Dual Wield","Anger","Perfected Strike"],"picked":"SKIP","floor":3},{"not_picked":["Second Wind","Cleave","Fire Breathing"],"picked":"SKIP","floor":4},{"not_picked":["Uppercut","Wild Strike","Thunderclap"],"picked":"SKIP","floor":7},{"not_picked":["Flex","Combust","Iron Wave"],"picked":"SKIP","floor":10},{"not_picked":["Warcry","Hemokinesis","Bloodletting"],"picked":"SKIP","floor":12},{"not_picked":["Berserk","Fiend Fire"],"picked":"Impervious","floor":16},{"not_picked":["Dual Wield+1","Clothesline"],"picked":"Body Slam","floor":18},{"not_picked":["Thunderclap","Dropkick","Wild Strike"],"picked":"SKIP","floor":20},{"not_picked":["Clash","Uppercut"],"picked":"Shrug It Off","floor":22},{"not_picked":["Havoc+1","Clothesline","Anger"],"picked":"SKIP","floor":24}],"player_experience":599343,"relics_obtained":[{"floor":9,"key":"Tiny Chest"},{"floor":19,"key":"MawBank"},{"floor":22,"key":"Girya"},{"floor":22,"key":"Toxic Egg 2"},{"floor":24,"key":"Boot"},{"floor":26,"key":"Gremlin Horn"}],"event_choices":[{"cards_removed":["Strike_R"],"damage_healed":0,"gold_gain":0,"player_choice":"Offered Basic","damage_taken":0,"max_hp_gain":0,"max_hp_loss":0,"event_name":"Bonfire Elementals","floor":2,"gold_loss":0},{"damage_healed":0,"gold_gain":0,"player_choice":"Upgraded","damage_taken":0,"max_hp_gain":0,"max_hp_loss":0,"event_name":"Upgrade Shrine","floor":13,"gold_loss":0,"cards_upgraded":["Battle Trance"]},{"damage_healed":0,"gold_gain":0,"player_choice":"Fight","damage_taken":0,"max_hp_gain":0,"max_hp_loss":0,"event_name":"Colosseum","floor":22,"gold_loss":0},{"damage_healed":0,"gold_gain":0,"player_choice":"Fought Nobs","damage_taken":0,"max_hp_gain":0,"max_hp_loss":0,"event_name":"Colosseum","floor":22,"gold_loss":0},{"cards_removed":["Strike_R"],"damage_healed":0,"gold_gain":0,"player_choice":"Gave Gold","damage_taken":0,"max_hp_gain":0,"max_hp_loss":0,"event_name":"Beggar","floor":25,"gold_loss":75}],"is_beta":false,"boss_relics":[{"not_picked":["Eternal Feather","Pandora\u0027s Box"],"picked":"Runic Cube"}],"items_purged_floors":[],"is_endless":false,"potions_floor_spawned":[1,4,10,12,16,20,22],"killed_by":"Snake Plant","ascension_level":0}