{"gold_per_floor":[116,128,128,143,68,68,68,68,144,144,70,94,122,70,70,175,175,190,190,54,54,54,54,67,67,67,87,24,24,49,49,49,151,151,171,171,171,184,66,66,66,82,82,94,111,111,164,164,164,164],"floor_reached":51,"playtime":1113,"items_purged":["Regret","Shame","Strike_B"],"score":682,"play_id":"5aae1d67-64ca-436e-ab8a-e4a912045375","local_time":"20181030025003","is_ascension_mode":false,"campfire_choices":[{"data":"Zap","floor":6,"key":"SMITH"},{"data":"Loop","floor":8,"key":"SMITH"},{"data":"Redo","floor":15,"key":"SMITH"},{"data":"Storm","floor":23,"key":"SMITH"},{"data":"Defragment","floor":29,"key":"SMITH"},{"data":"Static Discharge","floor":32,"key":"SMITH"},{"data":"Loop","floor":40,"key":"SMITH"},{"data":"Capacitor","floor":46,"key":"SMITH"},{"data":"Thunder Strike","floor":49,"key":"SMITH"}],"neow_cost":"NONE","seed_source_timestamp":103911786583954,"circlet_count":0,"master_deck":["Strike_B","Strike_B","Strike_B","Defend_B","Defend_B","Defend_B","Defend_B","Zap+1","Dualcast","Conserve Battery","Loop+1","Storm+1","Redo+1","Thunder Strike+1","Capacitor+1","Loop+1","Defragment+1","Static Discharge+1","Stack+1","Electrodynamics","Defragment+1","Reinforced Body+1","Conserve Battery","Good Instincts","Steam"],"relics":["Cracked Core","Art of War","Torii","Tiny Chest","Mummified Hand","Anchor","Question Card","Coffee Dripper","Strawberry","The Courier","Regal Pillow","Blood Vial","Nuclear Battery","Blue Candle","Shuriken","DataDisk"],"potions_floor_usage":[30,50],"damage_taken":[{"damage":0,"enemies":"Jaw Worm","floor":1,"turns":3},{"damage":3,"enemies":"Small Slimes","floor":2,"turns":3},{"damage":2,"enemies":"2 Louse","floor":4,"turns":3},{"damage":13,"enemies":"3 Sentries","floor":13,"turns":7},{"damage":11,"enemies":"Hexaghost","floor":16,"turns":11},{"damage":1,"enemies":"Chosen","floor":18,"turns":4},{"damage":18,"enemies":"Shell Parasite","floor":24,"turns":5},{"damage":1,"enemies":"Snake Plant","floor":27,"turns":3},{"damage":29,"enemies":"Gremlin Leader","floor":30,"turns":5},{"damage":33,"enemies":"Collector","floor":33,"turns":5},{"damage":17,"enemies":"3 Darklings","floor":35,"turns":3},{"damage":1,"enemies":"Orb Walker","floor":38,"turns":3},{"damage":34,"enemies":"4 Shapes","floor":42,"turns":4},{"damage":15,"enemies":"Jaw Worm Horde","floor":44,"turns":3},{"damage":12,"enemies":"Maw","floor":45,"turns":5},{"damage":56,"enemies":"Time Eater","floor":50,"turns":7}],"seed_played":"-2071284161280376566","potions_obtained":[{"floor":16,"key":"SkillPotion"},{"floor":30,"key":"SteroidPotion"},{"floor":38,"key":"Regen Potion"},{"floor":44,"key":"SteroidPotion"}],"is_trial":false,"path_per_floor":["M","M","?","M","$","R","?","R","T","T","$","T","E","$","R","B",null,"M","?","$","?","$","R","M","?","T","M","$","R","E","T","R","B",null,"M","?","?","M","$","R","?","M","T","M","M","R","T","?","R","B"],"character_chosen":"DEFECT","items_purchased":["Storm","Redo","Loop","Static Discharge","Conserve Battery"],"campfire_rested":0,"item_purchase_floors":[11,14,20,28,39],"current_hp_per_floor":[75,72,72,70,70,70,63,63,63,63,63,63,50,50,50,39,75,74,81,81,81,81,81,63,63,63,62,62,62,33,33,33,2,82,65,65,65,66,66,66,66,34,34,21,11,11,11,72,72,30],"gold":164,"neow_bonus":"THREE_CARDS","is_prod":false,"is_daily":false,"chose_seed":false,"campfire_upgraded":9,"win_rate":0,"timestamp":1540860603,"path_taken":["M","M","?","M","$","R","?","R","T","?","$","?","E","$","R","BOSS","M","?","$","?","$","R","M","?","T","?","?","R","E","?","R","BOSS","M","?","?","?","$","R","?","M","T","M","?","R","?","?","R","BOSS"],"build_version":"2018-10-25v2","purchased_purges":3,"victory":true,"max_hp_per_floor":[75,75,75,75,75,75,75,75,75,75,75,75,75,75,75,75,75,75,82,82,82,82,82,82,82,82,82,82,82,82,82,82,82,82,82,82,82,82,82,82,82,82,82,82,82,82,82,72,72,72],"card_choices":[{"not_picked":["Sunder","Barrage"],"picked":"Conserve Battery","floor":0},{"not_picked":["Steam","Cold Snap","Lockon"],"picked":"SKIP","floor":1},{"not_picked":["Darkness","Aggregate","Doom and Gloom"],"picked":"SKIP","floor":2},{"not_picked":["Sweeping Beam","Coolheaded"],"picked":"Loop","floor":4},{"not_picked":["Consume","Compile Driver","Redo"],"picked":"SKIP","floor":13},{"not_picked":["Fission","Creative AI","Hyperbeam"],"picked":"Thunder Strike","floor":16},{"not_picked":["Compile Driver","Stack","Cold Snap"],"picked":"Capacitor","floor":18},{"not_picked":["Coolheaded","Storm","Conserve Battery","Fusion+1"],"picked":"SKIP","floor":24},{"not_picked":["Consume","Sunder+1","Hologram+1"],"picked":"Defragment","floor":27},{"not_picked":["Darkness+1","Rebound","Coolheaded+1"],"picked":"Stack+1","floor":30},{"not_picked":["Fission","Hyperbeam","Creative AI"],"picked":"Electrodynamics","floor":33},{"not_picked":["Barrage","Melter+1","Sweeping Beam+1","Gash"],"picked":"SKIP","floor":35},{"not_picked":["Gash+1","Go for the Eyes+1","Melter+1"],"picked":"Reinforced Body+1","floor":38},{"not_picked":["Enlightenment","Discovery","Transmutation"],"picked":"Good Instincts","floor":41},{"not_picked":["Redo+1","Hologram","Heatsinks+1","Beam Cell+1"],"picked":"SKIP","floor":42},{"not_picked":["Scrape+1","Rip and Tear","Cold Snap+1"],"picked":"Steam","floor":44},{"not_picked":["Turbo","Compile Driver+1","Blizzard","Ball Lightning"],"picked":"SKIP","floor":45}],"player_experience":442171,"relics_obtained":[{"floor":9,"key":"Tiny Chest"},{"floor":10,"key":"Mummified Hand"},{"floor":12,"key":"Anchor"},{"floor":13,"key":"Question Card"},{"floor":26,"key":"The Courier"},{"floor":30,"key":"Regal Pillow"},{"floor":31,"key":"Blood Vial"},{"floor":36,"key":"Blue Candle"},{"floor":43,"key":"Shuriken"},{"floor":47,"key":"DataDisk"}],"event_choices":[{"damage_healed":0,"gold_gain":0,"player_choice":"Box","damage_taken":0,"relics_obtained":["Art of War"],"max_hp_gain":0,"max_hp_loss":0,"event_name":"Big Fish","floor":3,"gold_loss":0,"cards_obtained":["Regret"]},{"damage_healed":0,"gold_gain":0,"player_choice":"Success","damage_taken":7,"relics_obtained":["Torii"],"max_hp_gain":0,"max_hp_loss":0,"event_name":"Scrap Ooze","floor":7,"gold_loss":0},{"damage_healed":0,"gold_gain":0,"player_choice":"Stole Relic","damage_taken":0,"relics_obtained":["Strawberry"],"max_hp_gain":0,"max_hp_loss":0,"event_name":"Addict","floor":19,"gold_loss":0,"cards_obtained":["Shame"]},{"damage_healed":0,"gold_gain":0,"player_choice":"Ignored","damage_taken":0,"max_hp_gain":0,"max_hp_loss":0,"event_name":"Beggar","floor":21,"gold_loss":0},{"damage_healed":0,"gold_gain":0,"player_choice":"Ignored","damage_taken":0,"max_hp_gain":0,"max_hp_loss":0,"event_name":"Vampires","floor":25,"gold_loss":0},{"damage_healed":0,"gold_gain":0,"player_choice":"Relic","damage_taken":0,"max_hp_gain":0,"max_hp_loss":0,"event_name":"Wheel of Change","floor":36,"gold_loss":0},{"damage_healed":0,"gold_gain":0,"player_choice":"Copied","damage_taken":0,"max_hp_gain":0,"max_hp_loss":0,"event_name":"Duplicator","floor":37,"gold_loss":0,"cards_obtained":["Defragment"]},{"damage_healed":0,"gold_gain":0,"player_choice":"Memory 1","damage_taken":0,"max_hp_gain":0,"max_hp_loss":0,"event_name":"SensoryStone","floor":41,"gold_loss":0},{"damage_healed":72,"gold_gain":0,"player_choice":"Heal","damage_taken":0,"max_hp_gain":0,"max_hp_loss":10,"event_name":"The Moai Head","floor":48,"gold_loss":0}],"is_beta":false,"boss_relics":[{"not_picked":["FrozenCore","White Beast Statue"],"picked":"Coffee Dripper"},{"not_picked":["Orrery","Philosopher\u0027s Stone"],"picked":"Nuclear Battery"}],"items_purged_floors":[5,20,39],"is_endless":false,"potions_floor_spawned":[16,30,38,44],"ascension_level":0}