{"gold_per_floor":[119,133,148,148,47,77,77,95,121,139,164,177,177,191,191,293,293,304,320,122,132,132,164,164,195,248,278,278,153,165,190,190,285,285,301,319,319,330,342,370,181,197,197,215,249,91,91,104,104,104],"floor_reached":50,"playtime":9902,"items_purged":["Pain","Defend_R","Defend_R","Defend_R"],"score":735,"play_id":"cfc9bc55-cf82-481b-a642-857be491d1e6","local_time":"20190726145621","is_ascension_mode":true,"campfire_choices":[{"data":"Perfected Strike","floor":7,"key":"SMITH"},{"data":"Armaments","floor":13,"key":"SMITH"},{"data":"Clothesline","floor":15,"key":"SMITH"},{"data":"Double Tap","floor":24,"key":"SMITH"},{"data":"Enlightenment","floor":28,"key":"SMITH"},{"data":"Defend_R","floor":32,"key":"SMITH"},{"floor":47,"key":"REST"},{"data":"True Grit","floor":49,"key":"SMITH"}],"neow_cost":"NONE","seed_source_timestamp":6001207789753,"circlet_count":0,"master_deck":["Strike_R","Strike_R+1","Strike_R","Strike_R","Strike_R","Defend_R+1","Bash","True Grit+1","Clothesline","Perfected Strike+1","Perfected Strike+1","Perfected Strike","Clothesline+1","Pommel Strike","Armaments+1","Double Tap+1","Wild Strike+1","Enlightenment+1","Twin Strike","Double Tap","Ghostly Armor","Madness","Madness","Shrug It Off+1","Shrug It Off+1","Perfected Strike+1","Disarm+1","Pommel Strike+1","Berserk","Twin Strike+1"],"relics":["Burning Blood","WarpedTongs","Centennial Puzzle","Oddly Smooth Stone","Dream Catcher","Velvet Choker","Whetstone","Strawberry","Bag of Marbles","Unceasing Top","Vajra","Eternal Feather","MawBank","DollysMirror","The Courier","Sundial"],"potions_floor_usage":[14,23,23,25,40,48,50,50],"damage_taken":[{"damage":11,"enemies":"Small Slimes","floor":1,"turns":5},{"damage":1,"enemies":"Cultist","floor":2,"turns":4},{"damage":2,"enemies":"Jaw Worm","floor":3,"turns":3},{"damage":26,"enemies":"3 Sentries","floor":6,"turns":8},{"damage":10,"enemies":"Large Slime","floor":8,"turns":5},{"damage":10,"enemies":"3 Louse","floor":10,"turns":3},{"damage":24,"enemies":"Lagavulin","floor":11,"turns":5},{"damage":5,"enemies":"Looter","floor":12,"turns":2},{"damage":7,"enemies":"Exordium Wildlife","floor":14,"turns":3},{"damage":17,"enemies":"The Guardian","floor":16,"turns":9},{"damage":6,"enemies":"Chosen","floor":18,"turns":2},{"damage":10,"enemies":"Shell Parasite","floor":19,"turns":4},{"damage":0,"enemies":"Snake Plant","floor":21,"turns":2},{"damage":9,"enemies":"Gremlin Leader","floor":23,"turns":4},{"damage":15,"enemies":"Slavers","floor":25,"turns":3},{"damage":3,"enemies":"Gremlin Leader","floor":27,"turns":4},{"damage":8,"enemies":"Cultist and Chosen","floor":30,"turns":3},{"damage":7,"enemies":"Slavers","floor":31,"turns":4},{"damage":54,"enemies":"Champ","floor":33,"turns":7},{"damage":0,"enemies":"Orb Walker","floor":35,"turns":1},{"damage":6,"enemies":"3 Darklings","floor":36,"turns":2},{"damage":4,"enemies":"Transient","floor":38,"turns":5},{"damage":0,"enemies":"Jaw Worm Horde","floor":39,"turns":2},{"damage":35,"enemies":"Reptomancer","floor":40,"turns":7},{"damage":24,"enemies":"Maw","floor":42,"turns":5},{"damage":5,"enemies":"Sphere and 2 Shapes","floor":44,"turns":4},{"damage":29,"enemies":"Giant Head","floor":45,"turns":6},{"damage":0,"enemies":"3 Darklings","floor":48,"turns":2},{"damage":98,"enemies":"Donu and Deca","floor":50,"turns":5}],"seed_played":"-2020476308878623302","potions_obtained":[{"floor":3,"key":"LiquidBronze"},{"floor":6,"key":"SkillPotion"},{"floor":12,"key":"BloodPotion"},{"floor":16,"key":"Strength Potion"},{"floor":18,"key":"Block Potion"},{"floor":19,"key":"SkillPotion"},{"floor":23,"key":"BloodPotion"},{"floor":25,"key":"GamblersBrew"},{"floor":31,"key":"PowerPotion"},{"floor":45,"key":"SpeedPotion"}],"is_trial":false,"path_per_floor":["M","M","M","?","$","E","R","M","T","M","E","M","R","M","R","B",null,"M","M","$","M","$","E","R","E","T","E","R","$","M","E","R","B",null,"M","M","?","M","M","E","$","M","T","M","E","$","R","M","R","B"],"character_chosen":"IRONCLAD","items_purchased":["Perfected Strike","Enlightenment","DollysMirror","FearPotion"],"campfire_rested":1,"item_purchase_floors":[5,20,41,46],"current_hp_per_floor":[83,88,88,88,88,68,68,64,64,60,42,43,43,64,64,53,88,88,84,84,88,88,85,85,83,83,86,86,86,84,83,83,35,95,95,95,83,85,91,85,85,67,67,68,45,45,88,94,95,0],"gold":104,"neow_bonus":"TEN_PERCENT_HP_BONUS","is_prod":false,"is_daily":false,"chose_seed":false,"campfire_upgraded":7,"win_rate":0,"timestamp":1564170981,"path_taken":["M","M","M","?","$","E","R","M","T","M","E","?","R","M","R","BOSS","M","M","$","M","?","E","R","E","T","E","R","$","M","E","R","BOSS","M","M","?","M","M","E","$","M","T","M","E","$","R","M","R","BOSS"],"build_version":"2019-07-17","purchased_purges":4,"victory":false,"max_hp_per_floor":[88,88,88,88,88,88,88,88,88,88,88,88,88,88,88,88,88,88,88,88,88,88,88,88,95,95,95,95,95,95,95,95,95,95,95,95,95,95,95,95,95,95,95,95,95,95,95,95,95,95],"card_choices":[{"not_picked":["Wild Strike","Sword Boomerang"],"picked":"True Grit","floor":1},{"not_picked":["Cleave","Shrug It Off"],"picked":"Clothesline","floor":2},{"not_picked":["Rage","Cleave"],"picked":"Perfected Strike","floor":3},{"not_picked":["Shrug It Off","Thunderclap"],"picked":"Perfected Strike","floor":6},{"not_picked":["Clash","Sword Boomerang"],"picked":"Clothesline","floor":8},{"not_picked":["Reckless Charge","Shrug It Off"],"picked":"Pommel Strike","floor":10},{"not_picked":["Carnage","Clothesline"],"picked":"Armaments","floor":11},{"not_picked":["Corruption","Havoc","Spot Weakness"],"picked":"SKIP","floor":12},{"not_picked":["Corruption","Warcry","Armaments"],"picked":"SKIP","floor":14},{"not_picked":["Fiend Fire","Brutality"],"picked":"Double Tap","floor":16},{"not_picked":["Second Wind","Entrench+1","Feel No Pain+1"],"picked":"SKIP","floor":18},{"not_picked":["Headbutt","Clash"],"picked":"Wild Strike+1","floor":19},{"not_picked":["Shrug It Off","Burning Pact","Warcry"],"picked":"SKIP","floor":21},{"not_picked":["Clothesline","Rupture","Sever Soul"],"picked":"SKIP","floor":23},{"not_picked":["Rage","Sentinel"],"picked":"Twin Strike","floor":25},{"not_picked":["Clash","Carnage","Reaper"],"picked":"SKIP","floor":27},{"not_picked":["Uppercut","Headbutt","Iron Wave+1"],"picked":"SKIP","floor":30},{"not_picked":["Flame Barrier","Clothesline","Flex"],"picked":"SKIP","floor":31},{"not_picked":["Exhume","Barricade"],"picked":"Double Tap","floor":33},{"not_picked":["Heavy Blade","Twin Strike"],"picked":"Ghostly Armor","floor":35},{"not_picked":["Heavy Blade","Iron Wave+1","Havoc+1"],"picked":"SKIP","floor":36},{"not_picked":["Entrench+1","Clothesline+1","Havoc+1"],"picked":"SKIP","floor":38},{"not_picked":["Corruption","Headbutt+1"],"picked":"Shrug It Off+1","floor":39},{"not_picked":["Sever Soul","Sentinel+1"],"picked":"Shrug It Off+1","floor":40},{"not_picked":["Thunderclap","Clash+1","Corruption"],"picked":"SKIP","floor":42},{"not_picked":["Metallicize","Heavy Blade+1"],"picked":"Disarm+1","floor":44},{"not_picked":["Whirlwind","Infernal Blade+1"],"picked":"Pommel Strike+1","floor":45},{"not_picked":["Sword Boomerang+1","Flex+1"],"picked":"Berserk","floor":47},{"not_picked":["Entrench","Havoc"],"picked":"Twin Strike+1","floor":48}],"player_experience":642909,"relics_obtained":[{"floor":6,"key":"Centennial Puzzle"},{"floor":9,"key":"Oddly Smooth Stone"},{"floor":11,"key":"Dream Catcher"},{"floor":23,"key":"Whetstone"},{"floor":25,"key":"Strawberry"},{"floor":26,"key":"Bag of Marbles"},{"floor":27,"key":"Unceasing Top"},{"floor":31,"key":"Vajra"},{"floor":40,"key":"MawBank"},{"floor":43,"key":"The Courier"},{"floor":45,"key":"Sundial"}],"event_choices":[{"damage_healed":0,"gold_gain":0,"player_choice":"Rummage","damage_taken":0,"relics_obtained":["WarpedTongs"],"max_hp_gain":0,"max_hp_loss":0,"event_name":"Accursed Blacksmith","floor":4,"gold_loss":0,"cards_obtained":["Pain"]},{"damage_healed":0,"gold_gain":0,"player_choice":"Embrace Madness","damage_taken":12,"max_hp_gain":0,"max_hp_loss":0,"event_name":"Winding Halls","floor":37,"gold_loss":0,"cards_obtained":["Madness","Madness"]}],"is_beta":false,"boss_relics":[{"not_picked":["Cursed Key","Orrery"],"picked":"Velvet Choker"},{"not_picked":["Runic Dome","Pandora\u0027s Box"],"picked":"Eternal Feather"}],"items_purged_floors":[5,20,29,46],"is_endless":false,"potions_floor_spawned":[3,6,12,16,18,19,23,25,31,33,38,45],"killed_by":"Donu and Deca","ascension_level":3}