{"gold_per_floor":[112,132,132,144,154,154,164,197,251,262,296,326,326,381,381,480,480,495,515,515,113,129,160,160,10,10,10,10,10,63,78,78,177,177,190,201,216,564,564,564,583,583,637,244,244,50,150,168,168,168],"floor_reached":51,"playtime":1163,"items_purged":[],"score":760,"play_id":"3e28f457-e746-40eb-868b-5c76f995f88a","local_time":"20190616164410","is_ascension_mode":false,"campfire_choices":[{"data":"Armaments","floor":6.0,"key":"SMITH"},{"data":"Trip","floor":13.0,"key":"SMITH"},{"data":"Inflame","floor":15.0,"key":"SMITH"},{"data":"Sword Boomerang","floor":28.0,"key":"SMITH"},{"data":"Bash","floor":32.0,"key":"SMITH"},{"data":"Defend_R","floor":40.0,"key":"SMITH"},{"data":"Whirlwind","floor":49,"key":"SMITH"}],"neow_cost":"NONE","seed_source_timestamp":236233143289100,"circlet_count":0,"master_deck":["Strike_R","Strike_R","Strike_R","Strike_R","Strike_R","Defend_R","Defend_R","Defend_R","Defend_R+1","Bash+1","Trip+1","Armaments+1","Dropkick","Sword Boomerang+1","Inflame+1","Twin Strike+1","Cleave+1","Dropkick+1","Twin Strike","Sword Boomerang+1","Whirlwind+1"],"special_seed":0,"relics":["Burning Blood","Incense Burner","Happy Flower","Mercury Hourglass","Regal Pillow","Tiny Chest","Busted Crown","Vajra","Paper Frog","Bronze Scales","Blood Vial","Ginger","Juzu Bracelet","Velvet Choker","Old Coin","MawBank","Shuriken","Red Skull","Whetstone","Unceasing Top"],"potions_floor_usage":[50,50],"damage_taken":[{"damage":4.0,"enemies":"2 Louse","floor":1.0,"turns":3.0},{"damage":8.0,"enemies":"Jaw Worm","floor":2.0,"turns":3.0},{"damage":0.0,"enemies":"Cultist","floor":4.0,"turns":2.0},{"damage":15.0,"enemies":"Red Slaver","floor":5.0,"turns":4.0},{"damage":5.0,"enemies":"2 Fungi Beasts","floor":7.0,"turns":3.0},{"damage":34.0,"enemies":"Gremlin Nob","floor":8.0,"turns":5.0},{"damage":5.0,"enemies":"Looter","floor":10.0,"turns":3.0},{"damage":9.0,"enemies":"3 Sentries","floor":11.0,"turns":7.0},{"damage":1.0,"enemies":"Gremlin Nob","floor":14.0,"turns":3.0},{"damage":13.0,"enemies":"Slime Boss","floor":16.0,"turns":8.0},{"damage":3.0,"enemies":"3 Byrds","floor":18.0,"turns":4.0},{"damage":20.0,"enemies":"2 Thieves","floor":19.0,"turns":3.0},{"damage":0.0,"enemies":"Snake Plant","floor":22.0,"turns":3.0},{"damage":41.0,"enemies":"Slavers","floor":23.0,"turns":5.0},{"damage":5.0,"enemies":"Chosen and Byrds","floor":31.0,"turns":4.0},{"damage":59.0,"enemies":"Collector","floor":33.0,"turns":7.0},{"damage":0.0,"enemies":"Orb Walker","floor":35.0,"turns":2.0},{"damage":12.0,"enemies":"3 Shapes","floor":36.0,"turns":3.0},{"damage":5.0,"enemies":"Jaw Worm Horde","floor":37.0,"turns":3.0},{"damage":43.0,"enemies":"2 Orb Walkers","floor":38.0,"turns":4.0},{"damage":11.0,"enemies":"Sphere and 2 Shapes","floor":41.0,"turns":5.0},{"damage":0,"enemies":"Mind Bloom Boss Battle","floor":47,"turns":2},{"damage":0,"enemies":"Transient","floor":48,"turns":5},{"damage":61,"enemies":"Time Eater","floor":50,"turns":6}],"seed_played":"8283675428479494728","potions_obtained":[{"floor":2.0,"key":"Energy Potion"},{"floor":8.0,"key":"FearPotion"},{"floor":10.0,"key":"Explosive Potion"},{"floor":16.0,"key":"LiquidBronze"},{"floor":19.0,"key":"SteroidPotion"},{"floor":35.0,"key":"EssenceOfSteel"},{"floor":38.0,"key":"Regen Potion"}],"is_trial":false,"path_per_floor":["M","M","$","M","M","R","M","E","T","M","E","?","R","E","R","B",null,"M","M","?","$","M","E","$","$","T","$","R","?","T","M","R","B",null,"M","M","M","?","?","R","M","?","T","$","?","$","?","M","R","B",null],"character_chosen":"IRONCLAD","items_purchased":["Vajra","Paper Frog","Blood Vial","Shuriken","Red Skull","Twin Strike","Sword Boomerang","Whetstone"],"campfire_rested":0,"item_purchase_floors":[21,21,25,44,44,44,46,46],"current_hp_per_floor":[80,78,78,80,71,71,72,44,44,45,42,42,42,47,47,40,80,80,66,58,58,64,29,29,29,29,29,29,55,55,58,58,7,80,80,74,77,42,42,42,39,39,39,39,39,39,47,55,55,16],"gold":168,"neow_bonus":"RANDOM_COLORLESS","is_prod":false,"is_daily":false,"chose_seed":false,"campfire_upgraded":7,"win_rate":0,"timestamp":1560692650,"path_taken":["M","M","$","M","M","R","M","E","T","M","E","?","R","E","R","BOSS","M","M","?","$","?","E","?","$","T","$","R","?","?","M","R","BOSS","M","M","M","?","?","R","M","?","T","$","?","$","?","M","R","BOSS"],"build_version":"2019-01-23","purchased_purges":0,"victory":true,"max_hp_per_floor":[80,80,80,80,80,80,80,80,80,80,80,80,80,80,80,80,80,80,80,80,80,80,80,80,80,80,80,80,80,80,80,80,80,80,80,80,80,80,80,80,80,80,80,80,80,80,80,80,80,80],"card_choices":[{"not_picked":["Feel No Pain","Wild Strike","Pommel Strike"],"picked":"SKIP","floor":1.0},{"not_picked":["Warcry","Second Wind","Power Through"],"picked":"SKIP","floor":2.0},{"not_picked":["Heavy Blade","Seeing Red","Iron Wave"],"picked":"SKIP","floor":4.0},{"not_picked":["Perfected Strike","Shrug It Off"],"picked":"Armaments","floor":5.0},{"not_picked":["Infernal Blade","Dark Embrace","Body Slam"],"picked":"SKIP","floor":7.0},{"not_picked":["Offering","Intimidate"],"picked":"Dropkick","floor":8.0},{"not_picked":["Pommel Strike","Thunderclap","Perfected Strike"],"picked":"SKIP","floor":10.0},{"not_picked":["Bludgeon","Combust"],"picked":"Sword Boomerang","floor":11.0},{"not_picked":["Clothesline","Entrench"],"picked":"Inflame","floor":14.0},{"not_picked":["Cleave"],"picked":"SKIP","floor":18.0},{"not_picked":["Rampage"],"picked":"SKIP","floor":19.0},{"not_picked":["Pummel"],"picked":"SKIP","floor":22.0},{"not_picked":["Disarm"],"picked":"SKIP","floor":23.0},{"not_picked":["Clothesline"],"picked":"SKIP","floor":31.0},{"not_picked":[],"picked":"Twin Strike+1","floor":35.0},{"not_picked":[],"picked":"Cleave+1","floor":36.0},{"not_picked":["Uppercut"],"picked":"SKIP","floor":37.0},{"not_picked":[],"picked":"Dropkick","floor":41.0},{"not_picked":[],"picked":"Whirlwind","floor":48}],"player_experience":625192,"relics_obtained":[{"floor":8.0,"key":"Incense Burner"},{"floor":9.0,"key":"Happy Flower"},{"floor":11.0,"key":"Mercury Hourglass"},{"floor":14.0,"key":"Tiny Chest"},{"floor":23.0,"key":"Bronze Scales"},{"floor":26.0,"key":"Ginger"},{"floor":30.0,"key":"Juzu Bracelet"},{"floor":38.0,"key":"Old Coin"},{"floor":43.0,"key":"MawBank"},{"floor":47,"key":"Unceasing Top"}],"event_choices":[{"damage_healed":0.0,"max_hp_gain":0.0,"max_hp_loss":0.0,"gold_gain":30.0,"event_name":"Dead Adventurer","player_choice":"Searched \u00272\u0027 times","floor":12.0,"gold_loss":0.0,"damage_taken":0.0,"relics_obtained":["Regal Pillow"]},{"damage_healed":0.0,"max_hp_gain":0.0,"max_hp_loss":0.0,"gold_gain":0.0,"event_name":"Knowing Skull","player_choice":"","floor":20.0,"potions_obtained":[],"gold_loss":0.0,"damage_taken":8.0,"cards_obtained":[]},{"damage_healed":26.0,"max_hp_gain":0.0,"max_hp_loss":0.0,"gold_gain":0.0,"event_name":"The Library","player_choice":"Heal","floor":29.0,"gold_loss":0.0,"damage_taken":0.0},{"damage_healed":0.0,"max_hp_gain":0.0,"max_hp_loss":0.0,"gold_gain":0.0,"event_name":"Mysterious Sphere","player_choice":"Fight","floor":38.0,"gold_loss":0.0,"damage_taken":0.0},{"damage_healed":0.0,"max_hp_gain":0.0,"max_hp_loss":0.0,"gold_gain":0.0,"event_name":"SensoryStone","player_choice":"Memory 1","floor":39.0,"gold_loss":0.0,"damage_taken":0.0},{"damage_healed":0.0,"max_hp_gain":0.0,"max_hp_loss":0.0,"gold_gain":0.0,"event_name":"The Moai Head","player_choice":"Ignored","floor":42.0,"gold_loss":0.0,"damage_taken":0.0},{"damage_healed":0.0,"max_hp_gain":0.0,"max_hp_loss":0.0,"gold_gain":0.0,"event_name":"Tomb of Lord Red Mask","player_choice":"Ignored","floor":45.0,"gold_loss":0.0,"damage_taken":0.0},{"damage_healed":0,"gold_gain":0,"player_choice":"Fight","damage_taken":0,"max_hp_gain":0,"max_hp_loss":0,"event_name":"MindBloom","floor":47,"gold_loss":0}],"is_beta":false,"boss_relics":[{"not_picked":["Snecko Eye","Eternal Feather"],"picked":"Busted Crown"},{"not_picked":["Astrolabe","White Beast Statue"],"picked":"Velvet Choker"}],"items_purged_floors":[],"is_endless":false,"potions_floor_spawned":[2,8,10,16,19,23,31,35,38,47],"ascension_level":0}