{"path_per_floor":["M","?","?","$","M","R","E","M","T","M","?","R","M","M","R","B",null,"M","?","?","?","$","R","M","M","T","?","$","M","$","M","R"],"character_chosen":"THE_SILENT","items_purchased":["Poisoned Stab","Footwork","Predator"],"gold_per_floor":[112,112,112,20,37,37,69,87,87,57,132,132,151,161,161,257,257,270,270,185,185,110,110,122,140,140,140,40,55,21,33,33],"floor_reached":33,"campfire_rested":0,"playtime":2231,"current_hp_per_floor":[70,56,56,56,56,56,56,54,54,54,43,43,47,47,47,33,70,70,70,70,70,70,70,50,50,50,50,50,50,50,45,45],"items_purged":["Strike_G","Strike_G"],"gold":33,"play_id":"230b2645-214b-4abb-a46e-fdc136cb3137","is_prod":false,"is_daily":false,"is_ascension_mode":false,"campfire_upgraded":5,"path_taken":["M","?","?","$","?","R","E","M","T","M","?","R","M","M","R","BOSS","M","?","?","?","$","R","M","M","T","?","?","?","$","?","R","BOSS"],"build_version":"2018-01-25-PROD1","purchased_purges":2,"victory":false,"master_deck":["Defend_G","Defend_G+1","Defend_G","Defend_G","Defend_G","Strike_G","Strike_G","Survivor","Neutralize+1","Bouncing Flask+1","Flying Knee","Poisoned Stab+1","Footwork+1","Poisoned Stab","Footwork+1","Slice","Escape Plan","Deflect","Tools of the Trade","Catalyst+1","Catalyst","Acrobatics+1","Predator"],"max_hp_per_floor":[70,70,70,70,70,70,70,70,70,70,70,70,70,70,70,70,70,70,70,70,70,70,70,70,70,70,70,70,70,70,70,70],"relics":["Ring of the Snake","NeowsBlessing","Sundial","Orichalcum","The Specimen","Oddly Smooth Stone","Pen Nib","Dream Catcher"],"card_choices":[{"not_picked":["Finisher","Slice"],"picked":"Bouncing Flask"},{"not_picked":["Crippling Poison","Dagger Throw"],"picked":"Poisoned Stab"},{"not_picked":["Flying Knee","Cloak And Dagger"],"picked":"Footwork"},{"not_picked":["Poisoned Stab","Envenom"],"picked":"Slice"},{"not_picked":["Backflip","Flechettes"],"picked":"Escape Plan"},{"not_picked":["Underhanded Strike","Sucker Punch"],"picked":"Deflect"},{"not_picked":["Storm of Steel","Phantasmal Killer"],"picked":"Tools of the Trade"},{"not_picked":["Envenom","PiercingWail"],"picked":"Catalyst"},{"not_picked":["Poisoned Stab","Flying Knee"],"picked":"Acrobatics"}],"player_experience":203262,"potions_floor_usage":[13,14,16,16,16,24,29,33],"damage_taken":[{"damage":0,"enemies":"Jaw Worm","floor":1,"turns":1},{"damage":0,"enemies":"Small Slimes","floor":5,"turns":1},{"damage":0,"enemies":"3 Sentries","floor":7,"turns":1},{"damage":2,"enemies":"Blue Slaver","floor":8,"turns":4},{"damage":0,"enemies":"Looter","floor":10,"turns":4},{"damage":8,"enemies":"Red Slaver","floor":13,"turns":4},{"damage":0,"enemies":"Exordium Thugs","floor":14,"turns":6},{"damage":14,"enemies":"Slime Boss","floor":16,"turns":13},{"damage":0,"enemies":"Spheric Guardian","floor":18,"turns":4},{"damage":20,"enemies":"2 Thieves","floor":24,"turns":4},{"damage":0,"enemies":"Centurion and Healer","floor":25,"turns":8},{"damage":0,"enemies":"Chosen and Byrds","floor":29,"turns":6},{"damage":5,"enemies":"Snecko","floor":31,"turns":4},{"damage":52,"enemies":"Collector","floor":33,"turns":7}],"event_choices":[{"event_name":"Shining Light","player_choice":"Entered Light","floor":2,"damage_taken":0},{"event_name":"Transmorgrifier","player_choice":"Transform","floor":3,"damage_taken":0},{"event_name":"World of Goop","player_choice":"Gather Gold","floor":11,"damage_taken":0},{"event_name":"The Mausoleum","player_choice":"Yes","floor":19,"damage_taken":0},{"event_name":"Addict","player_choice":"Obtained Relic","floor":20,"damage_taken":0},{"event_name":"Drug Dealer","player_choice":"Ignored","floor":21,"damage_taken":0},{"event_name":"Duplicator","player_choice":"One dupe","floor":27,"damage_taken":0}],"boss_relics":[{"not_picked":["Philosopher\u0027s Stone","Tiny House"],"picked":"The Specimen"}],"potions_floor_spawned":[1,7,8,13,14,16,24,31],"seed_played":"-5572042761531101797","killed_by":"Collector","ascension_level":0,"is_trial":false}