{"gold_per_floor":[115,115,130,144,158,158,178,190,216,233,247,92,121,135,135,239,239,251,97,109,137,163,175,218,230,296,320,332,363,474,343,343,443,443,454,473,493,508,508,508,527,527,527,537,537],"floor_reached":45,"playtime":1205,"items_purged":[],"score":445,"play_id":"2c59e4fc-c1dc-4c21-bfb5-2b5277e39a91","local_time":"20180816062202","is_ascension_mode":false,"campfire_choices":[{"data":"Armaments","floor":6.0,"key":"SMITH"},{"data":"Spot Weakness","floor":15.0,"key":"SMITH"},{"data":"Sword Boomerang","floor":23.0,"key":"SMITH"},{"floor":25.0,"key":"REST"},{"data":"Inflame","floor":28.0,"key":"SMITH"},{"floor":32.0,"key":"REST"},{"data":"Sword Boomerang","floor":42,"key":"SMITH"}],"neow_cost":"NONE","seed_source_timestamp":134522628931413,"circlet_count":0,"master_deck":["Strike_R","Strike_R","Strike_R+1","Strike_R+1","Strike_R","Defend_R","Defend_R","Defend_R","Defend_R","Bash+1","Sword Boomerang+1","Armaments+1","Sword Boomerang+1","Spot Weakness+1","Offering","Inflame+1","Offering"],"special_seed":0,"relics":["Burning Blood","Bag of Preparation","Pen Nib","Self Forming Clay","Busted Crown","MawBank","Vajra","Whetstone","Lantern","Eternal Feather","Unceasing Top","Mummified Hand"],"potions_floor_usage":[33,45,45,45],"damage_taken":[{"damage":6.0,"enemies":"Cultist","floor":1.0,"turns":3.0},{"damage":2.0,"enemies":"Small Slimes","floor":3.0,"turns":4.0},{"damage":0.0,"enemies":"2 Louse","floor":4.0,"turns":3.0},{"damage":6.0,"enemies":"Red Slaver","floor":5.0,"turns":4.0},{"damage":9.0,"enemies":"Exordium Wildlife","floor":7.0,"turns":3.0},{"damage":3.0,"enemies":"Looter","floor":8.0,"turns":1.0},{"damage":8.0,"enemies":"3 Louse","floor":10.0,"turns":4.0},{"damage":3.0,"enemies":"Red Slaver","floor":11.0,"turns":3.0},{"damage":21.0,"enemies":"Lagavulin","floor":13.0,"turns":5.0},{"damage":10.0,"enemies":"Large Slime","floor":14.0,"turns":6.0},{"damage":25.0,"enemies":"The Guardian","floor":16.0,"turns":7.0},{"damage":13.0,"enemies":"Shell Parasite","floor":18.0,"turns":2.0},{"damage":13.0,"enemies":"2 Thieves","floor":21.0,"turns":3.0},{"damage":12.0,"enemies":"Snake Plant","floor":22.0,"turns":3.0},{"damage":33.0,"enemies":"Slavers","floor":24.0,"turns":4.0},{"damage":11.0,"enemies":"3 Cultists","floor":27.0,"turns":4.0},{"damage":16.0,"enemies":"Cultist and Chosen","floor":29.0,"turns":4.0},{"damage":63,"enemies":"Champ","floor":33,"turns":5},{"damage":6,"enemies":"Flame Bruiser 1 Orb","floor":35,"turns":2},{"damage":6,"enemies":"Orb Walker","floor":36,"turns":2},{"damage":6,"enemies":"Transient","floor":37,"turns":5},{"damage":21,"enemies":"3 Darklings","floor":38,"turns":4},{"damage":23,"floor":40,"turns":3},{"damage":31,"enemies":"4 Shapes","floor":41,"turns":5},{"damage":26,"enemies":"Sphere and 2 Shapes","floor":44,"turns":5},{"damage":25,"enemies":"3 Darklings","floor":45,"turns":2}],"seed_played":"-4515998417582592910","potions_obtained":[{"floor":1.0,"key":"Energy Potion"},{"floor":3.0,"key":"AttackPotion"},{"floor":7.0,"key":"AttackPotion"},{"floor":8.0,"key":"SpeedPotion"},{"floor":10.0,"key":"GamblersBrew"},{"floor":14.0,"key":"Fire Potion"},{"floor":21.0,"key":"Strength Potion"},{"floor":24.0,"key":"Fire Potion"},{"floor":29.0,"key":"Swift Potion"},{"floor":33,"key":"FearPotion"},{"floor":40,"key":"Regen Potion"}],"is_trial":false,"path_per_floor":["M","$","M","M","M","R","M","M","T","M","M","$","E","M","R","B",null,"M","$","?","M","M","R","E","R","T","M","R","M","?","$","R","B",null,"M","M","M","M","$","?","M","R","T","M"],"character_chosen":"IRONCLAD","items_purchased":["Pen Nib","MawBank","Lantern"],"campfire_rested":2,"item_purchase_floors":[12,19,31],"current_hp_per_floor":[80,80,80,80,80,80,77,80,80,78,80,80,65,61,61,42,80,73,73,73,66,60,60,33,57,57,52,52,42,42,42,66,9,80,80,80,80,65,65,48,23,32,32,12,0],"gold":537,"neow_bonus":"UPGRADE_CARD","is_prod":false,"is_daily":false,"chose_seed":false,"campfire_upgraded":5,"win_rate":0,"timestamp":1534389722,"path_taken":["M","$","M","M","M","R","M","M","T","?","M","$","E","M","R","BOSS","M","$","?","M","M","R","E","R","T","M","R","M","?","$","R","BOSS","M","M","M","M","$","?","M","R","T","M","?"],"build_version":"2018-08-09","purchased_purges":0,"victory":false,"max_hp_per_floor":[80,80,80,80,80,80,80,80,80,80,80,80,80,80,80,80,80,80,80,80,80,80,80,80,80,80,80,80,80,80,80,80,80,80,80,80,80,80,80,80,80,80,80,80,80],"card_choices":[{"not_picked":["Body Slam","Havoc"],"picked":"Sword Boomerang","floor":1.0},{"not_picked":["Sword Boomerang","Cleave"],"picked":"Armaments","floor":3.0},{"not_picked":["Thunderclap","Iron Wave"],"picked":"Sword Boomerang","floor":4.0},{"not_picked":["Carnage","Clothesline","Warcry"],"picked":"SKIP","floor":5.0},{"not_picked":["Iron Wave","Body Slam","Searing Blow"],"picked":"SKIP","floor":7.0},{"not_picked":["Inflame","Anger"],"picked":"Spot Weakness","floor":8.0},{"not_picked":["Iron Wave","Perfected Strike","Wild Strike"],"picked":"SKIP","floor":10.0},{"not_picked":["Shrug It Off","Ghostly Armor","Armaments"],"picked":"SKIP","floor":11.0},{"not_picked":["Flex","Clash","Bludgeon"],"picked":"SKIP","floor":13.0},{"not_picked":["Metallicize","Shrug It Off","Wild Strike"],"picked":"SKIP","floor":14.0},{"not_picked":["Impervious","Fiend Fire"],"picked":"Offering","floor":16.0},{"not_picked":["Blood for Blood"],"picked":"SKIP","floor":18.0},{"not_picked":["Clash+1"],"picked":"SKIP","floor":21.0},{"not_picked":["Burning Pact"],"picked":"SKIP","floor":22.0},{"not_picked":[],"picked":"Inflame","floor":24.0},{"not_picked":["Clothesline+1"],"picked":"SKIP","floor":27.0},{"not_picked":["Body Slam"],"picked":"SKIP","floor":29.0},{"not_picked":[],"picked":"Offering","floor":33},{"not_picked":["Flex+1"],"picked":"SKIP","floor":35},{"not_picked":["Clash"],"picked":"SKIP","floor":36},{"not_picked":["Warcry"],"picked":"SKIP","floor":37},{"not_picked":["Rampage+1"],"picked":"SKIP","floor":38},{"not_picked":["Ghostly Armor+1"],"picked":"SKIP","floor":41},{"not_picked":["Headbutt+1"],"picked":"SKIP","floor":44}],"player_experience":333366,"relics_obtained":[{"floor":9.0,"key":"Bag of Preparation"},{"floor":13.0,"key":"Self Forming Clay"},{"floor":24.0,"key":"Vajra"},{"floor":26.0,"key":"Whetstone"},{"floor":40,"key":"Unceasing Top"},{"floor":43,"key":"Mummified Hand"}],"event_choices":[{"event_name":"Cursed Tome","player_choice":"Ignored","floor":20.0,"damage_taken":0.0},{"event_name":"Nest","player_choice":"Stole From Cult","floor":30.0,"damage_taken":0.0},{"event_name":"MindBloom","player_choice":"Fight","floor":40,"damage_taken":0}],"is_beta":false,"boss_relics":[{"not_picked":["Sozu","Fusion Hammer"],"picked":"Busted Crown"},{"not_picked":["Philosopher\u0027s Stone","Pandora\u0027s Box"],"picked":"Eternal Feather"}],"items_purged_floors":[],"is_endless":false,"potions_floor_spawned":[1,3,7,8,10,14,21,22,24,29,33,35,36,40],"killed_by":"3 Darklings","ascension_level":0}