{"gold_per_floor":[111,122,47,14,14,14,41,41,41,74,74,91,125,136,136,215,215,225,51,51,2,21,21,53,64,64,64,74,35,35,53,53,132,132,150,150,162,175,175,175,175,175,175,100,118,38,138,168,168,168],"floor_reached":51,"playtime":2300,"items_purged":["Strike_G"],"score":1251,"play_id":"42eab336-edac-4b7e-ae5f-d61f689c5177","local_time":"20190728174126","is_ascension_mode":true,"campfire_choices":[{"data":"Predator","floor":6,"key":"SMITH"},{"floor":8,"key":"REST"},{"floor":11,"key":"REST"},{"data":"Bouncing Flask","floor":15,"key":"SMITH"},{"data":"Bouncing Flask","floor":23,"key":"SMITH"},{"floor":27,"key":"REST"},{"data":"Noxious Fumes","floor":30,"key":"SMITH"},{"data":"Leg Sweep","floor":32,"key":"SMITH"},{"data":"Corpse Explosion","floor":42,"key":"SMITH"},{"floor":49,"key":"REST"}],"neow_cost":"NONE","seed_source_timestamp":81485766721859,"circlet_count":0,"master_deck":["AscendersBane","Strike_G","Strike_G","Strike_G","Strike_G","Defend_G","Defend_G","Defend_G","Defend_G","Defend_G","Survivor","Neutralize","Leg Sweep","Predator+1","Bouncing Flask+1","Leg Sweep+1","Cloak And Dagger","Dash","Corpse Explosion+1","Deadly Poison","Noxious Fumes+1","Bouncing Flask+1","Backflip","Dash","PiercingWail","Dash","Leg Sweep","HandOfGreed","Backflip+1","Wraith Form v2"],"relics":["Ring of the Snake","Art of War","Snake Skull","Mercury Hourglass","Pen Nib","Turnip","Snecko Eye","Singing Bowl","Blue Candle","Sozu","Juzu Bracelet","Girya"],"potions_floor_usage":[13,16,18,40,40],"damage_taken":[{"damage":4,"enemies":"2 Louse","floor":1,"turns":5},{"damage":0,"enemies":"Small Slimes","floor":2,"turns":5},{"damage":27,"enemies":"Lagavulin","floor":7,"turns":9},{"damage":9,"enemies":"Gremlin Nob","floor":10,"turns":4},{"damage":1,"enemies":"Cultist","floor":12,"turns":3},{"damage":7,"enemies":"3 Sentries","floor":13,"turns":6},{"damage":2,"enemies":"Large Slime","floor":14,"turns":4},{"damage":15,"enemies":"Hexaghost","floor":16,"turns":8},{"damage":0,"enemies":"3 Byrds","floor":18,"turns":1},{"damage":0,"enemies":"Spheric Guardian","floor":22,"turns":3},{"damage":30,"enemies":"Gremlin Leader","floor":24,"turns":7},{"damage":0,"enemies":"Cultist and Chosen","floor":25,"turns":2},{"damage":6,"enemies":"Snecko","floor":28,"turns":4},{"damage":0,"enemies":"3 Cultists","floor":31,"turns":2},{"damage":0,"enemies":"Collector","floor":33,"turns":6},{"damage":0,"enemies":"3 Shapes","floor":35,"turns":3},{"damage":0,"enemies":"Orb Walker","floor":37,"turns":3},{"damage":7,"enemies":"3 Darklings","floor":38,"turns":3},{"damage":14,"enemies":"Giant Head","floor":40,"turns":7},{"damage":12,"enemies":"Transient","floor":45,"turns":5},{"damage":0,"enemies":"Mind Bloom Boss Battle","floor":47,"turns":5},{"damage":7,"enemies":"Writhing Mass","floor":48,"turns":6},{"damage":39,"enemies":"Time Eater","floor":50,"turns":13}],"seed_played":"-2675279084219593628","potions_obtained":[{"floor":1,"key":"SmokeBomb"},{"floor":7,"key":"AttackPotion"},{"floor":14,"key":"AttackPotion"},{"floor":16,"key":"Fire Potion"},{"floor":28,"key":"GhostInAJar"}],"is_trial":false,"path_per_floor":["M","M","$","?","?","R","E","R","T","E","R","M","E","M","R","B",null,"M","$","?","$","M","R","E","M","T","R","M","$","R","M","R","B",null,"M","?","M","M","?","E","?","R","T","$","M","$","?","M","R","B",null],"character_chosen":"THE_SILENT","items_purchased":["Predator","Noxious Fumes","Bouncing Flask","Backflip","Strength Potion","Dash","Wraith Form v2"],"campfire_rested":4,"item_purchase_floors":[3,19,19,19,21,29,46],"current_hp_per_floor":[59,59,59,59,52,52,25,46,46,37,58,57,50,48,48,33,61,61,61,61,61,61,61,33,33,33,54,50,50,50,52,52,54,72,72,72,72,67,67,53,53,53,53,53,43,43,45,40,65,26],"gold":168,"neow_bonus":"RANDOM_COMMON_RELIC","is_prod":false,"is_daily":false,"chose_seed":false,"campfire_upgraded":6,"win_rate":0,"timestamp":1564353686,"path_taken":["M","M","$","?","?","R","E","R","T","E","R","M","E","M","R","BOSS","M","?","?","$","M","R","E","M","T","R","M","$","R","M","R","BOSS","M","?","M","M","?","E","?","R","T","$","M","?","?","M","R","BOSS"],"build_version":"2019-07-17","purchased_purges":1,"victory":true,"max_hp_per_floor":[70,70,70,70,70,70,70,70,70,70,70,70,70,70,70,70,70,70,70,70,70,70,70,72,72,72,72,74,74,74,76,76,78,78,78,78,78,80,80,80,80,80,80,80,82,82,84,86,86,86],"card_choices":[{"not_picked":["Blade Dance","Prepared"],"picked":"Leg Sweep","floor":1},{"not_picked":["Prepared","Outmaneuver","Slice"],"picked":"SKIP","floor":2},{"not_picked":["Night Terror","Sucker Punch"],"picked":"Bouncing Flask","floor":7},{"not_picked":["Cloak And Dagger","Flying Knee"],"picked":"Leg Sweep","floor":10},{"not_picked":["Deflect","Eviscerate"],"picked":"Cloak And Dagger","floor":12},{"not_picked":["Eviscerate","Slice"],"picked":"Dash","floor":13},{"not_picked":["Prepared","Acrobatics","Dagger Spray"],"picked":"SKIP","floor":14},{"not_picked":["Unload","Malaise"],"picked":"Corpse Explosion","floor":16},{"not_picked":["Tactician","Dodge and Roll"],"picked":"Deadly Poison","floor":18},{"not_picked":["Blur","Outmaneuver","Dagger Throw"],"picked":"SKIP","floor":22},{"not_picked":["Sucker Punch+1","Bane","Outmaneuver"],"picked":"Singing Bowl","floor":24},{"not_picked":["Prepared","Bane"],"picked":"PiercingWail","floor":25},{"not_picked":["Escape Plan","Deflect","Acrobatics"],"picked":"Singing Bowl","floor":28},{"not_picked":["Deflect","Backflip","Dagger Throw+1"],"picked":"Singing Bowl","floor":31},{"not_picked":["Malaise","Grand Finale","Glass Knife"],"picked":"Singing Bowl","floor":33},{"not_picked":["Masterful Stab","Prepared"],"picked":"Leg Sweep","floor":35},{"not_picked":["Bandage Up","Mayhem"],"picked":"HandOfGreed","floor":36},{"not_picked":["Slice","Prepared"],"picked":"Backflip+1","floor":37},{"not_picked":["Endless Agony","PiercingWail","Terror+1"],"picked":"Singing Bowl","floor":38},{"not_picked":["Expertise","Dodge and Roll+1","Backflip"],"picked":"Singing Bowl","floor":45},{"not_picked":["Expertise","Bane","Flechettes"],"picked":"Singing Bowl","floor":47},{"not_picked":["Riddle With Holes","Prepared","PiercingWail"],"picked":"Singing Bowl","floor":48}],"player_experience":248867,"relics_obtained":[{"floor":7,"key":"Snake Skull"},{"floor":9,"key":"Mercury Hourglass"},{"floor":10,"key":"Pen Nib"},{"floor":13,"key":"Turnip"},{"floor":24,"key":"Singing Bowl"},{"floor":26,"key":"Blue Candle"},{"floor":43,"key":"Juzu Bracelet"},{"floor":47,"key":"Girya"}],"event_choices":[{"damage_healed":0,"gold_gain":0,"player_choice":"Left Gold","damage_taken":0,"max_hp_gain":0,"max_hp_loss":0,"event_name":"World of Goop","floor":4,"gold_loss":33},{"damage_healed":0,"gold_gain":0,"player_choice":"Damaged","damage_taken":7,"max_hp_gain":0,"max_hp_loss":0,"event_name":"Wheel of Change","floor":5,"gold_loss":0},{"damage_healed":0,"gold_gain":0,"player_choice":"Read","damage_taken":0,"max_hp_gain":0,"max_hp_loss":0,"event_name":"The Library","floor":20,"gold_loss":0,"cards_obtained":["Dash"]},{"damage_healed":0,"gold_gain":0,"player_choice":"Memory 1","damage_taken":0,"max_hp_gain":0,"max_hp_loss":0,"event_name":"SensoryStone","floor":36,"gold_loss":0},{"damage_healed":0,"gold_gain":0,"player_choice":"Ignored","damage_taken":0,"max_hp_gain":0,"max_hp_loss":0,"event_name":"Tomb of Lord Red Mask","floor":39,"gold_loss":0},{"damage_healed":0,"gold_gain":0,"player_choice":"Ignored","damage_taken":0,"max_hp_gain":0,"max_hp_loss":0,"event_name":"Mysterious Sphere","floor":41,"gold_loss":0},{"damage_healed":0,"gold_gain":0,"player_choice":"Fight","damage_taken":0,"max_hp_gain":0,"max_hp_loss":0,"event_name":"MindBloom","floor":47,"gold_loss":0}],"is_beta":false,"boss_relics":[{"not_picked":["Cursed Key","Ring of the Serpent"],"picked":"Snecko Eye"},{"not_picked":["Busted Crown","Runic Dome"],"picked":"Sozu"}],"items_purged_floors":[44],"is_endless":false,"potions_floor_spawned":[1,7,12,14,16,22,24,28,31,35,38,45,47],"ascension_level":13}