{"gold_per_floor":[113,188,208,208,138,138,171,36,36,49,49,65,99,30,30,128,128,145,14,14,27,45,80,99,131,157,173,93,93,93,110,110,215,215,232,249,259,271,291,291,309,309,309,309,163,180,198,33,33,33],"floor_reached":51,"playtime":1665,"items_purged":["Strike_B"],"score":726,"play_id":"86c978c3-7039-4fef-b1fa-7114a1589132","local_time":"20181007232142","is_ascension_mode":false,"campfire_choices":[{"data":"Zap","floor":6.0,"key":"SMITH"},{"data":"Seek","floor":11.0,"key":"SMITH"},{"data":"Storm","floor":15.0,"key":"SMITH"},{"floor":30.0,"key":"REST"},{"data":"Machine Learning","floor":32.0,"key":"SMITH"},{"data":"Defragment","floor":40,"key":"SMITH"},{"data":"Defragment","floor":49,"key":"SMITH"}],"neow_cost":"NONE","seed_source_timestamp":45275813011448,"circlet_count":0,"master_deck":["Strike_B","Strike_B","Strike_B","Defend_B","Defend_B","Defend_B","Defend_B","Zap+1","Dualcast","Leap","Self Repair","Ball Lightning","Seek+1","Defragment+1","Storm+1","Machine Learning+1","Static Discharge","Defragment+1","Conserve Battery","Reinforced Body","Hologram+1","Thunder Strike+1","Self Repair","Seek+1","Steam+1","Leap+1","BootSequence+1","Blind+1","Double Energy+1","Loop","Leap+1"],"special_seed":0,"relics":["Cracked Core","NeowsBlessing","MawBank","DataDisk","Bronze Scales","Orichalcum","Eternal Feather","Molten Egg 2","Toxic Egg 2","Centennial Puzzle","Pantograph","Coffee Dripper","Incense Burner","Anchor"],"potions_floor_usage":[50,50,50],"damage_taken":[{"damage":0.0,"enemies":"Jaw Worm","floor":1.0,"turns":1.0},{"damage":0.0,"enemies":"Small Slimes","floor":3.0,"turns":1.0},{"damage":0.0,"enemies":"3 Sentries","floor":7.0,"turns":1.0},{"damage":1.0,"enemies":"Cultist","floor":10.0,"turns":3.0},{"damage":11.0,"enemies":"Large Slime","floor":12.0,"turns":4.0},{"damage":20.0,"enemies":"Gremlin Nob","floor":13.0,"turns":3.0},{"damage":9.0,"enemies":"Slime Boss","floor":16.0,"turns":7.0},{"damage":13.0,"enemies":"Shell Parasite","floor":18.0,"turns":4.0},{"damage":3.0,"enemies":"Spheric Guardian","floor":21.0,"turns":3.0},{"damage":15.0,"enemies":"3 Cultists","floor":22.0,"turns":4.0},{"damage":31.0,"enemies":"Gremlin Leader","floor":23.0,"turns":6.0},{"damage":12.0,"enemies":"Snecko","floor":24.0,"turns":3.0},{"damage":23.0,"enemies":"Book of Stabbing","floor":25.0,"turns":4.0},{"damage":0.0,"enemies":"Snake Plant","floor":27.0,"turns":2.0},{"damage":8.0,"enemies":"Sentry and Sphere","floor":31.0,"turns":3.0},{"damage":60.0,"enemies":"Champ","floor":33.0,"turns":8.0},{"damage":0.0,"enemies":"3 Shapes","floor":35.0,"turns":4.0},{"damage":20.0,"enemies":"3 Darklings","floor":36.0,"turns":4.0},{"damage":3.0,"enemies":"Spire Growth","floor":37.0,"turns":3.0},{"damage":0.0,"enemies":"Reptomancer","floor":38.0,"turns":4.0},{"damage":16,"enemies":"3 Darklings","floor":39,"turns":4},{"damage":8,"enemies":"Maw","floor":41,"turns":7},{"damage":9,"enemies":"Transient","floor":46,"turns":5},{"damage":9,"enemies":"Sphere and 2 Shapes","floor":47,"turns":4},{"damage":21,"enemies":"Time Eater","floor":50,"turns":8}],"seed_played":"1492461610457460934","potions_obtained":[{"floor":1.0,"key":"Swift Potion"},{"floor":7.0,"key":"Strength Potion"},{"floor":16.0,"key":"Weak Potion"},{"floor":23.0,"key":"Dexterity Potion"},{"floor":24.0,"key":"SneckoOil"},{"floor":33.0,"key":"LiquidBronze"},{"floor":35.0,"key":"Energy Potion"},{"floor":37.0,"key":"Weak Potion"},{"floor":41,"key":"Weak Potion"}],"is_trial":false,"path_per_floor":["M","?","M","?","$","R","E","$","T","M","R","M","E","$","R","B",null,"M","$","?","M","M","E","M","E","T","M","$","?","R","M","R","B",null,"M","M","M","M","M","R","M","?","T","?","$","M","M","$","R","B"],"character_chosen":"DEFECT","items_purchased":["Self Repair","DataDisk","Storm","Defragment","Conserve Battery","Self Repair","Anchor","Loop","Leap+1"],"campfire_rested":1,"item_purchase_floors":[5,8,14,19,19,28,45,48,48],"current_hp_per_floor":[75,64,64,64,64,64,71,71,71,75,75,71,58,58,58,56,75,69,69,69,73,65,41,29,13,13,13,13,13,47,53,65,29,75,75,69,75,75,73,75,75,75,75,75,75,75,73,73,75,68],"gold":33,"neow_bonus":"THREE_ENEMY_KILL","is_prod":false,"is_daily":false,"chose_seed":false,"campfire_upgraded":6,"win_rate":0,"timestamp":1538943702,"path_taken":["M","?","M","?","$","R","E","$","T","?","R","M","E","?","R","BOSS","M","$","?","M","M","E","M","E","T","M","$","?","R","M","R","BOSS","M","M","M","M","?","R","M","?","T","?","$","M","M","$","R","BOSS"],"build_version":"2018-10-04v2","purchased_purges":1,"victory":true,"max_hp_per_floor":[75,75,75,75,75,75,75,75,75,75,75,75,75,75,75,75,75,75,75,75,75,75,75,75,75,75,75,75,75,75,75,75,75,75,75,75,75,75,75,75,75,75,75,75,75,75,75,75,75,75],"card_choices":[{"not_picked":["Sunder","Chaos","Barrage"],"picked":"SKIP","floor":1.0},{"not_picked":["Cold Snap","Go for the Eyes"],"picked":"Leap","floor":3.0},{"not_picked":["Rebound","Beam Cell"],"picked":"Ball Lightning","floor":7.0},{"not_picked":["Darkness","Compile Driver"],"picked":"Seek","floor":10.0},{"not_picked":["Melter","Streamline","Stack"],"picked":"SKIP","floor":12.0},{"not_picked":["FTL","Darkness"],"picked":"Defragment","floor":13.0},{"not_picked":["Biased Cognition","Fission"],"picked":"Machine Learning","floor":16.0},{"not_picked":["Beam Cell","Hello World+1"],"picked":"Static Discharge","floor":18.0},{"not_picked":["Ball Lightning+1","Skim","Compile Driver"],"picked":"SKIP","floor":21.0},{"not_picked":["Redo","Streamline","Sweeping Beam"],"picked":"SKIP","floor":22.0},{"not_picked":["Barrage","Rainbow"],"picked":"Reinforced Body","floor":23.0},{"not_picked":["Streamline+1","Cold Snap+1"],"picked":"Hologram+1","floor":24.0},{"not_picked":["Streamline+1","Leap"],"picked":"Thunder Strike+1","floor":25.0},{"not_picked":["Redo+1","Cold Snap+1","Barrage+1"],"picked":"SKIP","floor":27.0},{"not_picked":["Sweeping Beam+1","Core Surge+1","Redo+1"],"picked":"SKIP","floor":31.0},{"not_picked":["Biased Cognition","Thunder Strike+1"],"picked":"Seek+1","floor":33.0},{"not_picked":["Turbo+1","Reprogram+1"],"picked":"Steam+1","floor":35.0},{"not_picked":["Sweeping Beam+1","Skim+1"],"picked":"Leap+1","floor":36.0},{"not_picked":["Beam Cell+1","Sunder+1"],"picked":"BootSequence+1","floor":37.0},{"not_picked":["Coolheaded+1","FTL+1","Tempest+1"],"picked":"SKIP","floor":38.0},{"not_picked":["Go for the Eyes+1","Multi-Cast+1","Cold Snap+1"],"picked":"SKIP","floor":39},{"not_picked":["FTL+1","Cold Snap+1","Self Repair+1"],"picked":"SKIP","floor":41},{"not_picked":["Secret Weapon+1","Enlightenment+1"],"picked":"Blind+1","floor":44},{"not_picked":["Go for the Eyes+1","Compile Driver+1","Sunder+1"],"picked":"SKIP","floor":46},{"not_picked":["Blizzard+1","Barrage+1"],"picked":"Double Energy+1","floor":47}],"player_experience":379711,"relics_obtained":[{"floor":7.0,"key":"MawBank"},{"floor":9.0,"key":"Bronze Scales"},{"floor":13.0,"key":"Orichalcum"},{"floor":23.0,"key":"Molten Egg 2"},{"floor":25.0,"key":"Toxic Egg 2"},{"floor":26.0,"key":"Centennial Puzzle"},{"floor":29.0,"key":"Pantograph"},{"floor":43,"key":"Incense Burner"}],"event_choices":[{"event_name":"World of Goop","player_choice":"Gather Gold","floor":2.0,"damage_taken":0.0},{"event_name":"The Woman in Blue","player_choice":"Bought 0 Potions","floor":4.0,"damage_taken":0.0},{"event_name":"Ghosts","player_choice":"Ignored","floor":20.0,"damage_taken":0.0},{"event_name":"Wheel of Change","player_choice":"Relic","floor":29.0,"damage_taken":0.0},{"event_name":"Tomb of Lord Red Mask","player_choice":"Ignored","floor":42,"damage_taken":0},{"event_name":"SensoryStone","player_choice":"Memory 1","floor":44,"damage_taken":0}],"is_beta":false,"boss_relics":[{"not_picked":["Lizard Tail","Pandora\u0027s Box"],"picked":"Eternal Feather"},{"not_picked":["Sozu","Snecko Eye"],"picked":"Coffee Dripper"}],"items_purged_floors":[48],"is_endless":false,"potions_floor_spawned":[1,7,16,23,24,33,35,37,41,46],"ascension_level":0}