{"gold_per_floor":[114,132,144,144,1,1,21,33,33,33,45,57,57,84,84,183,183,201,219,233,133,133,133,152,77,77,106,82,82],"floor_reached":29,"playtime":863,"items_purged":["Strike_R","Strike_R"],"score":247,"play_id":"2af67314-75c7-4e0b-85c7-bbfe53f701b9","local_time":"20190703164945","is_ascension_mode":false,"campfire_choices":[{"data":"Body Slam","floor":6.0,"key":"SMITH"},{"data":"Entrench","floor":10,"key":"SMITH"},{"data":"Armaments","floor":13,"key":"SMITH"},{"data":"Demon Form","floor":15,"key":"SMITH"},{"data":"Juggernaut","floor":23,"key":"SMITH"}],"neow_cost":"NONE","seed_source_timestamp":89047299489400,"circlet_count":0,"master_deck":["Strike_R","Strike_R","Defend_R","Defend_R","Defend_R","Defend_R","Bash","Shrug It Off","Body Slam+1","Entrench+1","Shrug It Off","Armaments+1","Demon Form+1","Juggernaut+1","Iron Wave+1","Iron Wave","Iron Wave"],"special_seed":0,"relics":["Burning Blood","Pantograph","Omamori","Mark of Pain","Blue Candle","Letter Opener"],"potions_floor_usage":[24,27,27],"damage_taken":[{"damage":1.0,"enemies":"Cultist","floor":1.0,"turns":4.0},{"damage":3.0,"enemies":"Small Slimes","floor":2.0,"turns":3.0},{"damage":2.0,"enemies":"2 Louse","floor":3.0,"turns":3.0},{"damage":7.0,"enemies":"Lots of Slimes","floor":7.0,"turns":7.0},{"damage":11,"enemies":"Exordium Wildlife","floor":8,"turns":5},{"damage":5,"enemies":"Large Slime","floor":11,"turns":7},{"damage":6,"enemies":"3 Louse","floor":12,"turns":4},{"damage":19,"enemies":"3 Sentries","floor":14,"turns":12},{"damage":23,"enemies":"Hexaghost","floor":16,"turns":9},{"damage":9,"enemies":"Spheric Guardian","floor":18,"turns":5},{"damage":21,"enemies":"Shell Parasite","floor":19,"turns":5},{"damage":13,"enemies":"Snecko","floor":20,"turns":6},{"damage":37,"enemies":"3 Cultists","floor":24,"turns":7},{"damage":31,"enemies":"Slavers","floor":27,"turns":5},{"damage":11,"enemies":"Snake Plant","floor":29,"turns":2}],"seed_played":"-3522131866190446622","potions_obtained":[{"floor":1.0,"key":"LiquidBronze"},{"floor":2.0,"key":"EssenceOfSteel"},{"floor":11,"key":"SpeedPotion"},{"floor":20,"key":"Dexterity Potion"},{"floor":24,"key":"Fire Potion"},{"floor":27,"key":"BloodPotion"}],"is_trial":false,"path_per_floor":["M","M","M","?","$","R","M","M","T","R","M","M","R","E","R","B",null,"M","M","M","$","?","R","M","?","T","E","$","M"],"character_chosen":"IRONCLAD","items_purchased":["Entrench","Iron Wave"],"campfire_rested":0,"item_purchase_floors":[5,28],"current_hp_per_floor":[88,88,88,88,88,88,87,82,82,82,83,83,83,70,70,71,88,85,70,63,63,63,63,32,32,32,7,7,0],"gold":82,"neow_bonus":"TEN_PERCENT_HP_BONUS","is_prod":false,"is_daily":false,"chose_seed":false,"campfire_upgraded":5,"win_rate":0,"timestamp":1562161785,"path_taken":["M","M","?","?","$","R","M","M","T","R","M","M","R","E","R","BOSS","M","M","?","$","?","R","M","?","T","E","$","M"],"build_version":"2019-07-01","purchased_purges":2,"victory":false,"max_hp_per_floor":[88,88,88,88,88,88,88,88,88,88,88,88,88,88,88,88,88,88,88,88,88,88,88,88,88,88,88,88,88],"card_choices":[{"not_picked":["Seeing Red","Blood for Blood","True Grit"],"picked":"SKIP","floor":1.0},{"not_picked":["Pommel Strike","Cleave"],"picked":"Shrug It Off","floor":2.0},{"not_picked":["Blood for Blood","Seeing Red"],"picked":"Body Slam","floor":3.0},{"not_picked":["Heavy Blade","Wild Strike","Dropkick"],"picked":"SKIP","floor":7.0},{"not_picked":["Reckless Charge","Infernal Blade","Heavy Blade"],"picked":"SKIP","floor":8},{"not_picked":["Rampage","Feel No Pain"],"picked":"Shrug It Off","floor":11},{"not_picked":["Flex","Sword Boomerang"],"picked":"Armaments","floor":12},{"not_picked":["Pummel","Warcry"],"picked":"Demon Form","floor":14},{"not_picked":["Limit Break","Impervious"],"picked":"Juggernaut","floor":16},{"not_picked":["True Grit","Twin Strike","Clash"],"picked":"SKIP","floor":18},{"not_picked":["Clash+1","Warcry"],"picked":"Iron Wave+1","floor":19},{"not_picked":["Armaments","Dropkick+1","Warcry+1"],"picked":"SKIP","floor":20},{"not_picked":["Sever Soul+1","True Grit"],"picked":"Iron Wave","floor":24},{"not_picked":["Wild Strike+1","Pommel Strike","Twin Strike"],"picked":"SKIP","floor":27}],"player_experience":671427,"relics_obtained":[{"floor":9,"key":"Pantograph"},{"floor":14,"key":"Omamori"},{"floor":26,"key":"Blue Candle"},{"floor":27,"key":"Letter Opener"}],"event_choices":[{"damage_healed":0.0,"max_hp_gain":0.0,"max_hp_loss":0.0,"gold_gain":0.0,"event_name":"Transmorgrifier","player_choice":"Ignored","floor":4.0,"gold_loss":0.0,"damage_taken":0.0},{"damage_healed":0,"gold_gain":0,"player_choice":"Ignored","damage_taken":0,"max_hp_gain":0,"max_hp_loss":0,"event_name":"Ghosts","floor":22,"gold_loss":0},{"cards_removed":["Strike_R"],"damage_healed":0,"gold_gain":0,"player_choice":"Gave Gold","damage_taken":0,"max_hp_gain":0,"max_hp_loss":0,"event_name":"Beggar","floor":25,"gold_loss":75}],"is_beta":false,"boss_relics":[{"not_picked":["Astrolabe","Pandora\u0027s Box"],"picked":"Mark of Pain"}],"items_purged_floors":[5,21],"is_endless":false,"potions_floor_spawned":[1,2,11,14,20,24,27],"killed_by":"Snake Plant","ascension_level":0}