{"gold_per_floor":[362,375,375,550,330,393,85,100,123,123,136,136,136,148,148,251,251,268,14,63,63,63,76,76,103,103,103,103,103],"floor_reached":29,"playtime":505,"items_purged":["Doubt","Shame"],"score":264,"play_id":"8e939895-39f4-443b-a8cf-b0bd3f7c31bf","local_time":"20190722063029","is_ascension_mode":false,"campfire_choices":[{"data":"Sword Boomerang","floor":10,"key":"SMITH"},{"data":"Defend_R","floor":12,"key":"SMITH"},{"data":"Sword Boomerang","floor":15,"key":"SMITH"},{"data":"Battle Trance","floor":24,"key":"SMITH"}],"neow_cost":"CURSE","seed_source_timestamp":208554058491200,"circlet_count":0,"master_deck":["Strike_R+1","Strike_R+1","Strike_R+1","Strike_R+1","Strike_R+1","Defend_R+1","Defend_R+1","Defend_R+1","Defend_R+1","Bash+1","Sword Boomerang+1","Whirlwind","Battle Trance+1","Sword Boomerang+1","Inflame","Inflame","Shrug It Off"],"relics":["Burning Blood","Pen Nib","Tiny Chest","Singing Bowl","War Paint","Juzu Bracelet","Orrery","Bag of Marbles","Blood Vial","Boot","Bottled Lightning"],"potions_floor_usage":[6,25,29],"damage_taken":[{"damage":0,"enemies":"2 Louse","floor":1,"turns":3},{"damage":0,"enemies":"Small Slimes","floor":2,"turns":3},{"damage":20,"enemies":"Gremlin Nob","floor":6,"turns":4},{"damage":6,"enemies":"Cultist","floor":8,"turns":3},{"damage":5,"enemies":"3 Louse","floor":11,"turns":3},{"damage":3,"enemies":"Exordium Wildlife","floor":14,"turns":3},{"damage":31,"enemies":"Slime Boss","floor":16,"turns":9},{"damage":18,"enemies":"Spheric Guardian","floor":18,"turns":4},{"damage":10,"enemies":"2 Thieves","floor":23,"turns":2},{"damage":62,"enemies":"Book of Stabbing","floor":25,"turns":7},{"damage":21,"enemies":"Chosen and Byrds","floor":29,"turns":4}],"seed_played":"-7698812681832182316","potions_obtained":[{"floor":1,"key":"Regen Potion"},{"floor":2,"key":"AttackPotion"},{"floor":8,"key":"SneckoOil"},{"floor":14,"key":"SkillPotion"}],"is_trial":false,"path_per_floor":["M","M","?","?","$","E","$","M","T","R","M","R","T","M","R","B",null,"M","$","T","$","?","M","R","E","T","$","?","M"],"character_chosen":"IRONCLAD","items_purchased":["Pen Nib","Singing Bowl","Whirlwind","Bag of Marbles"],"campfire_rested":0,"item_purchase_floors":[5,7,7,19],"current_hp_per_floor":[80,80,80,80,80,66,66,68,68,68,69,69,69,72,72,49,88,78,78,78,78,78,78,78,26,26,26,7,0],"gold":103,"neow_bonus":"TWO_FIFTY_GOLD","is_prod":false,"is_daily":false,"chose_seed":false,"campfire_upgraded":4,"win_rate":0,"timestamp":1563766229,"path_taken":["M","M","?","?","$","E","$","M","T","R","M","R","?","M","R","BOSS","M","$","?","$","?","M","R","E","T","?","?","M"],"build_version":"2019-07-17","purchased_purges":2,"victory":false,"max_hp_per_floor":[80,80,80,80,80,80,80,82,82,82,82,82,82,82,82,84,88,90,90,90,90,90,92,92,94,94,94,99,99],"card_choices":[{"not_picked":["Pommel Strike","Warcry","Rupture"],"picked":"SKIP","floor":1},{"not_picked":["Havoc","Warcry","Seeing Red"],"picked":"SKIP","floor":2},{"not_picked":["Twin Strike","Armaments"],"picked":"Sword Boomerang","floor":6},{"not_picked":["Hemokinesis","True Grit","Seeing Red"],"picked":"Singing Bowl","floor":8},{"not_picked":["Second Wind","Power Through"],"picked":"Battle Trance","floor":11},{"not_picked":["Pommel Strike","Perfected Strike"],"picked":"Sword Boomerang","floor":14},{"not_picked":["Berserk","Dark Embrace","Brutality"],"picked":"Singing Bowl","floor":16},{"not_picked":["Clash","Cleave"],"picked":"Inflame","floor":17},{"not_picked":["Clothesline","Hemokinesis"],"picked":"Inflame","floor":17},{"not_picked":["Headbutt","Hemokinesis"],"picked":"Shrug It Off","floor":17},{"not_picked":["Burning Pact","Havoc","Flame Barrier"],"picked":"Singing Bowl","floor":17},{"not_picked":["Cleave","True Grit","Iron Wave"],"picked":"Singing Bowl","floor":17},{"not_picked":["Uppercut","Reckless Charge","Rupture+1"],"picked":"Singing Bowl","floor":18},{"not_picked":["Uppercut","Clash","Twin Strike"],"picked":"Singing Bowl","floor":23},{"not_picked":["Clothesline","Evolve","Pommel Strike"],"picked":"Singing Bowl","floor":25}],"player_experience":735541,"relics_obtained":[{"floor":6,"key":"Tiny Chest"},{"floor":9,"key":"War Paint"},{"floor":13,"key":"Juzu Bracelet"},{"floor":20,"key":"Blood Vial"},{"floor":25,"key":"Boot"},{"floor":26,"key":"Bottled Lightning"}],"event_choices":[{"damage_healed":0,"gold_gain":0,"player_choice":"Grow","damage_taken":0,"max_hp_gain":0,"max_hp_loss":0,"event_name":"Living Wall","floor":3,"gold_loss":0,"cards_upgraded":["Bash"]},{"damage_healed":0,"gold_gain":175,"player_choice":"AGREE","damage_taken":0,"max_hp_gain":0,"max_hp_loss":0,"event_name":"Liars Game","floor":4,"gold_loss":0,"cards_obtained":["Doubt"]},{"damage_healed":0,"gold_gain":0,"player_choice":"Simplicity","damage_taken":0,"max_hp_gain":0,"max_hp_loss":0,"event_name":"Back to Basics","floor":22,"gold_loss":0,"cards_upgraded":["Strike_R","Strike_R","Strike_R","Strike_R","Strike_R","Defend_R"]},{"damage_healed":0,"gold_gain":0,"player_choice":"Shed Blood","damage_taken":24,"max_hp_gain":5,"max_hp_loss":0,"event_name":"Forgotten Altar","floor":28,"gold_loss":0}],"is_beta":false,"boss_relics":[{"not_picked":["White Beast Statue","Lizard Tail"],"picked":"Orrery"}],"items_purged_floors":[5,19],"is_endless":false,"potions_floor_spawned":[1,2,8,14,23],"killed_by":"Chosen and Byrds","ascension_level":0}