{"gold_per_floor":[118,43,43,43,53,80,80,97,123,143,41,41,75,85,85,85],"floor_reached":16,"playtime":6438,"items_purged":["Strike_G"],"score":116,"play_id":"965593c0-13aa-45b5-b24d-faadb765afd7","local_time":"20190705123035","is_ascension_mode":true,"campfire_choices":[{"floor":7.0,"key":"REST"},{"data":"Neutralize","floor":15,"key":"SMITH"}],"neow_cost":"NONE","seed_source_timestamp":0,"circlet_count":0,"master_deck":["Strike_G","Strike_G","Strike_G","Strike_G","Defend_G","Defend_G","Defend_G","Defend_G","Survivor","Neutralize+1","Quick Slash","Endless Agony","Riddle With Holes","Well Laid Plans","Flying Knee","Backflip","Prepared","Well Laid Plans","PiercingWail","Terror"],"special_seed":0,"relics":["Black Star","Potion Belt","Meat on the Bone","Happy Flower","Calipers","Gremlin Horn"],"potions_floor_usage":[16],"damage_taken":[{"damage":1.0,"enemies":"Jaw Worm","floor":1.0,"turns":5.0},{"damage":0.0,"enemies":"2 Louse","floor":5.0,"turns":2.0},{"damage":41.0,"enemies":"Lagavulin","floor":6.0,"turns":11.0},{"damage":0,"enemies":"Cultist","floor":8,"turns":3},{"damage":0,"enemies":"2 Fungi Beasts","floor":10,"turns":4},{"damage":20,"enemies":"Gremlin Nob","floor":13,"turns":5},{"damage":0,"enemies":"3 Louse","floor":14,"turns":3},{"damage":42,"enemies":"Slime Boss","floor":16,"turns":9}],"seed_played":"2752508109341836567","potions_obtained":[{"floor":10,"key":"Ancient Potion"},{"floor":14,"key":"AttackPotion"}],"is_trial":false,"path_per_floor":["M","$","?","?","M","E","R","M","T","M","$","$","E","M","R","B"],"character_chosen":"THE_SILENT","items_purchased":["Prepared","Well Laid Plans"],"campfire_rested":1,"item_purchase_floors":[11,11],"current_hp_per_floor":[69,69,69,69,69,28,49,49,49,49,49,49,41,41,41,0],"gold":85,"neow_bonus":"BOSS_RELIC","is_prod":false,"is_daily":false,"chose_seed":false,"campfire_upgraded":1,"win_rate":0,"timestamp":1562347835,"path_taken":["M","$","?","?","M","E","R","M","T","M","?","$","E","M","R","BOSS"],"build_version":"2019-07-01","purchased_purges":1,"victory":false,"max_hp_per_floor":[70,70,70,70,70,70,70,70,70,70,70,70,70,70,70,70],"card_choices":[{"not_picked":["Slice","PiercingWail"],"picked":"Quick Slash","floor":1.0},{"not_picked":["Slice","Blade Dance"],"picked":"Riddle With Holes","floor":5.0},{"not_picked":["Eviscerate","Heel Hook"],"picked":"Well Laid Plans","floor":6.0},{"not_picked":["Dodge and Roll","Deflect"],"picked":"Flying Knee","floor":8},{"not_picked":["Sucker Punch","Quick Slash"],"picked":"Backflip","floor":10},{"not_picked":["Blur","All Out Attack"],"picked":"PiercingWail","floor":13},{"not_picked":["All Out Attack","Prepared"],"picked":"Terror","floor":14}],"player_experience":246607,"relics_obtained":[{"floor":6.0,"key":"Potion Belt"},{"floor":6.0,"key":"Meat on the Bone"},{"floor":9,"key":"Happy Flower"},{"floor":13,"key":"Calipers"},{"floor":13,"key":"Gremlin Horn"}],"event_choices":[{"damage_healed":0.0,"max_hp_gain":0.0,"max_hp_loss":0.0,"gold_gain":0.0,"cards_transformed":["Defend_G"],"event_name":"Living Wall","player_choice":"Change","floor":3.0,"gold_loss":0.0,"damage_taken":0.0,"cards_obtained":["Endless Agony"]},{"damage_healed":0.0,"max_hp_gain":0.0,"max_hp_loss":0.0,"gold_gain":0.0,"event_name":"Liars Game","player_choice":"Ignored","floor":4.0,"gold_loss":0.0,"damage_taken":0.0}],"is_beta":false,"boss_relics":[],"items_purged_floors":[2],"is_endless":false,"potions_floor_spawned":[10,14],"killed_by":"Slime Boss","ascension_level":1}