{"gold_per_floor":[218,119,119,136,136,150,80,108,179,190,206,206,218,246,258,372,384,415,441,453,208,208,208,221,73,73,73,104,120,134,145,145,240,240,253,83,100,116,133,133,145,70,70,89,0,16,30,45,45,45],"floor_reached":51,"playtime":1387,"items_purged":["Strike_R"],"score":712,"play_id":"b5681392-22ed-4ac2-a5e7-f89e6b9ffb71","local_time":"20181025064656","is_ascension_mode":false,"campfire_choices":[{"data":"Armaments","floor":12.0,"key":"SMITH"},{"data":"Demon Form","floor":15,"key":"SMITH"},{"floor":23,"key":"REST"},{"floor":32,"key":"REST"},{"floor":40,"key":"REST"},{"floor":49,"key":"REST"}],"neow_cost":"NONE","seed_source_timestamp":51855778358391,"circlet_count":0,"master_deck":["Strike_R","Strike_R","Strike_R","Defend_R","Defend_R","Defend_R","Defend_R","Bash","Spot Weakness","Armaments+1","Sword Boomerang","Feed","Demon Form+1","Shrug It Off","Offering","Sword Boomerang","Pommel Strike+1","Sword Boomerang+1","Shrug It Off+1"],"special_seed":0,"relics":["Burning Blood","Boot","Centennial Puzzle","Mercury Hourglass","MawBank","Fusion Hammer","Gremlin Horn","MutagenicStrength","Anchor","Mummified Hand","Bottled Tornado","Lizard Tail","Bag of Preparation","Dodecahedron","Red Mask"],"potions_floor_usage":[18,24,46,50],"damage_taken":[{"damage":11.0,"enemies":"2 Louse","floor":1.0,"turns":3.0},{"damage":7.0,"enemies":"Cultist","floor":4.0,"turns":5.0},{"damage":6.0,"enemies":"Jaw Worm","floor":6.0,"turns":3.0},{"damage":28.0,"enemies":"Gremlin Nob","floor":8.0,"turns":4.0},{"damage":5.0,"enemies":"Looter","floor":10.0,"turns":2.0},{"damage":0.0,"enemies":"Large Slime","floor":11.0,"turns":3.0},{"damage":1.0,"enemies":"Exordium Thugs","floor":13.0,"turns":3.0},{"damage":16,"enemies":"3 Sentries","floor":14,"turns":5},{"damage":7,"enemies":"The Guardian","floor":16,"turns":7},{"damage":15,"enemies":"2 Thieves","floor":18,"turns":3},{"damage":14,"enemies":"Shell Parasite","floor":19,"turns":4},{"damage":0,"enemies":"Snecko","floor":24,"turns":3},{"damage":29,"enemies":"Book of Stabbing","floor":28,"turns":4},{"damage":0,"enemies":"Chosen and Byrds","floor":29,"turns":4},{"damage":9,"enemies":"Centurion and Healer","floor":30,"turns":4},{"damage":6,"enemies":"Snake Plant","floor":31,"turns":4},{"damage":59,"enemies":"Collector","floor":33,"turns":7},{"damage":8,"enemies":"3 Darklings","floor":35,"turns":3},{"damage":6,"enemies":"3 Shapes","floor":37,"turns":4},{"damage":10,"enemies":"Spire Growth","floor":38,"turns":3},{"damage":4,"enemies":"Transient","floor":39,"turns":5},{"damage":35,"enemies":"4 Shapes","floor":41,"turns":3},{"damage":19,"enemies":"Jaw Worm Horde","floor":44,"turns":2},{"damage":33,"enemies":"Spire Growth","floor":46,"turns":4},{"damage":0,"enemies":"Transient","floor":47,"turns":5},{"damage":4,"enemies":"Maw","floor":48,"turns":6},{"damage":41,"enemies":"Time Eater","floor":50,"turns":8}],"seed_played":"5490350822900198745","potions_obtained":[{"floor":8.0,"key":"Strength Potion"},{"floor":10.0,"key":"SpeedPotion"},{"floor":14,"key":"Explosive Potion"},{"floor":28,"key":"BloodPotion"},{"floor":29,"key":"GamblersBrew"},{"floor":31,"key":"Swift Potion"},{"floor":33,"key":"Block Potion"},{"floor":47,"key":"Fire Potion"},{"floor":48,"key":"Energy Potion"}],"is_trial":false,"path_per_floor":["M","$","?","M","?","M","$","E","T","M","M","R","M","E","R","B",null,"M","M","?","$","?","R","M","$","T","$","E","M","M","M","R","B",null,"M","$","M","M","M","R","M","$","T","M","?","M","M","M","R","B"],"character_chosen":"IRONCLAD","items_purchased":["Spot Weakness","Armaments","Feed","Gremlin Horn","Anchor","Bag of Preparation","Sword Boomerang"],"campfire_rested":4,"item_purchase_floors":[2,2,7,21,25,36,36],"current_hp_per_floor":[75,75,75,74,49,49,49,27,27,28,34,34,42,35,35,34,86,77,73,73,73,73,90,94,94,94,94,71,80,81,81,101,48,101,99,99,99,95,97,101,75,75,75,62,62,35,41,43,74,39],"gold":45,"neow_bonus":"HUNDRED_GOLD","is_prod":false,"is_daily":false,"chose_seed":false,"campfire_upgraded":2,"win_rate":0,"timestamp":1540439216,"path_taken":["M","$","?","M","?","M","$","E","T","?","M","R","M","E","R","BOSS","M","M","?","$","?","R","M","?","T","$","E","M","M","M","R","BOSS","M","$","?","M","M","R","M","$","T","M","?","M","M","M","R","BOSS"],"build_version":"2018-10-18","purchased_purges":1,"victory":true,"max_hp_per_floor":[80,80,80,80,80,80,80,80,80,80,80,80,83,86,86,86,86,86,90,90,90,90,90,94,94,94,94,94,97,101,101,101,101,101,101,101,101,101,101,101,104,104,104,104,104,104,104,104,104,104],"card_choices":[{"not_picked":["Havoc","Flex","Thunderclap"],"picked":"SKIP","floor":1.0},{"not_picked":["Anger","Clash"],"picked":"Sword Boomerang","floor":4.0},{"not_picked":["Pummel","Iron Wave","Warcry"],"picked":"SKIP","floor":6.0},{"not_picked":["Armaments","Headbutt","Wild Strike"],"picked":"SKIP","floor":8.0},{"not_picked":["True Grit","Power Through","Dual Wield"],"picked":"SKIP","floor":10.0},{"not_picked":["Second Wind","Headbutt","Burning Pact"],"picked":"SKIP","floor":11.0},{"not_picked":["Infernal Blade","Spot Weakness","Dropkick"],"picked":"SKIP","floor":13.0},{"not_picked":["Carnage","Heavy Blade"],"picked":"Demon Form","floor":14},{"not_picked":["Clash","Spot Weakness","Flex"],"picked":"SKIP","floor":18},{"not_picked":["Twin Strike","Armaments+1","Anger"],"picked":"SKIP","floor":19},{"not_picked":["True Grit","Perfected Strike","Flex"],"picked":"SKIP","floor":24},{"not_picked":["Dual Wield","Impervious","Shockwave"],"picked":"SKIP","floor":28},{"not_picked":["Carnage","Headbutt","Armaments"],"picked":"SKIP","floor":29},{"not_picked":["Cleave","Havoc","Clash+1"],"picked":"SKIP","floor":30},{"not_picked":["Clash","Flex"],"picked":"Shrug It Off","floor":31},{"not_picked":["Exhume","Impervious"],"picked":"Offering","floor":33},{"not_picked":["Dual Wield+1","Anger","Thunderclap+1"],"picked":"SKIP","floor":35},{"not_picked":["Ghostly Armor","Wild Strike+1"],"picked":"Pommel Strike+1","floor":37},{"not_picked":["True Grit+1","Armaments+1","Pommel Strike+1"],"picked":"SKIP","floor":38},{"not_picked":["Pommel Strike","Thunderclap+1"],"picked":"Sword Boomerang+1","floor":39},{"not_picked":["Flex+1","Twin Strike","Cleave+1"],"picked":"SKIP","floor":41},{"not_picked":["Armaments","Spot Weakness","Infernal Blade+1"],"picked":"SKIP","floor":44},{"not_picked":["Bloodletting+1","Double Tap"],"picked":"Shrug It Off+1","floor":46},{"not_picked":["Body Slam+1","Anger+1","Perfected Strike+1"],"picked":"SKIP","floor":47},{"not_picked":["Metallicize","Clothesline","Pommel Strike+1"],"picked":"SKIP","floor":48}],"player_experience":429997,"relics_obtained":[{"floor":8.0,"key":"Centennial Puzzle"},{"floor":9.0,"key":"Mercury Hourglass"},{"floor":14,"key":"MawBank"},{"floor":26,"key":"Mummified Hand"},{"floor":28,"key":"Bottled Tornado"},{"floor":43,"key":"Dodecahedron"}],"event_choices":[{"cards_removed":["Strike_R"],"damage_healed":0.0,"max_hp_gain":0.0,"max_hp_loss":0.0,"gold_gain":0.0,"event_name":"Purifier","player_choice":"Purged","floor":3.0,"gold_loss":0.0,"damage_taken":0.0},{"damage_healed":0.0,"max_hp_gain":0.0,"max_hp_loss":0.0,"gold_gain":0.0,"event_name":"Scrap Ooze","player_choice":"Success","floor":5.0,"gold_loss":0.0,"damage_taken":25.0,"relics_obtained":["Boot"]},{"damage_healed":0,"gold_gain":0,"player_choice":"Bought 0 Potions","damage_taken":0,"max_hp_gain":0,"max_hp_loss":0,"event_name":"The Woman in Blue","floor":20,"gold_loss":0},{"damage_healed":0,"gold_gain":0,"player_choice":"Inject Mutagens","damage_taken":0,"relics_obtained":["MutagenicStrength"],"max_hp_gain":0,"max_hp_loss":0,"event_name":"Drug Dealer","floor":22,"gold_loss":0},{"damage_healed":0,"gold_gain":0,"player_choice":"Paid","damage_taken":0,"relics_obtained":["Red Mask"],"max_hp_gain":0,"max_hp_loss":0,"event_name":"Tomb of Lord Red Mask","floor":45,"gold_loss":89}],"is_beta":false,"boss_relics":[{"not_picked":["Black Blood","Mark of Pain"],"picked":"Fusion Hammer"},{"not_picked":["Runic Dome","Calling Bell"],"picked":"Lizard Tail"}],"items_purged_floors":[42],"is_endless":false,"potions_floor_spawned":[8,10,14,16,28,29,31,33,37,41,44,47,48],"ascension_level":0}