{"gold_per_floor":[365,381,33,33,52,52,17,17,17,17,33,66,66,76,76,171,171,186,186,203,223,236,236,568,578,578,578,607,607,607,625,625,728,728,741,754,754,366,366,366,366,378,404,404,61,61,75,21,21,21],"floor_reached":51,"playtime":1438,"items_purged":["Writhe"],"score":735,"play_id":"7d27d7ea-792a-4fad-9d65-6d881bd2afb5","local_time":"20180815045729","is_ascension_mode":false,"campfire_choices":[{"data":"Apotheosis","floor":6,"key":"SMITH"},{"data":"Spot Weakness","floor":10,"key":"SMITH"},{"data":"Bash","floor":13,"key":"SMITH"},{"data":"Battle Trance","floor":15,"key":"SMITH"},{"data":"Offering","floor":23,"key":"SMITH"},{"floor":27,"key":"REST"},{"floor":29,"key":"REST"},{"floor":32,"key":"REST"},{"data":"Shrug It Off","floor":40,"key":"SMITH"},{"floor":44,"key":"REST"},{"data":"Finesse","floor":46,"key":"SMITH"},{"data":"Finesse","floor":49,"key":"SMITH"}],"neow_cost":"PERCENT_DAMAGE","seed_source_timestamp":42861855191324,"circlet_count":0,"master_deck":["Strike_R","Strike_R","Strike_R","Strike_R","Defend_R","Defend_R","Defend_R","Defend_R","Bash+1","Apotheosis+1","Battle Trance+1","Spot Weakness+1","Thunderclap","Shrug It Off+1","Offering+1","Demon Form+1","Finesse+1","Finesse+1","Shrug It Off"],"relics":["Burning Blood","Orichalcum","Question Card","Juzu Bracelet","Busted Crown","Old Coin","Frozen Egg 2","Blood Vial","White Beast Statue","Thread and Needle","Happy Flower","Mercury Hourglass"],"potions_floor_usage":[12,24,33,50,50,50,50],"damage_taken":[{"damage":5,"enemies":"Small Slimes","floor":1,"turns":3},{"damage":1,"enemies":"Cultist","floor":2,"turns":3},{"damage":2,"enemies":"2 Louse","floor":5,"turns":3},{"damage":2,"enemies":"Large Slime","floor":11,"turns":5},{"damage":13,"enemies":"Gremlin Nob","floor":12,"turns":4},{"damage":10,"enemies":"2 Fungi Beasts","floor":14,"turns":3},{"damage":21,"enemies":"The Guardian","floor":16,"turns":8},{"damage":9,"enemies":"3 Byrds","floor":18,"turns":4},{"damage":11,"enemies":"Chosen","floor":20,"turns":3},{"damage":7,"enemies":"Centurion and Healer","floor":21,"turns":4},{"damage":6,"enemies":"Cultist and Chosen","floor":22,"turns":3},{"damage":19,"enemies":"Slavers","floor":24,"turns":5},{"damage":24,"enemies":"Snecko","floor":25,"turns":5},{"damage":22,"enemies":"Gremlin Leader","floor":28,"turns":4},{"damage":6,"enemies":"3 Cultists","floor":31,"turns":3},{"damage":80,"enemies":"Champ","floor":33,"turns":12},{"damage":35,"enemies":"Flame Bruiser 1 Orb","floor":35,"turns":5},{"damage":7,"enemies":"3 Darklings","floor":36,"turns":4},{"damage":16,"enemies":"Flame Bruiser 2 Orb","floor":42,"turns":8},{"damage":6,"enemies":"4 Shapes","floor":47,"turns":3},{"damage":8,"enemies":"Awakened One","floor":50,"turns":13}],"seed_played":"8020650594752278213","potions_obtained":[{"floor":2,"key":"Regen Potion"},{"floor":4,"key":"FearPotion"},{"floor":4,"key":"EntropicBrew"},{"floor":12,"key":"Block Potion"},{"floor":24,"key":"Strength Potion"},{"floor":35,"key":"Block Potion"},{"floor":47,"key":"Dexterity Potion"}],"is_trial":false,"path_per_floor":["M","M","$","?","M","R","$","?","T","R","M","E","R","M","R","B",null,"M","$","M","M","M","R","E","M","T","R","E","R","?","M","R","B",null,"M","M","?","$","?","R","?","M","T","R","$","R","M","$","R","B"],"character_chosen":"IRONCLAD","items_purchased":["Apotheosis","Orichalcum","Spot Weakness","Thread and Needle","Mercury Hourglass","Finesse","Shrug It Off"],"campfire_rested":4,"item_purchase_floors":[3,3,7,38,45,45,48],"current_hp_per_floor":[57,62,62,62,66,66,66,66,66,66,70,63,63,59,59,44,80,77,77,72,71,71,71,58,40,40,64,48,72,72,74,80,11,80,51,52,72,72,72,72,72,64,64,80,80,80,80,80,80,78],"gold":21,"neow_bonus":"TWO_FIFTY_GOLD","is_prod":false,"is_daily":false,"chose_seed":false,"campfire_upgraded":8,"win_rate":0,"timestamp":1534298249,"path_taken":["M","M","$","?","M","R","$","?","T","R","M","E","R","M","R","BOSS","M","$","M","M","M","R","E","M","T","R","E","R","?","M","R","BOSS","M","M","?","$","?","R","?","M","T","R","$","R","M","?","R","BOSS"],"build_version":"2018-08-09","purchased_purges":1,"victory":true,"max_hp_per_floor":[80,80,80,80,80,80,80,80,80,80,80,80,80,80,80,80,80,80,80,80,80,80,80,80,80,80,80,80,80,80,80,80,80,80,80,80,80,80,80,80,80,80,80,80,80,80,80,80,80,80],"card_choices":[{"not_picked":["Headbutt","Iron Wave","Metallicize"],"picked":"SKIP","floor":1},{"not_picked":["Bloodletting","Carnage","Reckless Charge"],"picked":"SKIP","floor":2},{"not_picked":["True Grit","Thunderclap"],"picked":"Battle Trance","floor":5},{"not_picked":["Wild Strike","Body Slam","Flex"],"picked":"Thunderclap","floor":11},{"not_picked":["Metallicize","Clothesline","Dropkick","Perfected Strike"],"picked":"SKIP","floor":12},{"not_picked":["Havoc","Shrug It Off","Headbutt","Clash"],"picked":"SKIP","floor":14},{"not_picked":["Havoc","Headbutt","Clash"],"picked":"Shrug It Off","floor":14},{"not_picked":["Fiend Fire","Reaper","Feed"],"picked":"Offering","floor":16},{"not_picked":["Thunderclap","Entrench"],"picked":"SKIP","floor":18},{"not_picked":["Battle Trance+1","Dual Wield"],"picked":"SKIP","floor":20},{"not_picked":["Twin Strike","Perfected Strike"],"picked":"SKIP","floor":21},{"not_picked":["Bloodletting+1","Carnage+1"],"picked":"SKIP","floor":22},{"not_picked":["Flame Barrier","Wild Strike"],"picked":"SKIP","floor":24},{"not_picked":["Rampage+1","Heavy Blade"],"picked":"SKIP","floor":25},{"not_picked":["Carnage+1","Rampage+1"],"picked":"SKIP","floor":28},{"not_picked":["Pummel+1","Clash+1"],"picked":"SKIP","floor":31},{"not_picked":["Berserk+1"],"picked":"Demon Form+1","floor":33},{"not_picked":["Cleave+1","Wild Strike+1"],"picked":"SKIP","floor":35},{"not_picked":["Wild Strike","Reckless Charge"],"picked":"SKIP","floor":36},{"not_picked":["Dramatic Entrance"],"picked":"Finesse","floor":41},{"not_picked":["Wild Strike","Headbutt+1"],"picked":"SKIP","floor":42},{"not_picked":["Thunderclap+1","Warcry+1"],"picked":"SKIP","floor":47}],"player_experience":314249,"relics_obtained":[{"floor":9,"key":"Question Card"},{"floor":12,"key":"Juzu Bracelet"},{"floor":24,"key":"Old Coin"},{"floor":26,"key":"Frozen Egg 2"},{"floor":28,"key":"Blood Vial"},{"floor":43,"key":"Happy Flower"}],"event_choices":[{"event_name":"The Lab","player_choice":"Got Potions","floor":4,"damage_taken":0},{"event_name":"Liars Game","player_choice":"disagreed","floor":8,"damage_taken":0},{"event_name":"Drug Dealer","player_choice":"Ignored","floor":30,"damage_taken":0},{"event_name":"Winding Halls","player_choice":"Writhe","floor":37,"damage_taken":0},{"event_name":"Wheel of Change","player_choice":"Card Removal","floor":39,"damage_taken":0},{"event_name":"SensoryStone","player_choice":"Memory 1","floor":41,"damage_taken":0}],"is_beta":false,"boss_relics":[{"not_picked":["Cursed Key","Black Star"],"picked":"Busted Crown"},{"not_picked":["Calling Bell","Pandora\u0027s Box"],"picked":"White Beast Statue"}],"items_purged_floors":[38],"is_endless":false,"potions_floor_spawned":[2,5,11,12,24,28,31,35,36,42,47],"ascension_level":0}