{"gold_per_floor":[112,132,21,21,21,21,35,68,68,68,243,40,40,68,68,170,170,184,203,214,214,227,227,254,254,254,281,281],"floor_reached":28,"playtime":757,"items_purged":["Doubt"],"score":289,"play_id":"164f501f-9fb9-433b-a7f1-1ba08fc1030e","local_time":"20180730214001","is_ascension_mode":false,"campfire_choices":[{"data":"Whirlwind","floor":6.0,"key":"SMITH"},{"data":"Fire Breathing","floor":10.0,"key":"SMITH"},{"data":"Armaments","floor":15.0,"key":"SMITH"},{"data":"Fire Breathing","floor":23,"key":"SMITH"}],"neow_cost":"NONE","seed_source_timestamp":117640995077980,"circlet_count":0,"master_deck":["Defend_R","Bash","Sword Boomerang","Spot Weakness+1","Whirlwind+1","Fire Breathing+1","Armaments+1","Power Through+1","Warcry+1","Rampage+1","Fire Breathing+1","Metallicize","Bite","Bite","Bite","Bite","Bite","Feed"],"special_seed":0,"relics":["Burning Blood","Boot","Bird Faced Urn","Smiling Mask","Pen Nib","Vajra","Astrolabe","Centennial Puzzle","Darkstone Periapt","Blue Candle"],"potions_floor_usage":[24,27,27],"damage_taken":[{"damage":9.0,"enemies":"Jaw Worm","floor":1.0,"turns":4.0},{"damage":6.0,"enemies":"Cultist","floor":2.0,"turns":4.0},{"damage":1.0,"enemies":"2 Louse","floor":7.0,"turns":2.0},{"damage":27.0,"enemies":"Gremlin Nob","floor":8.0,"turns":4.0},{"damage":14.0,"enemies":"3 Sentries","floor":14.0,"turns":4.0},{"damage":17.0,"enemies":"Slime Boss","floor":16.0,"turns":8.0},{"damage":5.0,"enemies":"Chosen","floor":18.0,"turns":3.0},{"damage":7,"enemies":"2 Thieves","floor":19,"turns":2},{"damage":27,"enemies":"Snecko","floor":20,"turns":5},{"damage":31,"enemies":"Snake Plant","floor":22,"turns":4},{"damage":21,"enemies":"Gremlin Leader","floor":24,"turns":6},{"damage":51,"enemies":"Book of Stabbing","floor":27,"turns":5},{"damage":23,"enemies":"Centurion and Healer","floor":28,"turns":2}],"seed_played":"2319123828725759096","potions_obtained":[{"floor":1.0,"key":"SkillPotion"},{"floor":7.0,"key":"Poison Potion"},{"floor":20,"key":"AttackPotion"},{"floor":24,"key":"LiquidBronze"}],"is_trial":false,"path_per_floor":["M","M","$","?","?","R","M","E","T","R","?","$","$","E","R","B",null,"M","M","M","?","M","R","E","$","T","E"],"character_chosen":"IRONCLAD","items_purchased":["Spot Weakness","Whirlwind","Pen Nib"],"campfire_rested":0,"item_purchase_floors":[3,3,12],"current_hp_per_floor":[77,77,77,77,77,77,80,59,59,59,59,59,59,53,53,44,80,80,80,61,56,40,40,35,35,35,12,0],"gold":281,"neow_bonus":"RANDOM_COMMON_RELIC","is_prod":false,"is_daily":false,"chose_seed":false,"campfire_upgraded":4,"win_rate":0,"timestamp":1532976001,"path_taken":["M","M","$","?","?","R","M","E","T","R","?","?","$","E","R","BOSS","M","M","M","?","M","R","E","$","T","E","M"],"build_version":"2018-07-26","purchased_purges":1,"victory":false,"max_hp_per_floor":[80,80,80,80,80,80,80,80,80,80,80,80,80,80,80,80,80,80,80,80,56,56,56,56,56,56,56,56],"card_choices":[{"not_picked":["True Grit","Feel No Pain","Pommel Strike"],"picked":"SKIP","floor":1.0},{"not_picked":["Battle Trance","True Grit"],"picked":"Sword Boomerang","floor":2.0},{"not_picked":["Fire Breathing","Uppercut","Combust"],"picked":"SKIP","floor":7.0},{"not_picked":["Dropkick","Warcry"],"picked":"Fire Breathing","floor":8.0},{"not_picked":["Thunderclap","Headbutt"],"picked":"Armaments","floor":14.0},{"not_picked":["Dual Wield","Body Slam"],"picked":"Fire Breathing","floor":18.0},{"not_picked":["Twin Strike","Body Slam"],"picked":"Metallicize","floor":19},{"not_picked":["Twin Strike+1","Body Slam","Pommel Strike"],"picked":"SKIP","floor":20},{"not_picked":["Twin Strike","Sword Boomerang","Pummel"],"picked":"SKIP","floor":22},{"not_picked":["Armaments+1","Havoc"],"picked":"Feed","floor":24},{"not_picked":["Seeing Red+1","Clash","Barricade"],"picked":"SKIP","floor":27}],"player_experience":266913,"relics_obtained":[{"floor":8.0,"key":"Bird Faced Urn"},{"floor":9.0,"key":"Smiling Mask"},{"floor":14.0,"key":"Vajra"},{"floor":24,"key":"Centennial Puzzle"},{"floor":26,"key":"Darkstone Periapt"},{"floor":27,"key":"Blue Candle"}],"event_choices":[{"event_name":"Upgrade Shrine","player_choice":"Upgraded","floor":4.0,"damage_taken":0.0},{"event_name":"The Cleric","player_choice":"Leave","floor":5.0,"damage_taken":0.0},{"event_name":"Liars Game","player_choice":"agreed","floor":11.0,"damage_taken":0.0},{"event_name":"Vampires","player_choice":"Became a vampire","floor":21,"damage_taken":0}],"is_beta":false,"boss_relics":[{"not_picked":["Snecko Eye","Empty Cage"],"picked":"Astrolabe"}],"items_purged_floors":[12],"is_endless":false,"potions_floor_spawned":[1,7,20,22,24],"killed_by":"Centurion and Healer","ascension_level":0}