{"gold_per_floor":[118,137,153,10,23,23,0,16,91,105,105,105,105,121,121,225,225,242,259,259,275,357,357,357,357,357,43,53,53,53,63,63,158,158,170,181,181,56,76,110,110,129,129,163,179,0,0,0,0,0],"floor_reached":51,"playtime":3273,"items_purged":["Strike_B","Double Energy","Amplify"],"score":674,"play_id":"7eed82c9-c28b-4ec2-9ae4-516bfc5eec75","local_time":"20190126093954","is_ascension_mode":false,"campfire_choices":[{"data":"Zap","floor":6.0,"key":"SMITH"},{"data":"Go for the Eyes","floor":13.0,"key":"SMITH"},{"data":"Glacier","floor":15.0,"key":"SMITH"},{"data":"Echo Form","floor":23,"key":"SMITH"},{"data":"Leap","floor":25,"key":"SMITH"},{"data":"Rainbow","floor":29,"key":"SMITH"},{"data":"Defragment","floor":32,"key":"SMITH"},{"data":"Defragment","floor":41,"key":"SMITH"},{"floor":47,"key":"REST"},{"data":"Capacitor","floor":49,"key":"SMITH"}],"neow_cost":"NONE","seed_source_timestamp":54637177038857,"circlet_count":0,"master_deck":["Zap+1","Dualcast","Go for the Eyes","Leap+1","Sweeping Beam","Seek","Rebound","Ball Lightning","Go for the Eyes+1","Glacier+1","Echo Form+1","Steam","Compile Driver","BootSequence","Barrage","Leap+1","Loop","Rainbow+1","Leap+1","Defragment+1","Defragment+1","Redo+1","Barrage+1","Parasite","Skim+1","Capacitor+1"],"special_seed":0,"relics":["Cracked Core","Pandora\u0027s Box","Tiny Chest","Nloth\u0027s Gift","Orichalcum","Orrery","Gambling Chip","Bottled Flame","PreservedInsect"],"potions_floor_usage":[31,33,33,42,50,50,50],"damage_taken":[{"damage":2.0,"enemies":"Small Slimes","floor":1.0,"turns":3.0},{"damage":1.0,"enemies":"Jaw Worm","floor":2.0,"turns":3.0},{"damage":0.0,"enemies":"Cultist","floor":3.0,"turns":3.0},{"damage":10.0,"enemies":"Exordium Thugs","floor":5.0,"turns":5.0},{"damage":5.0,"enemies":"Large Slime","floor":8.0,"turns":4.0},{"damage":0.0,"enemies":"Gremlin Gang","floor":10.0,"turns":2.0},{"damage":4.0,"enemies":"Blue Slaver","floor":14.0,"turns":2.0},{"damage":9.0,"enemies":"Hexaghost","floor":16.0,"turns":11.0},{"damage":0.0,"enemies":"Spheric Guardian","floor":18.0,"turns":5.0},{"damage":0,"enemies":"Chosen","floor":19,"turns":3},{"damage":15,"enemies":"Snake Plant","floor":21,"turns":5},{"damage":12,"enemies":"Sentry and Sphere","floor":28,"turns":4},{"damage":0,"enemies":"Cultist and Chosen","floor":31,"turns":8},{"damage":21,"enemies":"Collector","floor":33,"turns":11},{"damage":0,"enemies":"3 Shapes","floor":35,"turns":9},{"damage":10,"enemies":"3 Darklings","floor":36,"turns":7},{"damage":8,"enemies":"Writhing Mass","floor":39,"turns":8},{"damage":15,"enemies":"Giant Head","floor":40,"turns":12},{"damage":4,"enemies":"Jaw Worm Horde","floor":42,"turns":7},{"damage":47,"enemies":"Nemesis","floor":44,"turns":7},{"damage":14,"enemies":"Spire Growth","floor":45,"turns":7},{"damage":6,"enemies":"Donu and Deca","floor":50,"turns":12}],"seed_played":"-2373410026807476673","potions_obtained":[{"floor":1.0,"key":"EssenceOfSteel"},{"floor":2.0,"key":"Block Potion"},{"floor":3.0,"key":"FocusPotion"},{"floor":10.0,"key":"Swift Potion"},{"floor":21,"key":"Fire Potion"},{"floor":31,"key":"FairyPotion"},{"floor":33,"key":"Fruit Juice"},{"floor":39,"key":"Regen Potion"},{"floor":45,"key":"Ancient Potion"}],"is_trial":false,"path_per_floor":["M","M","M","$","M","R","$","M","T","M","?","?","R","M","R","B",null,"M","M","?","M","T","R","?","R","T","$","M","R","$","M","R","B",null,"M","M","?","$","M","E","R","M","T","E","M","$","R","?","R","B",null],"character_chosen":"DEFECT","items_purchased":["Seek","Ball Lightning","Loop","Rainbow","Capacitor","Block Potion","Energy Potion"],"campfire_rested":1,"item_purchase_floors":[4,7,27,27,46,46,46],"current_hp_per_floor":[73,72,72,72,62,62,62,57,57,57,57,50,50,46,46,37,75,75,75,75,60,60,60,60,60,60,60,48,48,48,48,48,32,80,80,70,70,70,62,47,47,58,58,11,6,6,30,70,70,64],"gold":0,"neow_bonus":"THREE_CARDS","is_prod":false,"is_daily":false,"chose_seed":false,"campfire_upgraded":9,"win_rate":1,"timestamp":1548491994,"path_taken":["M","M","M","$","M","R","$","M","T","M","?","?","R","M","R","BOSS","M","M","?","?","?","R","?","R","T","$","?","R","$","M","R","BOSS","M","M","?","$","M","E","R","M","T","E","M","$","R","?","R","BOSS"],"build_version":"2019-01-23","purchased_purges":3,"victory":true,"max_hp_per_floor":[75,75,75,75,75,75,75,75,75,75,75,75,75,75,75,75,75,75,75,75,75,75,75,75,75,75,75,75,75,75,75,75,80,80,80,80,80,80,80,80,80,80,80,80,80,80,80,70,70,70],"card_choices":[{"not_picked":["Beam Cell","Sweeping Beam"],"picked":"Go for the Eyes","floor":0.0},{"not_picked":["Self Repair","FTL"],"picked":"Cold Snap","floor":1.0},{"not_picked":["Sweeping Beam","Beam Cell"],"picked":"Leap","floor":2.0},{"not_picked":["Multi-Cast","Compile Driver"],"picked":"Sweeping Beam","floor":3.0},{"not_picked":["Hologram","Coolheaded"],"picked":"Rebound","floor":5.0},{"not_picked":["Sweeping Beam","Coolheaded","Reprogram"],"picked":"SKIP","floor":8.0},{"not_picked":["Rip and Tear","Ball Lightning"],"picked":"Go for the Eyes","floor":10.0},{"not_picked":["Leap","Stack"],"picked":"Glacier","floor":14.0},{"not_picked":["Fission","Buffer"],"picked":"Echo Form","floor":16.0},{"not_picked":["Steam+1","Redo+1","Sweeping Beam"],"picked":"SKIP","floor":18.0},{"not_picked":["Cold Snap+1","Go for the Eyes"],"picked":"Barrage","floor":19},{"not_picked":["Coolheaded","Compile Driver+1"],"picked":"Leap+1","floor":21},{"not_picked":["Sweeping Beam+1","Beam Cell+1"],"picked":"Leap+1","floor":28},{"not_picked":["Cold Snap","Gash"],"picked":"Defragment","floor":31},{"not_picked":["Beam Cell+1","Rebound+1"],"picked":"Defragment","floor":34},{"not_picked":["Beam Cell","Heatsinks"],"picked":"Redo+1","floor":34},{"not_picked":["Lockon","Heatsinks"],"picked":"Barrage+1","floor":34},{"not_picked":["Coolheaded+1","Hologram","Fusion+1"],"picked":"SKIP","floor":35},{"not_picked":["Darkness","Beam Cell","Rebound"],"picked":"SKIP","floor":36},{"not_picked":["Compile Driver+1","Rebound+1","Biased Cognition"],"picked":"SKIP","floor":39},{"not_picked":["Multi-Cast","Gash","Rebound"],"picked":"SKIP","floor":40},{"not_picked":["Compile Driver+1","Gash","Stack+1"],"picked":"SKIP","floor":42},{"not_picked":["Echo Form","Stack","Multi-Cast"],"picked":"SKIP","floor":44},{"not_picked":["Coolheaded+1","Lockon+1"],"picked":"Skim+1","floor":45}],"player_experience":229835,"relics_obtained":[{"floor":9.0,"key":"Dodecahedron"},{"floor":22,"key":"Tiny Chest"},{"floor":26,"key":"Orichalcum"},{"floor":40,"key":"Gambling Chip"},{"floor":43,"key":"Bottled Flame"},{"floor":44,"key":"PreservedInsect"}],"event_choices":[{"damage_healed":0.0,"max_hp_gain":0.0,"max_hp_loss":0.0,"gold_gain":0.0,"event_name":"Liars Game","player_choice":"Ignored","floor":11.0,"gold_loss":0.0,"damage_taken":0.0},{"cards_removed":["Strike_B"],"damage_healed":0.0,"max_hp_gain":0.0,"max_hp_loss":0.0,"gold_gain":0.0,"event_name":"Golden Wing","player_choice":"Card Removal","floor":12.0,"gold_loss":0.0,"damage_taken":7.0},{"cards_removed":["Force Field"],"damage_healed":0,"gold_gain":0,"player_choice":"Purged","damage_taken":0,"max_hp_gain":0,"max_hp_loss":0,"event_name":"Purifier","floor":20,"gold_loss":0},{"damage_healed":0,"gold_gain":0,"player_choice":"Traded Relic","damage_taken":0,"relics_obtained":["Nloth\u0027s Gift"],"max_hp_gain":0,"max_hp_loss":0,"event_name":"N\u0027loth","floor":24,"relics_lost":["Dodecahedron"],"gold_loss":0},{"cards_removed":["Cold Snap"],"damage_healed":0,"gold_gain":0,"player_choice":"Removed Attack","damage_taken":0,"max_hp_gain":0,"max_hp_loss":0,"event_name":"Falling","floor":37,"gold_loss":0},{"damage_healed":70,"gold_gain":0,"player_choice":"Heal","damage_taken":0,"max_hp_gain":0,"max_hp_loss":10,"event_name":"The Moai Head","floor":48,"gold_loss":0}],"is_beta":false,"boss_relics":[{"not_picked":["Astrolabe","Velvet Choker"],"picked":"Pandora\u0027s Box"},{"not_picked":["FrozenCore","Fusion Hammer"],"picked":"Orrery"}],"items_purged_floors":[4,27,38],"is_endless":false,"potions_floor_spawned":[1,2,3,10,21,31,33,39,45],"ascension_level":0}