{"gold_per_floor":[111,124,50,60,70,101,101,101,152,164,176,207,250,275,287,420,432,459,471,498,531,127,127,47,70,116,141,141,160,160,160,160,284,347,368,268,268,293,316,316,340,340,340,380,98,113,128,149,149,149],"floor_reached":51,"playtime":1318,"items_purged":["Strike_R","Strike_R","Strike_R"],"score":876,"play_id":"1cb68901-7a2d-4414-94e1-a5f1e36c9349","local_time":"20181010145235","is_ascension_mode":true,"campfire_choices":[{"data":"Armaments","floor":11.0,"key":"SMITH"},{"data":"Spot Weakness","floor":15.0,"key":"SMITH"},{"data":"Limit Break","floor":23.0,"key":"SMITH"},{"data":"Inflame","floor":28.0,"key":"SMITH"},{"data":"Battle Trance","floor":30.0,"key":"SMITH"},{"floor":32.0,"key":"REST"},{"data":"Offering","floor":40.0,"key":"SMITH"},{"data":"Shrug It Off","floor":42,"key":"SMITH"},{"data":"Double Tap","floor":49,"key":"SMITH"}],"neow_cost":"NONE","seed_source_timestamp":9256510743887,"circlet_count":0,"master_deck":["Strike_R","Strike_R","Defend_R","Defend_R","Defend_R","Defend_R","Bash+1","Whirlwind","Armaments+1","Spot Weakness+1","Twin Strike","Rage","Limit Break+1","Shrug It Off+1","Inflame+1","Shrug It Off+1","Battle Trance+1","Offering+1","Limit Break+1","Battle Trance+1","Inflame+1","Heavy Blade+1","Double Tap+1"],"special_seed":0,"relics":["Burning Blood","Pen Nib","The Courier","MawBank","Golden Idol","Dream Catcher","Sozu","Spirit Poop","Magic Flower","Bag of Preparation","Red Skull","Tiny House","Meat on the Bone","Bottled Flame","DollysMirror","Lantern"],"potions_floor_usage":[44,50],"damage_taken":[{"damage":7.0,"enemies":"2 Louse","floor":1.0,"turns":2.0},{"damage":5.0,"enemies":"Small Slimes","floor":2.0,"turns":4.0},{"damage":11.0,"enemies":"Jaw Worm","floor":4.0,"turns":4.0},{"damage":7.0,"enemies":"Looter","floor":5.0,"turns":3.0},{"damage":24.0,"enemies":"Gremlin Nob","floor":6.0,"turns":4.0},{"damage":10.0,"enemies":"Gremlin Gang","floor":12.0,"turns":2.0},{"damage":31.0,"enemies":"Lagavulin","floor":13.0,"turns":5.0},{"damage":2.0,"enemies":"2 Fungi Beasts","floor":14.0,"turns":3.0},{"damage":28.0,"enemies":"Hexaghost","floor":16.0,"turns":9.0},{"damage":6.0,"enemies":"3 Byrds","floor":18.0,"turns":4.0},{"damage":13.0,"enemies":"Shell Parasite","floor":20.0,"turns":3.0},{"damage":24.0,"enemies":"Snake Plant","floor":21.0,"turns":6.0},{"damage":1.0,"enemies":"Centurion and Healer","floor":25.0,"turns":5.0},{"damage":12.0,"enemies":"Cultist and Chosen","floor":27.0,"turns":3.0},{"damage":22.0,"enemies":"Shelled Parasite and Fungi","floor":29.0,"turns":4.0},{"damage":30.0,"enemies":"Automaton","floor":33.0,"turns":5.0},{"damage":6.0,"enemies":"3 Darklings","floor":35.0,"turns":1.0},{"damage":11.0,"enemies":"Orb Walker","floor":38.0,"turns":2.0},{"damage":24.0,"enemies":"Spire Growth","floor":39.0,"turns":3.0},{"damage":12,"enemies":"Reptomancer","floor":41,"turns":3},{"damage":52,"enemies":"2 Orb Walkers","floor":44,"turns":5},{"damage":6,"enemies":"Transient","floor":46,"turns":5},{"damage":0,"enemies":"Sphere and 2 Shapes","floor":47,"turns":3},{"damage":8,"enemies":"3 Darklings","floor":48,"turns":4},{"damage":49,"enemies":"Awakened One","floor":50,"turns":4}],"seed_played":"2934817840403307644","potions_obtained":[{"floor":4.0,"key":"Swift Potion"},{"floor":5.0,"key":"Explosive Potion"},{"floor":6.0,"key":"Energy Potion"},{"floor":13.0,"key":"Explosive Potion"},{"floor":14.0,"key":"Energy Potion"}],"is_trial":false,"path_per_floor":["M","M","$","M","M","E","?","?","T","?","R","M","E","M","R","B",null,"M","?","M","M","$","R","$","M","T","M","R","M","R","?","R","B",null,"M","$","?","M","M","R","M","R","T","E","$","M","M","M","R","B"],"character_chosen":"IRONCLAD","items_purchased":["Spot Weakness","Magic Flower","Bag of Preparation","DollysMirror","Lantern"],"campfire_rested":1,"item_purchase_floors":[3,22,22,45,45],"current_hp_per_floor":[79,80,80,75,74,56,80,80,80,80,80,76,51,55,55,33,80,80,80,73,55,55,55,55,63,63,60,60,47,47,47,71,50,85,85,85,85,83,68,68,65,65,65,40,40,61,70,71,71,49],"gold":149,"neow_bonus":"RANDOM_COMMON_RELIC","is_prod":false,"is_daily":false,"chose_seed":false,"campfire_upgraded":8,"win_rate":0,"timestamp":1539172355,"path_taken":["M","M","$","M","M","E","?","?","T","?","R","?","E","M","R","BOSS","M","?","M","M","$","R","$","M","T","M","R","M","R","?","R","BOSS","M","$","?","M","M","R","?","R","T","E","$","M","M","M","R","BOSS"],"build_version":"2018-10-04v2","purchased_purges":3,"victory":true,"max_hp_per_floor":[80,80,80,80,80,80,80,80,80,80,80,80,80,80,80,80,80,80,80,80,80,80,80,80,80,80,80,80,80,80,80,80,80,85,85,85,85,85,85,85,85,85,85,85,85,85,85,85,85,85],"card_choices":[{"not_picked":["Twin Strike","Disarm"],"picked":"Whirlwind","floor":1.0},{"not_picked":["Reckless Charge","Searing Blow"],"picked":"Armaments","floor":2.0},{"not_picked":["Headbutt","Sentinel"],"picked":"Twin Strike","floor":4.0},{"not_picked":["Havoc","True Grit","Blood for Blood"],"picked":"SKIP","floor":5.0},{"not_picked":["Clothesline","Clash","Intimidate"],"picked":"SKIP","floor":6.0},{"not_picked":["Disarm","Dual Wield"],"picked":"Rage","floor":12.0},{"not_picked":["Fire Breathing","Combust","Sentinel"],"picked":"SKIP","floor":13.0},{"not_picked":["Headbutt","Disarm","Clash"],"picked":"SKIP","floor":14.0},{"not_picked":["Reaper","Fiend Fire"],"picked":"Limit Break","floor":16.0},{"not_picked":["Disarm","Corruption+1"],"picked":"Shrug It Off","floor":18.0},{"not_picked":["True Grit","Spot Weakness","Clash"],"picked":"SKIP","floor":20.0},{"not_picked":["Evolve","Rage"],"picked":"Inflame","floor":21.0},{"not_picked":["Twin Strike","Sword Boomerang"],"picked":"Shrug It Off+1","floor":25.0},{"not_picked":["Entrench+1","Ghostly Armor"],"picked":"Battle Trance","floor":27.0},{"not_picked":["Dual Wield","Heavy Blade"],"picked":"Offering","floor":29.0},{"not_picked":["Clothesline","Body Slam+1","Evolve"],"picked":"SKIP","floor":35.0},{"not_picked":["Disarm+1","Shrug It Off","Clothesline+1"],"picked":"SKIP","floor":38.0},{"not_picked":["Fire Breathing+1","Clothesline+1"],"picked":"Battle Trance+1","floor":39.0},{"not_picked":["Cleave+1","Flex+1","Bloodletting"],"picked":"SKIP","floor":41},{"not_picked":["Clash+1","Infernal Blade+1","Blood for Blood+1"],"picked":"SKIP","floor":44},{"not_picked":["Power Through+1","Sentinel+1","Hemokinesis"],"picked":"SKIP","floor":46},{"not_picked":["Corruption","Blood for Blood"],"picked":"Heavy Blade+1","floor":47},{"not_picked":["Twin Strike","Clothesline"],"picked":"Double Tap","floor":48}],"player_experience":386395,"relics_obtained":[{"floor":6.0,"key":"The Courier"},{"floor":9.0,"key":"MawBank"},{"floor":13.0,"key":"Dream Catcher"},{"floor":26.0,"key":"Red Skull"},{"floor":43,"key":"Meat on the Bone"},{"floor":44,"key":"Bottled Flame"}],"event_choices":[{"event_name":"Big Fish","player_choice":"Banana","floor":7.0,"damage_taken":0.0},{"event_name":"The Cleric","player_choice":"Leave","floor":8.0,"damage_taken":0.0},{"event_name":"Golden Idol","player_choice":"Take Wound","floor":10.0,"damage_taken":0.0},{"event_name":"Bonfire Elementals","player_choice":"CURSE","floor":19.0,"damage_taken":0.0},{"event_name":"Duplicator","player_choice":"One dupe","floor":31.0,"damage_taken":0.0},{"event_name":"FaceTrader","player_choice":"Leave","floor":37.0,"damage_taken":0.0}],"is_beta":false,"boss_relics":[{"not_picked":["White Beast Statue","Philosopher\u0027s Stone"],"picked":"Sozu"},{"not_picked":["Velvet Choker","Calling Bell"],"picked":"Tiny House"}],"items_purged_floors":[22,24,36],"is_endless":false,"potions_floor_spawned":[4,5,6,13,14,20,25,27,33,35,38,39,47,48],"ascension_level":4}