{"gold_per_floor":[218,218,228,25,44,44,62,62,62,62,51,126,155,171,171,171],"floor_reached":16,"playtime":379,"items_purged":[],"score":100,"play_id":"ece00ecc-5f74-4fa9-98a6-4d19dd6a1b8f","local_time":"20181025193729","is_ascension_mode":false,"campfire_choices":[{"data":"Shrug It Off","floor":6,"key":"SMITH"},{"data":"Evolve","floor":8,"key":"SMITH"},{"data":"Bash","floor":10,"key":"SMITH"},{"data":"Armaments","floor":15,"key":"SMITH"}],"neow_cost":"NONE","seed_source_timestamp":99118777946232,"circlet_count":0,"master_deck":["Strike_R","Strike_R","Strike_R","Strike_R","Strike_R","Defend_R","Defend_R","Defend_R","Defend_R","Bash+1","Shrug It Off+1","Evolve+1","Armaments+1","Battle Trance"],"relics":["Burning Blood","Membership Card","Potion Belt","Gremlin Horn"],"potions_floor_usage":[14],"damage_taken":[{"damage":10,"enemies":"2 Louse","floor":1,"turns":3},{"damage":8,"enemies":"Jaw Worm","floor":3,"turns":4},{"damage":6,"enemies":"Cultist","floor":5,"turns":3},{"damage":2,"enemies":"2 Fungi Beasts","floor":7,"turns":4},{"damage":36,"enemies":"Gremlin Nob","floor":13,"turns":5},{"damage":6,"enemies":"Exordium Thugs","floor":14,"turns":6},{"damage":40,"enemies":"Hexaghost","floor":16,"turns":11}],"seed_played":"-5516245470332293920","potions_obtained":[{"floor":5,"key":"SkillPotion"}],"is_trial":false,"path_per_floor":["M","?","M","$","M","R","M","R","T","R","$","?","E","M","R"],"character_chosen":"IRONCLAD","items_purchased":["Membership Card","Armaments"],"campfire_rested":0,"item_purchase_floors":[4,11],"current_hp_per_floor":[76,76,74,74,74,74,78,78,78,78,78,67,37,37,37,0],"gold":171,"neow_bonus":"HUNDRED_GOLD","is_prod":false,"is_daily":false,"chose_seed":false,"campfire_upgraded":4,"win_rate":0,"timestamp":1540485449,"path_taken":["M","?","M","$","M","R","M","R","T","R","$","?","E","M","R","BOSS"],"build_version":"2018-10-18","purchased_purges":0,"victory":false,"max_hp_per_floor":[80,80,80,80,80,80,80,80,80,80,80,80,80,80,80,80],"card_choices":[{"not_picked":["Thunderclap","Entrench","Havoc"],"picked":"SKIP","floor":1},{"not_picked":["Heavy Blade","Sever Soul","Cleave"],"picked":"SKIP","floor":3},{"not_picked":["Anger","Seeing Red"],"picked":"Shrug It Off","floor":5},{"not_picked":["Evolve","Wild Strike","Anger"],"picked":"SKIP","floor":7},{"not_picked":["Wild Strike","Anger"],"picked":"Evolve","floor":7},{"not_picked":["Whirlwind","Fire Breathing"],"picked":"Battle Trance","floor":13},{"not_picked":["Iron Wave","Fire Breathing","Dual Wield"],"picked":"SKIP","floor":14}],"player_experience":437195,"relics_obtained":[{"floor":9,"key":"Potion Belt"},{"floor":13,"key":"Gremlin Horn"}],"event_choices":[{"damage_healed":0,"gold_gain":0,"player_choice":"Leave","damage_taken":0,"max_hp_gain":0,"max_hp_loss":0,"event_name":"The Cleric","floor":2,"gold_loss":0},{"damage_healed":0,"gold_gain":75,"player_choice":"Gather Gold","damage_taken":11,"max_hp_gain":0,"max_hp_loss":0,"event_name":"World of Goop","floor":12,"gold_loss":0}],"is_beta":false,"boss_relics":[],"items_purged_floors":[],"is_endless":false,"potions_floor_spawned":[5],"killed_by":"Hexaghost","ascension_level":0}