{"gold_per_floor":[111,124,224,104,121,121,137,137,160,160,45,56,74,87,87,188,188,202,202,202,126,113,125,50,60,112,112,129,129,129,129],"floor_reached":31,"playtime":1287,"items_purged":[],"score":229,"play_id":"6217a8aa-4bde-484d-b4fa-7f29ee8c01b8","local_time":"20190520123149","is_ascension_mode":false,"campfire_choices":[{"data":"Infinite Blades","floor":6,"key":"SMITH"},{"data":"Well Laid Plans","floor":10,"key":"SMITH"},{"data":"Infinite Blades","floor":15,"key":"SMITH"},{"data":"Accuracy","floor":30,"key":"SMITH"}],"neow_cost":"NONE","seed_source_timestamp":3538760068800,"circlet_count":0,"master_deck":["Defend_G+1","Defend_G","Defend_G","Defend_G","Defend_G","Strike_G","Strike_G","Strike_G","Strike_G","Survivor+1","Neutralize","Backflip","Dodge and Roll","Infinite Blades+1","Cloak And Dagger","Well Laid Plans+1","Deflect","Infinite Blades+1","Blur","Deadly Poison","Bullet Time","Deflect","Infinite Blades+1","Accuracy+1","Accuracy+1","Footwork+1","Well Laid Plans"],"relics":["Ring of the Snake","War Paint","HoveringKite","Juzu Bracelet","MutagenicStrength"],"potions_floor_usage":[7],"damage_taken":[{"damage":1,"enemies":"Jaw Worm","floor":1,"turns":7},{"damage":4,"enemies":"Cultist","floor":2,"turns":4},{"damage":1,"enemies":"2 Louse","floor":5,"turns":3},{"damage":2,"enemies":"Lots of Slimes","floor":7,"turns":5},{"damage":0,"enemies":"2 Fungi Beasts","floor":12,"turns":5},{"damage":0,"enemies":"Large Slime","floor":13,"turns":7},{"damage":6,"enemies":"3 Louse","floor":14,"turns":4},{"damage":4,"enemies":"Hexaghost","floor":16,"turns":13},{"damage":11,"enemies":"Shell Parasite","floor":18,"turns":12},{"damage":15,"enemies":"2 Thieves","floor":22,"turns":4},{"damage":19,"enemies":"Snecko","floor":23,"turns":7},{"damage":4,"enemies":"Shelled Parasite and Fungi","floor":25,"turns":7},{"damage":15,"enemies":"3 Cultists","floor":28,"turns":6},{"damage":15,"enemies":"Snake Plant","floor":31,"turns":3}],"seed_played":"2489914327726405699","potions_obtained":[{"floor":2,"key":"Energy Potion"},{"floor":5,"key":"FearPotion"},{"floor":8,"key":"PowerPotion"},{"floor":8,"key":"Ancient Potion"}],"is_trial":false,"path_per_floor":["M","M","?","$","M","R","M","?","T","R","$","M","M","M","R","B",null,"M","?","?","$","M","M","?","M","T","?","M","?","R","M"],"character_chosen":"THE_SILENT","items_purchased":["Infinite Blades","Cloak And Dagger","Infinite Blades","Blur","Accuracy"],"campfire_rested":0,"item_purchase_floors":[4,4,11,11,21],"current_hp_per_floor":[76,72,72,72,71,71,69,69,69,69,69,69,69,63,63,59,77,66,66,66,66,51,32,32,28,28,28,13,13,13,0],"gold":129,"neow_bonus":"TEN_PERCENT_HP_BONUS","is_prod":false,"is_daily":false,"chose_seed":false,"campfire_upgraded":4,"win_rate":0,"timestamp":1558344709,"path_taken":["M","M","?","$","M","R","?","?","T","R","$","M","M","?","R","BOSS","M","?","?","$","?","M","?","M","T","?","M","?","R","M"],"build_version":"2019-01-23","purchased_purges":0,"victory":false,"max_hp_per_floor":[77,77,77,77,77,77,77,77,77,77,77,77,77,77,77,77,77,77,77,77,77,77,77,77,77,77,77,77,77,77,77],"card_choices":[{"not_picked":["Accuracy","Dagger Throw"],"picked":"Backflip","floor":1},{"not_picked":["Flying Knee","Dash"],"picked":"Dodge and Roll","floor":2},{"not_picked":["Acrobatics","PiercingWail"],"picked":"Well Laid Plans","floor":5},{"not_picked":["PiercingWail","Choke"],"picked":"Deflect","floor":7},{"not_picked":["Unload","Prepared","Backflip"],"picked":"SKIP","floor":12},{"not_picked":["Dagger Spray","Dodge and Roll"],"picked":"Deadly Poison","floor":13},{"not_picked":["Dagger Throw","Dagger Spray","Venomology"],"picked":"SKIP","floor":14},{"not_picked":["Wraith Form v2","Malaise"],"picked":"Bullet Time","floor":16},{"not_picked":["Poisoned Stab+1","Prepared"],"picked":"Deflect","floor":18},{"not_picked":["Backflip","Flying Knee"],"picked":"Accuracy+1","floor":22},{"not_picked":["Flechettes","Flying Knee"],"picked":"Footwork+1","floor":23},{"not_picked":["Predator","Quick Slash+1"],"picked":"Well Laid Plans","floor":25},{"not_picked":["Dodge and Roll","Underhanded Strike","Bane"],"picked":"SKIP","floor":28}],"player_experience":601126,"relics_obtained":[{"floor":9,"key":"War Paint"},{"floor":26,"key":"Juzu Bracelet"}],"event_choices":[{"damage_healed":0,"gold_gain":100,"player_choice":"Pray","damage_taken":0,"max_hp_gain":0,"max_hp_loss":0,"event_name":"Golden Shrine","floor":3,"gold_loss":0},{"damage_healed":0,"gold_gain":0,"player_choice":"Got Potions","damage_taken":0,"max_hp_gain":0,"max_hp_loss":0,"event_name":"Lab","floor":8,"gold_loss":0},{"damage_healed":0,"gold_gain":0,"player_choice":"Ignored","damage_taken":0,"max_hp_gain":0,"max_hp_loss":0,"event_name":"Ghosts","floor":19,"gold_loss":0},{"damage_healed":0,"gold_gain":0,"player_choice":"Copied","damage_taken":0,"max_hp_gain":0,"max_hp_loss":0,"event_name":"Duplicator","floor":20,"gold_loss":0,"cards_obtained":["Infinite Blades"]},{"cards_removed":["Strike_G"],"damage_healed":0,"gold_gain":0,"player_choice":"Gave Gold","damage_taken":0,"max_hp_gain":0,"max_hp_loss":0,"event_name":"Beggar","floor":24,"gold_loss":75},{"damage_healed":0,"gold_gain":0,"player_choice":"Inject Mutagens","damage_taken":0,"relics_obtained":["MutagenicStrength"],"max_hp_gain":0,"max_hp_loss":0,"event_name":"Drug Dealer","floor":27,"gold_loss":0},{"damage_healed":0,"gold_gain":0,"player_choice":"Ignored","damage_taken":0,"max_hp_gain":0,"max_hp_loss":0,"event_name":"Vampires","floor":29,"gold_loss":0}],"is_beta":false,"boss_relics":[{"not_picked":["Philosopher\u0027s Stone","Snecko Eye"],"picked":"HoveringKite"}],"items_purged_floors":[],"is_endless":false,"potions_floor_spawned":[2,5,13,16,25,28],"killed_by":"Snake Plant","ascension_level":0}