{"gold_per_floor":[113,126,126,126,138,138,126,126,126,91,121,121,34,49,49,149,149,166,166,179,179,196,196,223,237,237,237,237,248,348,288,288,385,385,402,400,400,414,434,465,480,480,505,505,505,524,46,62,62,62],"floor_reached":51,"playtime":1462,"items_purged":["Strike_R","Strike_R","Strike_R","Strike_R","Strike_R","Bash","Defend_R","Defend_R","Defend_R+1","Defend_R+1","Ghostly Armor+1"],"score":995,"play_id":"c0d6c0ab-eb31-49d1-aa51-568e49a011ad","local_time":"20190711091423","is_ascension_mode":false,"campfire_choices":[{"data":"Battle Trance","floor":6.0,"key":"SMITH"},{"data":"Ghostly Armor","floor":8.0,"key":"SMITH"},{"data":"Good Instincts","floor":15.0,"key":"SMITH"},{"data":"Body Slam","floor":23.0,"key":"SMITH"},{"data":"Defend_R","floor":27.0,"key":"SMITH"},{"data":"Evolve","floor":32.0,"key":"SMITH"},{"data":"Juggernaut","floor":42,"key":"SMITH"},{"data":"Metallicize","floor":44,"key":"SMITH"},{"floor":49,"key":"REST"}],"neow_cost":"NONE","seed_source_timestamp":32520418368500,"circlet_count":0,"master_deck":["Battle Trance+1","Body Slam+1","Metallicize+1","Good Instincts+1","Evolve+1","Body Slam+1","Shrug It Off+1","Shrug It Off+1","Shrug It Off+1","Juggernaut+1"],"special_seed":0,"relics":["Burning Blood","Blue Candle","Matryoshka","Runic Pyramid","Pantograph","Mercury Hourglass","Turnip","Mango","Toxic Egg 2","Lizard Tail","The Courier","Orichalcum","Ancient Tea Set","Dream Catcher","Art of War","Red Skull","Juzu Bracelet"],"potions_floor_usage":[50],"damage_taken":[{"damage":6.0,"enemies":"Small Slimes","floor":1.0,"turns":4.0},{"damage":2.0,"enemies":"Jaw Worm","floor":2.0,"turns":4.0},{"damage":6.0,"enemies":"Cultist","floor":5.0,"turns":3.0},{"damage":0.0,"enemies":"Lagavulin","floor":11.0,"turns":7.0},{"damage":0.0,"enemies":"Red Slaver","floor":14.0,"turns":3.0},{"damage":0.0,"enemies":"The Guardian","floor":16.0,"turns":11.0},{"damage":0.0,"enemies":"2 Thieves","floor":18.0,"turns":4.0},{"damage":0.0,"enemies":"Chosen","floor":20.0,"turns":4.0},{"damage":5.0,"enemies":"Snake Plant","floor":22.0,"turns":3.0},{"damage":0.0,"enemies":"Gremlin Leader","floor":24.0,"turns":5.0},{"damage":0.0,"enemies":"Snecko","floor":25.0,"turns":8.0},{"damage":0.0,"enemies":"Shelled Parasite and Fungi","floor":29.0,"turns":3.0},{"damage":0.0,"enemies":"Colosseum Slavers","floor":30.0,"turns":3.0},{"damage":0.0,"enemies":"Colosseum Nobs","floor":30.0,"turns":3.0},{"damage":0.0,"enemies":"Champ","floor":33.0,"turns":5.0},{"damage":0.0,"enemies":"3 Darklings","floor":35.0,"turns":3.0},{"damage":0.0,"enemies":"3 Shapes","floor":38.0,"turns":2.0},{"damage":0,"enemies":"Maw","floor":39,"turns":4},{"damage":0,"enemies":"Giant Head","floor":40,"turns":3},{"damage":0,"enemies":"Writhing Mass","floor":41,"turns":3},{"damage":0,"enemies":"3 Darklings","floor":46,"turns":2},{"damage":0,"enemies":"Sphere and 2 Shapes","floor":48,"turns":3},{"damage":0,"enemies":"Awakened One","floor":50,"turns":5}],"seed_played":"339208847013501239","potions_obtained":[{"floor":1.0,"key":"Regen Potion"},{"floor":16.0,"key":"FearPotion"},{"floor":18.0,"key":"Block Potion"},{"floor":30.0,"key":"Explosive Potion"},{"floor":38.0,"key":"Poison Potion"}],"is_trial":false,"path_per_floor":["M","M","?","?","M","R","$","R","T","$","E","?","$","M","R","B",null,"M","$","M","?","M","R","E","M","T","R","?","M","?","$","R","B",null,"M","$","?","M","M","E","M","R","T","R","?","M","$","M","R","B",null],"character_chosen":"IRONCLAD","items_purchased":["Metallicize","Good Instincts","Shrug It Off+1","Dream Catcher","Art of War","Red Skull","Juzu Bracelet"],"campfire_rested":1,"item_purchase_floors":[10,13,31,47,47,47,47],"current_hp_per_floor":[80,80,80,80,80,80,80,80,80,80,80,80,80,80,80,80,80,80,80,80,72,73,73,79,80,80,80,65,71,97,97,97,99,99,99,99,94,94,94,94,94,94,94,94,94,94,94,94,94,94],"gold":62,"neow_bonus":"UPGRADE_CARD","is_prod":false,"is_daily":false,"chose_seed":false,"campfire_upgraded":8,"win_rate":0,"timestamp":1562825663,"path_taken":["M","M","?","?","M","R","$","R","T","$","E","?","$","M","R","BOSS","M","$","M","?","?","R","E","M","T","R","?","M","?","$","R","BOSS","M","$","?","M","M","E","M","R","T","R","?","?","$","M","R","BOSS"],"build_version":"2019-07-05","purchased_purges":11,"victory":true,"max_hp_per_floor":[80,80,80,80,80,80,80,80,80,80,80,80,80,80,80,80,80,80,80,80,80,80,80,80,80,80,80,85,85,99,99,99,99,99,99,99,94,94,94,94,94,94,94,94,94,94,94,94,94,94],"card_choices":[{"not_picked":["Armaments","Headbutt"],"picked":"Battle Trance","floor":1.0},{"not_picked":["Iron Wave","Warcry"],"picked":"Body Slam","floor":2.0},{"not_picked":["Headbutt","Pummel"],"picked":"Ghostly Armor","floor":5.0},{"not_picked":["Sentinel","Cleave","Headbutt"],"picked":"SKIP","floor":11.0},{"not_picked":["Ghostly Armor","Havoc","Clash"],"picked":"SKIP","floor":14.0},{"not_picked":["Armaments","Ghostly Armor"],"picked":"Evolve","floor":18.0},{"not_picked":["Intimidate","Heavy Blade"],"picked":"Body Slam","floor":20.0},{"not_picked":["Anger+1","Hemokinesis","Armaments"],"picked":"SKIP","floor":22.0},{"not_picked":["Battle Trance","Fiend Fire","Rage"],"picked":"SKIP","floor":24.0},{"not_picked":["Perfected Strike","Whirlwind","Fire Breathing+1"],"picked":"SKIP","floor":25.0},{"not_picked":["Thunderclap","Burning Pact+1"],"picked":"Shrug It Off+1","floor":29.0},{"not_picked":["Cleave","Wild Strike"],"picked":"Shrug It Off","floor":30.0},{"not_picked":["Armaments+1","Heavy Blade+1","Sever Soul"],"picked":"SKIP","floor":35.0},{"not_picked":["Sword Boomerang","True Grit+1"],"picked":"Juggernaut","floor":38.0},{"not_picked":["Seeing Red+1","Iron Wave","Rampage"],"picked":"SKIP","floor":39},{"not_picked":["Twin Strike+1","Sentinel+1","Second Wind+1"],"picked":"SKIP","floor":40},{"not_picked":["Headbutt","Whirlwind+1","Perfected Strike+1"],"picked":"SKIP","floor":41},{"not_picked":["Flex+1","Armaments+1","Pummel+1"],"picked":"SKIP","floor":46},{"not_picked":["Shrug It Off+1","Corruption","Rage+1"],"picked":"SKIP","floor":48}],"player_experience":695677,"relics_obtained":[{"floor":9.0,"key":"Blue Candle"},{"floor":11.0,"key":"Matryoshka"},{"floor":24.0,"key":"Pantograph"},{"floor":26.0,"key":"Mercury Hourglass"},{"floor":26.0,"key":"Turnip"},{"floor":30.0,"key":"Mango"},{"floor":30.0,"key":"Toxic Egg 2"},{"floor":40,"key":"The Courier"},{"floor":43,"key":"Orichalcum"},{"floor":43,"key":"Ancient Tea Set"}],"event_choices":[{"damage_healed":0.0,"max_hp_gain":0.0,"max_hp_loss":0.0,"gold_gain":0.0,"event_name":"Living Wall","player_choice":"Grow","floor":3.0,"gold_loss":0.0,"damage_taken":0.0,"cards_upgraded":["Body Slam"]},{"damage_healed":0.0,"max_hp_gain":0.0,"max_hp_loss":0.0,"gold_gain":0.0,"event_name":"The Cleric","player_choice":"Leave","floor":4.0,"gold_loss":0.0,"damage_taken":0.0},{"damage_healed":0.0,"max_hp_gain":0.0,"max_hp_loss":0.0,"gold_gain":0.0,"event_name":"Purifier","player_choice":"Ignored","floor":12.0,"gold_loss":0.0,"damage_taken":0.0},{"damage_healed":0.0,"max_hp_gain":0.0,"max_hp_loss":0.0,"gold_gain":0.0,"event_name":"Knowing Skull","player_choice":"","floor":21.0,"potions_obtained":[],"gold_loss":0.0,"damage_taken":8.0,"cards_obtained":[]},{"damage_healed":0.0,"max_hp_gain":5.0,"max_hp_loss":0.0,"gold_gain":0.0,"event_name":"Forgotten Altar","player_choice":"Shed Blood","floor":28.0,"gold_loss":0.0,"damage_taken":20.0},{"damage_healed":0.0,"max_hp_gain":0.0,"max_hp_loss":0.0,"gold_gain":0.0,"event_name":"Colosseum","player_choice":"Fight","floor":30.0,"gold_loss":0.0,"damage_taken":0.0},{"damage_healed":0.0,"max_hp_gain":0.0,"max_hp_loss":0.0,"gold_gain":0.0,"event_name":"Colosseum","player_choice":"Fought Nobs","floor":30.0,"gold_loss":0.0,"damage_taken":0.0},{"damage_healed":0.0,"max_hp_gain":0.0,"max_hp_loss":5.0,"gold_gain":0.0,"event_name":"Winding Halls","player_choice":"Max HP","floor":37.0,"gold_loss":0.0,"damage_taken":0.0},{"damage_healed":0,"gold_gain":0,"player_choice":"Ignored","damage_taken":0,"max_hp_gain":0,"max_hp_loss":0,"event_name":"Tomb of Lord Red Mask","floor":45,"gold_loss":0}],"is_beta":false,"boss_relics":[{"not_picked":["Coffee Dripper","Black Star"],"picked":"Runic Pyramid"},{"not_picked":["Astrolabe","Runic Dome"],"picked":"Lizard Tail"}],"items_purged_floors":[7,7,7,7,7,7,31,31,31,31,36],"is_endless":false,"potions_floor_spawned":[1,16,18,22,30,38,39,41],"ascension_level":0}