{"gold_per_floor":[18,18,18,18,18,37,37,64,64,82,13,13,38,38,38,141,141,152,78,88,100,25,25,44,63,119,119,119,137,137,137,137,137],"floor_reached":33,"playtime":622,"items_purged":["Strike_R"],"score":328,"play_id":"5246befd-1700-412b-b0e1-7be108661404","local_time":"20190707172557","is_ascension_mode":false,"campfire_choices":[{"data":"Thunderclap","floor":7.0,"key":"SMITH"},{"data":"Whirlwind","floor":12.0,"key":"SMITH"},{"data":"Dropkick","floor":15.0,"key":"SMITH"},{"data":"Defend_R","floor":23.0,"key":"SMITH"},{"data":"Defend_R","floor":28,"key":"SMITH"},{"floor":30,"key":"REST"},{"data":"Defend_R","floor":32,"key":"SMITH"}],"neow_cost":"NO_GOLD","seed_source_timestamp":62735062584100,"circlet_count":0,"master_deck":["Strike_R","Strike_R","Strike_R","Strike_R","Defend_R+1","Defend_R","Defend_R+1","Defend_R+1","Bash+1","Dropkick+1","Thunderclap+1","Cleave","Battle Trance+1","Whirlwind+1","Double Tap+1","Double Tap+1","Dropkick","Dropkick+1","Dropkick","Writhe"],"special_seed":0,"relics":["Black Blood","Prayer Wheel","Du-Vu Doll","Toxic Egg 2","Bottled Flame","Vajra","Blood Vial","Tiny Chest","Oddly Smooth Stone"],"potions_floor_usage":[33,33],"damage_taken":[{"damage":3.0,"enemies":"Jaw Worm","floor":1.0,"turns":4.0},{"damage":3.0,"enemies":"Small Slimes","floor":6.0,"turns":2.0},{"damage":27.0,"enemies":"Gremlin Nob","floor":8.0,"turns":4.0},{"damage":7.0,"enemies":"2 Louse","floor":10.0,"turns":2.0},{"damage":18.0,"enemies":"3 Sentries","floor":13.0,"turns":3.0},{"damage":0.0,"enemies":"Slime Boss","floor":16.0,"turns":4.0},{"damage":10.0,"enemies":"Chosen","floor":18.0,"turns":3.0},{"damage":0.0,"enemies":"3 Byrds","floor":20.0,"turns":2.0},{"damage":37.0,"enemies":"Snake Plant","floor":21.0,"turns":3.0},{"damage":40,"enemies":"Shelled Parasite and Fungi","floor":24,"turns":5},{"damage":26,"enemies":"Chosen and Byrds","floor":25,"turns":5},{"damage":10,"enemies":"Sentry and Sphere","floor":29,"turns":3},{"damage":34,"enemies":"Collector","floor":33,"turns":6}],"seed_played":"-6843352069000042770","potions_obtained":[{"floor":8.0,"key":"Dexterity Potion"},{"floor":10.0,"key":"SteroidPotion"},{"floor":24,"key":"EssenceOfSteel"},{"floor":25,"key":"LiquidBronze"}],"is_trial":false,"path_per_floor":["M","?","?","?","$","M","R","E","T","M","$","R","E","?","R","B",null,"M","$","M","M","$","R","M","M","T","?","R","M","R","?","R","B"],"character_chosen":"IRONCLAD","items_purchased":["Whirlwind","Dropkick"],"campfire_rested":1,"item_purchase_floors":[11,19],"current_hp_per_floor":[80,80,80,80,80,80,80,59,59,58,58,58,46,46,46,54,80,80,80,80,53,53,53,25,11,11,11,11,13,37,37,37,5],"gold":137,"neow_bonus":"ONE_RARE_RELIC","is_prod":false,"is_daily":false,"chose_seed":false,"campfire_upgraded":6,"win_rate":0,"timestamp":1562509557,"path_taken":["M","?","?","?","$","M","R","E","T","?","$","R","E","?","R","BOSS","M","$","M","M","$","R","?","M","T","?","R","M","R","?","R","BOSS"],"build_version":"2019-07-05","purchased_purges":1,"victory":false,"max_hp_per_floor":[80,80,80,80,80,80,80,80,80,80,80,80,80,80,80,80,80,80,80,80,80,80,80,80,80,80,80,80,80,80,80,80,80],"card_choices":[{"not_picked":["Body Slam","Thunderclap"],"picked":"Dropkick","floor":1.0},{"not_picked":["Bloodletting","Clothesline"],"picked":"Thunderclap","floor":1.0},{"not_picked":["Twin Strike","Armaments"],"picked":"Cleave","floor":6.0},{"not_picked":["Intimidate","Anger","Heavy Blade"],"picked":"SKIP","floor":6.0},{"not_picked":["Flex","Iron Wave","Body Slam"],"picked":"SKIP","floor":8.0},{"not_picked":["Fire Breathing","Havoc+1"],"picked":"Battle Trance+1","floor":10.0},{"not_picked":["Wild Strike","Flame Barrier+1","Sword Boomerang"],"picked":"SKIP","floor":10.0},{"not_picked":["Rage+1","Headbutt"],"picked":"Double Tap+1","floor":13.0},{"not_picked":["Barricade","Bludgeon"],"picked":"Double Tap+1","floor":16.0},{"not_picked":["Wild Strike+1","Blood for Blood","Havoc+1"],"picked":"SKIP","floor":18.0},{"not_picked":["Anger","Thunderclap","Cleave"],"picked":"SKIP","floor":18.0},{"not_picked":["Perfected Strike","Evolve"],"picked":"Dropkick+1","floor":20.0},{"not_picked":["Iron Wave+1","Anger","True Grit+1"],"picked":"SKIP","floor":20.0},{"not_picked":["Shockwave+1","Havoc+1","Juggernaut"],"picked":"SKIP","floor":21.0},{"not_picked":["Perfected Strike","Anger","Headbutt"],"picked":"SKIP","floor":21.0},{"not_picked":["Rupture+1","Ghostly Armor+1","Headbutt"],"picked":"SKIP","floor":24},{"not_picked":["Clash+1","Iron Wave+1","Carnage"],"picked":"SKIP","floor":24},{"not_picked":["Iron Wave","Shrug It Off+1"],"picked":"Dropkick","floor":25},{"not_picked":["Armaments+1","Thunderclap","Sword Boomerang+1"],"picked":"SKIP","floor":25},{"not_picked":["Clothesline","Bloodletting+1","Sword Boomerang+1"],"picked":"SKIP","floor":29},{"not_picked":["Perfected Strike","Second Wind+1","Twin Strike+1"],"picked":"SKIP","floor":29}],"player_experience":679297,"relics_obtained":[{"floor":8.0,"key":"Toxic Egg 2"},{"floor":9.0,"key":"Bottled Flame"},{"floor":13.0,"key":"Vajra"},{"floor":26,"key":"Tiny Chest"}],"event_choices":[{"damage_healed":0.0,"max_hp_gain":0.0,"max_hp_loss":0.0,"gold_gain":0.0,"event_name":"Living Wall","player_choice":"Grow","floor":2.0,"gold_loss":0.0,"damage_taken":0.0,"cards_upgraded":["Bash"]},{"damage_healed":0.0,"max_hp_gain":0.0,"max_hp_loss":0.0,"gold_gain":0.0,"event_name":"Big Fish","player_choice":"Box","floor":3.0,"gold_loss":0.0,"damage_taken":0.0,"relics_obtained":["Du-Vu Doll"],"cards_obtained":["Regret"]},{"cards_removed":["Regret"],"damage_healed":0.0,"max_hp_gain":0.0,"max_hp_loss":0.0,"gold_gain":0.0,"event_name":"Purifier","player_choice":"Purged","floor":4.0,"gold_loss":0.0,"damage_taken":0.0},{"damage_healed":0.0,"max_hp_gain":0.0,"max_hp_loss":0.0,"gold_gain":0.0,"event_name":"WeMeetAgain","player_choice":"Gave Potion","floor":14.0,"gold_loss":0.0,"damage_taken":0.0,"relics_obtained":["Blood Vial"]},{"damage_healed":0,"gold_gain":0,"player_choice":"Opened","damage_taken":0,"relics_obtained":["Oddly Smooth Stone"],"max_hp_gain":0,"max_hp_loss":0,"event_name":"The Mausoleum","floor":27,"gold_loss":0,"cards_obtained":["Writhe"]},{"damage_healed":0,"gold_gain":0,"player_choice":"Ignored","damage_taken":0,"max_hp_gain":0,"max_hp_loss":0,"event_name":"Cursed Tome","floor":31,"gold_loss":0}],"is_beta":false,"boss_relics":[{"not_picked":["Pandora\u0027s Box","Tiny House"],"picked":"Black Blood"}],"items_purged_floors":[22],"is_endless":false,"potions_floor_spawned":[8,10,24,25],"killed_by":"Collector","ascension_level":0}