{"path_per_floor":["M","M","?","?","M","R","M","?","T","?","M","R","T","M","R","B",null,"M","M","$","T"],"character_chosen":"IRONCLAD","items_purchased":[],"gold_per_floor":[15,27,27,27,37,37,54,54,79,79,98,98,123,133,133,235,235,248,264,189,216],"floor_reached":22,"campfire_rested":0,"playtime":1581,"current_hp_per_floor":[78,80,80,80,80,80,80,80,87,87,87,87,87,87,87,76,87,87,64,64,64],"items_purged":["Strike_R"],"gold":216,"play_id":"2c4b78c3-0b5e-48cc-9e1b-eefdae09c43f","is_prod":false,"is_daily":false,"is_ascension_mode":false,"campfire_upgraded":3,"path_taken":["M","?","?","?","M","R","M","?","T","?","?","R","?","M","R","BOSS","M","?","$","?","M"],"build_version":"2018-02-01-BETA1","purchased_purges":1,"victory":false,"master_deck":["Strike_R","Strike_R","Defend_R+1","Defend_R","Defend_R+1","Bash","Shrug It Off+1","Barricade+1","Whirlwind+1","Iron Wave+1","Brutality","Armaments"],"max_hp_per_floor":[80,80,80,80,80,80,80,80,87,87,87,87,87,87,87,87,87,87,87,87,87],"relics":["Burning Blood","Strawberry","War Paint","Question Card","Singing Bowl"],"card_choices":[{"not_picked":["Headbutt","Cleave"],"picked":"Shrug It Off"},{"not_picked":["Headbutt","Sword Boomerang"],"picked":"Barricade"},{"not_picked":["Spot Weakness","Twin Strike"],"picked":"Whirlwind"},{"not_picked":["Rupture","Wild Strike"],"picked":"Iron Wave"},{"not_picked":["Double Tap","Fiend Fire"],"picked":"Brutality"},{"not_picked":["True Grit","Burning Pact","Rage"],"picked":"Armaments"}],"player_experience":199435,"potions_floor_usage":[16,16,18],"damage_taken":[{"damage":8,"enemies":"Blue Slaver","floor":1,"turns":6},{"damage":4,"enemies":"Jaw Worm","floor":2,"turns":6},{"damage":4,"enemies":"Small Slimes","floor":5,"turns":4},{"damage":4,"enemies":"2 Fungi Beasts","floor":7,"turns":5},{"damage":0,"enemies":"Lots of Slimes","floor":11,"turns":1},{"damage":4,"enemies":"Large Slime","floor":14,"turns":7},{"damage":17,"enemies":"Slime Boss","floor":16,"turns":12},{"damage":19,"enemies":"Spheric Guardian","floor":18,"turns":14},{"damage":29,"enemies":"2 Thieves","floor":19,"turns":4},{"damage":65,"enemies":"3 Cultists","floor":22,"turns":6}],"event_choices":[{"event_name":"Liars Game","player_choice":"disagreed","floor":3,"damage_taken":0},{"event_name":"Purifier","player_choice":"One Purge","floor":4,"damage_taken":0},{"event_name":"Dead Adventurer","player_choice":"Searched \u00270\u0027 times","floor":8,"damage_taken":0},{"event_name":"Upgrade Shrine","player_choice":"Upgraded","floor":10,"damage_taken":0}],"boss_relics":[{"not_picked":["Runic Dome","Snecko Eye"],"picked":"Question Card"}],"potions_floor_spawned":[1,5,7],"seed_played":"-2382971151171490421","killed_by":"3 Cultists","ascension_level":0,"is_trial":false}