{"gold_per_floor":[117,130,130,144,160,45,45,65,111,28,28,28,28,43,43,146,146,158,23,36,56,72,105,63,89,146,159,188,207,207,232,232,332,332,348,367,379,689,4,35,35,52,78,47,47,62,62,20,20,20],"floor_reached":51,"playtime":2949,"items_purged":["Heel Hook"],"score":1101,"play_id":"0a5b7623-7029-4855-a65f-a1b4948eab93","local_time":"20190710055301","daily_mods":["Draft","Vintage","Allstar"],"is_ascension_mode":false,"campfire_choices":[{"data":"Footwork","floor":7.0,"key":"SMITH"},{"data":"Blur","floor":13,"key":"SMITH"},{"data":"Catalyst","floor":15,"key":"SMITH"},{"data":"After Image","floor":30,"key":"SMITH"},{"data":"Noxious Fumes","floor":32,"key":"SMITH"},{"data":"Backflip","floor":41,"key":"SMITH"},{"data":"Footwork","floor":45,"key":"SMITH"},{"data":"Footwork","floor":47,"key":"SMITH"},{"floor":49,"key":"REST"}],"neow_cost":"","seed_source_timestamp":32264519076878,"circlet_count":0,"master_deck":["Poisoned Stab+1","Dagger Spray","PiercingWail+1","Noxious Fumes+1","Quick Slash","Catalyst+1","Heel Hook","Deflect+1","Cloak And Dagger","Escape Plan","Deadly Poison","Blur+1","Footwork+1","Slice","Backflip+1","Dodge and Roll","Deflect","Noxious Fumes","Escape Plan+1","Corpse Explosion+1","Swift Strike","Sucker Punch+1","Cloak And Dagger+1","Catalyst+1","After Image+1","Cloak And Dagger+1","Adrenaline+1","Noxious Fumes","Noxious Fumes","Well Laid Plans","Footwork+1","Accuracy","Footwork+1","Caltrops","Infinite Blades","Deflect+1","Caltrops","Backflip+1","Poisoned Stab+1"],"special_seed":0,"relics":["Ring of the Snake","Dodecahedron","Vajra","The Courier","Blue Candle","Kunai","Dream Catcher","Toxic Egg 2","Anchor","Black Star","Nunchaku","Potion Belt","Molten Egg 2","Ancient Tea Set","Snake Skull","Bag of Preparation","Strawberry","PreservedInsect","Tiny Chest","Boot","Bronze Scales","Pear","Omamori","Smiling Mask","Shuriken","Busted Crown","Mummified Hand","WingedGreaves","Darkstone Periapt","Old Coin","ClockworkSouvenir","Centennial Puzzle","War Paint","Regal Pillow","MawBank","Orichalcum"],"potions_floor_usage":[8,23,23,50,50,50],"damage_taken":[{"damage":0.0,"enemies":"Jaw Worm","floor":1.0,"turns":4.0},{"damage":0.0,"enemies":"Small Slimes","floor":2.0,"turns":2.0},{"damage":0.0,"enemies":"Cultist","floor":4.0,"turns":3.0},{"damage":0.0,"enemies":"Lots of Slimes","floor":5.0,"turns":3.0},{"damage":0,"enemies":"Large Slime","floor":8,"turns":3},{"damage":0,"enemies":"Blue Slaver","floor":14,"turns":5},{"damage":0,"enemies":"Hexaghost","floor":16,"turns":7},{"damage":0,"enemies":"Chosen","floor":18,"turns":3},{"damage":0,"enemies":"3 Byrds","floor":20,"turns":2},{"damage":0,"enemies":"Snecko","floor":21,"turns":3},{"damage":0,"enemies":"Centurion and Healer","floor":22,"turns":4},{"damage":0,"enemies":"Gremlin Leader","floor":23,"turns":5},{"damage":0,"enemies":"Slavers","floor":25,"turns":3},{"damage":0,"enemies":"Snake Plant","floor":27,"turns":3},{"damage":0,"enemies":"Book of Stabbing","floor":28,"turns":2},{"damage":0,"enemies":"Snecko","floor":29,"turns":4},{"damage":0,"enemies":"Gremlin Leader","floor":31,"turns":3},{"damage":0,"enemies":"Automaton","floor":33,"turns":5},{"damage":0,"enemies":"Orb Walker","floor":35,"turns":2},{"damage":0,"enemies":"3 Darklings","floor":36,"turns":2},{"damage":0,"enemies":"Spire Growth","floor":37,"turns":3},{"damage":0,"enemies":"Jaw Worm Horde","floor":38,"turns":1},{"damage":30,"enemies":"Nemesis","floor":40,"turns":5},{"damage":0,"enemies":"3 Darklings","floor":42,"turns":2},{"damage":0,"enemies":"Sphere and 2 Shapes","floor":46,"turns":4},{"damage":1,"enemies":"Time Eater","floor":50,"turns":8}],"seed_played":"-3430043843513766966","potions_obtained":[{"floor":2.0,"key":"Energy Potion"},{"floor":4.0,"key":"Ancient Potion"},{"floor":5.0,"key":"FearPotion"},{"floor":14,"key":"Block Potion"},{"floor":21,"key":"SteroidPotion"},{"floor":22,"key":"Weak Potion"},{"floor":28,"key":"Explosive Potion"},{"floor":36,"key":"PowerPotion"},{"floor":38,"key":"Dexterity Potion"}],"is_trial":true,"path_per_floor":["M","M","?","M","M","$","R","M","T","$","?","T","R","M","R","B",null,"M","$","M","M","M","E","$","E","T","M","E","M","R","E","R","B",null,"M","M","M","M","$","E","R","M","T","$","R","M","R","$","R","B",null],"character_chosen":"THE_SILENT","items_purchased":["Backflip","Dodge and Roll","Deflect","Noxious Fumes","Escape Plan","Swift Strike","Cloak And Dagger+1","ClockworkSouvenir","Noxious Fumes","Noxious Fumes","Well Laid Plans","Footwork","Accuracy","Footwork","Caltrops","Infinite Blades","Deflect+1","Backflip+1","AttackPotion"],"campfire_rested":1,"item_purchase_floors":[6,6,6,10,10,19,24,39,39,39,39,39,39,39,39,39,39,44,48],"current_hp_per_floor":[70,70,70,70,70,70,70,70,70,70,56,56,56,56,56,56,70,70,70,70,70,70,70,70,77,77,77,87,87,87,87,87,87,87,87,87,87,87,87,57,57,57,57,57,57,57,57,57,87,86],"gold":20,"neow_bonus":"","is_prod":false,"is_daily":false,"chose_seed":false,"campfire_upgraded":8,"win_rate":0,"timestamp":1562730781,"path_taken":["M","M","?","M","M","$","R","M","T","$","?","?","R","M","R","BOSS","M","$","M","M","M","E","?","E","T","M","E","M","R","E","R","BOSS","M","M","M","M","$","E","R","M","T","?","R","M","R","$","R","BOSS"],"build_version":"2019-07-05","purchased_purges":1,"victory":true,"max_hp_per_floor":[70,70,70,70,70,70,70,70,70,70,70,70,70,70,70,70,70,70,70,70,70,70,70,70,77,77,77,87,87,87,87,87,87,87,87,87,87,87,87,87,87,87,87,87,87,87,87,87,87,87],"card_choices":[{"not_picked":["Quick Slash","Prepared"],"picked":"Poisoned Stab","floor":0.0},{"not_picked":["Crippling Poison","Terror"],"picked":"Dagger Spray","floor":0.0},{"not_picked":["Prepared","Concentrate"],"picked":"Heel Hook","floor":0.0},{"not_picked":["Acrobatics","Bane"],"picked":"PiercingWail","floor":0.0},{"not_picked":["Skewer","Deadly Poison"],"picked":"Noxious Fumes","floor":0.0},{"not_picked":["Dagger Spray","Dagger Throw"],"picked":"Quick Slash","floor":0.0},{"not_picked":["Quick Slash","Dagger Throw"],"picked":"Catalyst","floor":0.0},{"not_picked":["Dagger Throw","Underhanded Strike"],"picked":"Heel Hook","floor":0.0},{"not_picked":["Expertise","Sucker Punch"],"picked":"Deflect","floor":0.0},{"not_picked":["Eviscerate","Tactician"],"picked":"Cloak And Dagger","floor":0.0},{"not_picked":["Dagger Throw","Flechettes"],"picked":"Escape Plan","floor":0.0},{"not_picked":["Riddle With Holes","Catalyst"],"picked":"Deadly Poison","floor":0.0},{"not_picked":["Slice","Choke"],"picked":"Blur","floor":0.0},{"not_picked":["Blade Dance","Dagger Throw"],"picked":"Footwork","floor":0.0},{"not_picked":["Terror","Accuracy"],"picked":"Slice","floor":0.0},{"not_picked":["Phantasmal Killer+1","Storm of Steel+1"],"picked":"Corpse Explosion+1","floor":16},{"not_picked":["Expertise+1","Eviscerate+1"],"picked":"Sucker Punch+1","floor":23},{"not_picked":["Finisher+1","Slice+1"],"picked":"Catalyst+1","floor":25},{"not_picked":["Deadly Poison+1","Bane+1"],"picked":"After Image","floor":28},{"not_picked":["Masterful Stab+1","Acrobatics+1"],"picked":"Cloak And Dagger+1","floor":31},{"not_picked":["Glass Knife+1","Venomology+1"],"picked":"Adrenaline+1","floor":33},{"not_picked":[],"picked":"Caltrops","floor":40},{"not_picked":[],"picked":"Poisoned Stab+1","floor":49}],"player_experience":324093,"relics_obtained":[{"floor":1.0,"key":"Dodecahedron"},{"floor":2.0,"key":"Vajra"},{"floor":4.0,"key":"The Courier"},{"floor":5.0,"key":"Blue Candle"},{"floor":8,"key":"Kunai"},{"floor":9,"key":"Dream Catcher"},{"floor":12,"key":"Toxic Egg 2"},{"floor":14,"key":"Anchor"},{"floor":18,"key":"Nunchaku"},{"floor":20,"key":"Potion Belt"},{"floor":21,"key":"Molten Egg 2"},{"floor":22,"key":"Ancient Tea Set"},{"floor":23,"key":"Snake Skull"},{"floor":23,"key":"Bag of Preparation"},{"floor":25,"key":"Strawberry"},{"floor":25,"key":"PreservedInsect"},{"floor":26,"key":"Tiny Chest"},{"floor":27,"key":"Boot"},{"floor":28,"key":"Bronze Scales"},{"floor":28,"key":"Pear"},{"floor":29,"key":"Omamori"},{"floor":31,"key":"Smiling Mask"},{"floor":31,"key":"Shuriken"},{"floor":35,"key":"Mummified Hand"},{"floor":36,"key":"WingedGreaves"},{"floor":37,"key":"Darkstone Periapt"},{"floor":38,"key":"Old Coin"},{"floor":40,"key":"Centennial Puzzle"},{"floor":40,"key":"War Paint"},{"floor":42,"key":"Regal Pillow"},{"floor":43,"key":"MawBank"},{"floor":46,"key":"Orichalcum"}],"event_choices":[{"damage_healed":0.0,"max_hp_gain":0.0,"max_hp_loss":0.0,"gold_gain":0.0,"event_name":"Golden Wing","player_choice":"Ignored","floor":3.0,"gold_loss":0.0,"damage_taken":0.0},{"damage_healed":0,"gold_gain":0,"player_choice":"Entered Light","damage_taken":14,"max_hp_gain":0,"max_hp_loss":0,"event_name":"Shining Light","floor":11,"gold_loss":0,"cards_upgraded":["Poisoned Stab","Escape Plan"]}],"is_beta":false,"boss_relics":[{"not_picked":["Fusion Hammer","Calling Bell"],"picked":"Black Star"},{"not_picked":["Eternal Feather","Ring of the Serpent"],"picked":"Busted Crown"}],"items_purged_floors":[19],"is_endless":false,"potions_floor_spawned":[2,4,5,14,18,21,22,28,36,38,42],"ascension_level":0}