{"path_per_floor":["M","M","$","?","$","M","M","R","T","M","M","E","M","$","R","B",null,"M","M","M"],"character_chosen":"DEFECT","items_purchased":["Ball Lightning","Ball Lightning","Auto Shields","Gash"],"gold_per_floor":[115,127,79,79,32,47,62,62,117,130,144,172,186,72,72,172,172,190,206,217,217],"floor_reached":21,"campfire_rested":1,"playtime":1082,"current_hp_per_floor":[69,69,69,69,69,67,56,56,56,46,46,20,11,11,33,13,75,46,45,27,0],"items_purged":[],"gold":217,"score":185,"play_id":"c1dd04e7-a8d7-4f81-9933-a60343a8d28f","local_time":"20180501045228","is_prod":false,"is_daily":false,"chose_seed":false,"is_ascension_mode":false,"campfire_upgraded":1,"timestamp":1525139548,"path_taken":["M","M","$","?","$","M","?","R","T","M","M","E","M","?","R","BOSS","M","M","M","M"],"build_version":"2018-04-27v3","seed_source_timestamp":728957867220346,"purchased_purges":0,"victory":false,"master_deck":["Strike_B","Strike_B","Strike_B","Strike_B","Defend_B","Defend_B","Defend_B","Defend_B","Zap","Dualcast","Loop","Ball Lightning","Leap","Ball Lightning","Tempest","Impulse+1","Gash","Reinforced Body","Auto Shields","Gash","Redo","Buffer+1","Beam Cell+1","Capacitor+1"],"max_hp_per_floor":[75,75,75,75,75,75,75,75,75,75,75,75,75,75,75,75,75,75,75,75,75],"relics":["Cracked Core","Tiny Chest","Vajra","White Beast Statue"],"card_choices":[{"not_picked":["Leap","Flux Capacitor"],"picked":"Loop","floor":1.0},{"not_picked":["Blaster","Rebound"],"picked":"Cold Snap","floor":2.0},{"not_picked":["Beam Cell","Hello World"],"picked":"Tempest","floor":6.0},{"not_picked":["Steam Power","Aggregate"],"picked":"Impulse","floor":7.0},{"not_picked":["Chaos","Cold Snap"],"picked":"Gash","floor":10.0},{"not_picked":["Ball Lightning","Reboot"],"picked":"Reinforced Body","floor":12.0},{"not_picked":["Biased Cognition","Creative AI"],"picked":"Redo","floor":16.0},{"not_picked":["Barrage","Sweeping Beam"],"picked":"Buffer","floor":18.0},{"not_picked":["Undo","Sweeping Beam"],"picked":"Beam Cell","floor":19.0},{"not_picked":["Beam Cell","Stack"],"picked":"Capacitor","floor":20}],"player_experience":111082,"potions_floor_usage":[20,20],"damage_taken":[{"damage":6.0,"enemies":"Jaw Worm","floor":1.0,"turns":3.0},{"damage":0.0,"enemies":"Cultist","floor":2.0,"turns":4.0},{"damage":2.0,"enemies":"Small Slimes","floor":6.0,"turns":3.0},{"damage":11.0,"enemies":"Looter","floor":7.0,"turns":3.0},{"damage":10.0,"enemies":"Blue Slaver","floor":10.0,"turns":3.0},{"damage":0.0,"enemies":"3 Louse","floor":11.0,"turns":2.0},{"damage":26.0,"enemies":"Gremlin Nob","floor":12.0,"turns":4.0},{"damage":9.0,"enemies":"Exordium Wildlife","floor":13.0,"turns":3.0},{"damage":20.0,"enemies":"Hexaghost","floor":16.0,"turns":9.0},{"damage":29.0,"enemies":"Shell Parasite","floor":18.0,"turns":7.0},{"damage":1.0,"enemies":"Chosen","floor":19.0,"turns":5.0},{"damage":18,"enemies":"3 Cultists","floor":20,"turns":5},{"damage":29,"enemies":"Sentry and Sphere","floor":21,"turns":3}],"event_choices":[{"event_name":"Transmorgrifier","player_choice":"Transform","floor":4.0,"damage_taken":0.0}],"boss_relics":[],"potions_floor_spawned":[1,6,13,16,18,19,20],"seed_played":"1515732464731258392","killed_by":"Sentry and Sphere","ascension_level":0,"is_trial":false}