{"gold_per_floor":[115,62,79,96,106,139,139,149,149,149,163,183,201,76,76,176,176,196,164,174,194,25,25],"floor_reached":23,"playtime":1129,"items_purged":["Strike_G","Strike_G"],"score":199,"play_id":"911d1a34-ca14-4678-98b9-a772871fa7a8","local_time":"20190721035254","is_ascension_mode":false,"campfire_choices":[{"data":"Footwork","floor":7.0,"key":"SMITH"},{"data":"Deadly Poison","floor":15.0,"key":"SMITH"}],"neow_cost":"NONE","seed_source_timestamp":111960767468100,"circlet_count":0,"master_deck":["Strike_G","Strike_G","Strike_G","Defend_G","Defend_G","Defend_G","Defend_G","Defend_G","Survivor","Neutralize","Footwork+1","Deflect","Escape Plan","Neutralize","Adrenaline","Good Instincts","Escape Plan","Cloak And Dagger","Deadly Poison+1","Poisoned Stab","Envenom","Caltrops"],"special_seed":0,"relics":["Ring of the Snake","Lantern","Ornamental Fan","Black Star"],"potions_floor_usage":[20,23],"damage_taken":[{"damage":8.0,"enemies":"Jaw Worm","floor":1.0,"turns":8.0},{"damage":0.0,"enemies":"Cultist","floor":3.0,"turns":6.0},{"damage":0.0,"enemies":"Small Slimes","floor":4.0,"turns":5.0},{"damage":0.0,"enemies":"2 Fungi Beasts","floor":5.0,"turns":4.0},{"damage":38.0,"enemies":"3 Sentries","floor":6.0,"turns":16.0},{"damage":0.0,"enemies":"Large Slime","floor":8.0,"turns":9.0},{"damage":0.0,"enemies":"3 Louse","floor":11.0,"turns":3.0},{"damage":0.0,"enemies":"Lots of Slimes","floor":12.0,"turns":6.0},{"damage":0.0,"enemies":"Red Slaver","floor":13.0,"turns":5.0},{"damage":4.0,"enemies":"Hexaghost","floor":16.0,"turns":12.0},{"damage":8.0,"enemies":"Spheric Guardian","floor":18.0,"turns":7.0},{"damage":15.0,"enemies":"2 Thieves","floor":19.0,"turns":5.0},{"damage":31,"enemies":"3 Cultists","floor":20,"turns":8},{"damage":15,"enemies":"Centurion and Healer","floor":21,"turns":10},{"damage":9,"enemies":"Gremlin Leader","floor":23,"turns":5}],"seed_played":"-5168395790464508266","potions_obtained":[{"floor":1.0,"key":"GhostInAJar"},{"floor":6.0,"key":"AttackPotion"},{"floor":8.0,"key":"GamblersBrew"},{"floor":12.0,"key":"PowerPotion"}],"is_trial":false,"path_per_floor":["M","$","M","M","M","E","R","M","T","?","M","M","M","$","R","B",null,"M","M","M","M","$","E"],"character_chosen":"THE_SILENT","items_purchased":["Deflect","Poisoned Stab","Caltrops"],"campfire_rested":0,"item_purchase_floors":[2,14,22],"current_hp_per_floor":[69,69,69,69,69,31,31,31,31,31,31,31,31,31,31,27,77,69,54,23,8,8,0],"gold":25,"neow_bonus":"TEN_PERCENT_HP_BONUS","is_prod":false,"is_daily":false,"chose_seed":false,"campfire_upgraded":2,"win_rate":0,"timestamp":1563670374,"path_taken":["M","$","M","M","M","E","R","M","T","?","?","M","M","$","R","BOSS","M","M","?","M","$","E"],"build_version":"2019-07-17","purchased_purges":2,"victory":false,"max_hp_per_floor":[77,77,77,77,77,77,77,77,77,77,77,77,77,77,77,77,77,77,77,77,77,77,77],"card_choices":[{"not_picked":["Cloak And Dagger","Poisoned Stab"],"picked":"Footwork","floor":1.0},{"not_picked":["Slice","Poisoned Stab"],"picked":"Escape Plan","floor":3.0},{"not_picked":["Die Die Die","Dagger Spray","Accuracy"],"picked":"SKIP","floor":4.0},{"not_picked":["Accuracy","Deflect","Quick Slash"],"picked":"SKIP","floor":5.0},{"not_picked":["Backstab","Blade Dance","Slice"],"picked":"SKIP","floor":6.0},{"not_picked":["Flying Knee","Slice","Terror"],"picked":"SKIP","floor":8.0},{"not_picked":["Poisoned Stab","Deflect"],"picked":"Escape Plan","floor":11.0},{"not_picked":["Dagger Spray","Backstab"],"picked":"Cloak And Dagger","floor":12.0},{"not_picked":["Dagger Spray","Flechettes"],"picked":"Deadly Poison","floor":13.0},{"not_picked":["Night Terror","Bullet Time"],"picked":"Envenom","floor":16.0},{"not_picked":["Bane","Concentrate","Dagger Spray"],"picked":"SKIP","floor":18.0},{"not_picked":["Bane","Concentrate","Dagger Spray"],"picked":"SKIP","floor":18.0},{"not_picked":["Setup","Slice+1","Acrobatics"],"picked":"SKIP","floor":19.0},{"not_picked":["Finisher","Terror","Underhanded Strike+1"],"picked":"SKIP","floor":20},{"not_picked":["Outmaneuver+1","Riddle With Holes","PiercingWail"],"picked":"SKIP","floor":21}],"player_experience":720805,"relics_obtained":[{"floor":6.0,"key":"Lantern"},{"floor":9.0,"key":"Ornamental Fan"}],"event_choices":[{"damage_healed":0.0,"max_hp_gain":0.0,"max_hp_loss":0.0,"gold_gain":0.0,"event_name":"Match and Keep!","player_choice":"3 cards matched","floor":10.0,"gold_loss":0.0,"damage_taken":0.0,"cards_obtained":["Neutralize","Adrenaline","Good Instincts"]}],"is_beta":false,"boss_relics":[{"not_picked":["Velvet Choker","HoveringKite"],"picked":"Black Star"}],"items_purged_floors":[14,22],"is_endless":false,"potions_floor_spawned":[1,6,8,11,12,13,18],"killed_by":"Gremlin Leader","ascension_level":0}