{"gold_per_floor":[115,134,134,149,224,224,234,247,270,282,282,317,317,131,131,232,232,246,264,174,72,85,85,85,85,85,85,113,11,11,11,11,113,113,131,157,107,127,127,127,154,170,170,170,188,198,198,231,231,231],"floor_reached":51,"playtime":2611,"items_purged":["Strike_R","Strike_R","Strike_R","Decay"],"score":1317,"play_id":"47ffc7b2-a5a3-493b-bfef-df81e07bd090","local_time":"20181111182457","is_ascension_mode":true,"campfire_choices":[{"data":"Searing Blow","floor":6.0,"key":"SMITH"},{"data":"Searing Blow+1","floor":11.0,"key":"SMITH"},{"data":"Searing Blow+2","floor":13.0,"key":"SMITH"},{"data":"Searing Blow+3","floor":15.0,"key":"SMITH"},{"data":"Searing Blow+4","floor":23.0,"key":"SMITH"},{"data":"Searing Blow+5","floor":25.0,"key":"SMITH"},{"data":"Searing Blow+6","floor":27.0,"key":"SMITH"},{"data":"Searing Blow+7","floor":32.0,"key":"SMITH"},{"data":"Searing Blow+8","floor":40.0,"key":"SMITH"},{"data":"Searing Blow+9","floor":44.0,"key":"SMITH"},{"data":"Searing Blow+10","floor":47.0,"key":"SMITH"},{"data":"Searing Blow+11","floor":49.0,"key":"SMITH"}],"neow_cost":"NONE","seed_source_timestamp":15513967475999,"circlet_count":0,"master_deck":["Strike_R","Defend_R","Defend_R","Defend_R","Defend_R","Bash","Searing Blow+12","Cleave","Iron Wave","Clothesline","Whirlwind","Feed","Headbutt+1","Finesse","Battle Trance","Shrug It Off","Necronomicurse","Intimidate+1","Twin Strike+1"],"special_seed":0,"relics":["Burning Blood","Smiling Mask","Strawberry","Busted Crown","Necronomicon","Calipers","Regal Pillow","Dodecahedron","Sozu","Orichalcum","CultistMask","Mango","Paper Frog","Torii"],"potions_floor_usage":[],"damage_taken":[{"damage":3.0,"enemies":"Jaw Worm","floor":1.0,"turns":5.0},{"damage":0.0,"enemies":"2 Louse","floor":2.0,"turns":3.0},{"damage":6.0,"enemies":"Cultist","floor":4.0,"turns":3.0},{"damage":1.0,"enemies":"3 Louse","floor":7.0,"turns":3.0},{"damage":26.0,"enemies":"Exordium Wildlife","floor":8.0,"turns":5.0},{"damage":17.0,"enemies":"Blue Slaver","floor":10.0,"turns":4.0},{"damage":35.0,"enemies":"3 Sentries","floor":12.0,"turns":6.0},{"damage":13.0,"enemies":"Slime Boss","floor":16.0,"turns":8.0},{"damage":5.0,"enemies":"3 Byrds","floor":18.0,"turns":5.0},{"damage":28.0,"enemies":"Chosen","floor":19.0,"turns":5.0},{"damage":0.0,"enemies":"Snecko","floor":22.0,"turns":3.0},{"damage":0.0,"enemies":"Book of Stabbing","floor":28.0,"turns":3.0},{"damage":0.0,"enemies":"Collector","floor":33.0,"turns":2.0},{"damage":0.0,"enemies":"Orb Walker","floor":35.0,"turns":3.0},{"damage":13.0,"enemies":"3 Darklings","floor":38.0,"turns":4.0},{"damage":11.0,"enemies":"Nemesis","floor":41.0,"turns":3.0},{"damage":20.0,"enemies":"4 Shapes","floor":42.0,"turns":5.0},{"damage":29.0,"enemies":"Sphere and 2 Shapes","floor":45.0,"turns":3.0},{"damage":0.0,"enemies":"Spire Growth","floor":46.0,"turns":2.0},{"damage":0.0,"enemies":"Giant Head","floor":48.0,"turns":4.0},{"damage":78,"enemies":"Awakened One","floor":50,"turns":6}],"seed_played":"1704900009892486747","potions_obtained":[{"floor":1.0,"key":"Regen Potion"},{"floor":4.0,"key":"PowerPotion"},{"floor":16.0,"key":"EssenceOfSteel"},{"floor":19.0,"key":"EssenceOfSteel"}],"is_trial":false,"path_per_floor":["M","M","?","M","?","R","M","M","T","M","R","E","R","$","R","B",null,"M","M","?","$","M","R","?","R","T","R","E","$","?","T","R","B",null,"M","T","$","M","?","R","E","M","T","R","M","M","R","E","R","B",null],"character_chosen":"IRONCLAD","items_purchased":["Headbutt","Finesse","Shrug It Off","Strength Potion"],"campfire_rested":0,"item_purchase_floors":[14,14,21,29],"current_hp_per_floor":[83,88,88,88,77,77,82,76,76,65,65,43,43,43,43,36,80,84,62,62,62,71,71,55,55,55,55,61,61,61,61,61,70,96,105,105,105,98,98,98,107,96,96,96,73,79,79,85,85,13],"gold":231,"neow_bonus":"TEN_PERCENT_HP_BONUS","is_prod":false,"is_daily":false,"chose_seed":false,"campfire_upgraded":12,"win_rate":0,"timestamp":1541957097,"path_taken":["M","M","?","M","?","R","M","M","T","M","R","E","R","$","R","BOSS","M","M","?","$","?","R","?","R","T","R","E","$","?","?","R","BOSS","M","?","$","M","?","R","E","M","T","R","M","M","R","E","R","BOSS"],"build_version":"2018-11-08","purchased_purges":4,"victory":true,"max_hp_per_floor":[88,88,88,88,88,88,88,88,88,88,88,95,95,95,95,95,95,98,98,98,98,101,101,101,101,101,101,101,101,101,101,101,104,104,107,107,107,107,107,107,121,124,124,124,124,124,124,124,124,124],"card_choices":[{"not_picked":["Iron Wave","Pommel Strike"],"picked":"Searing Blow","floor":1.0},{"not_picked":["Heavy Blade","Headbutt"],"picked":"Cleave","floor":2.0},{"not_picked":["Berserk","Sword Boomerang"],"picked":"Iron Wave","floor":4.0},{"not_picked":["Twin Strike","Havoc","Entrench"],"picked":"SKIP","floor":7.0},{"not_picked":["Clash","Iron Wave"],"picked":"Clothesline","floor":8.0},{"not_picked":["Warcry","Rampage"],"picked":"Whirlwind","floor":10.0},{"not_picked":["Havoc","Body Slam"],"picked":"Feed","floor":12.0},{"not_picked":[],"picked":"Battle Trance","floor":18.0},{"not_picked":["Heavy Blade"],"picked":"SKIP","floor":19.0},{"not_picked":["Headbutt"],"picked":"SKIP","floor":22.0},{"not_picked":["Clash"],"picked":"SKIP","floor":28.0},{"not_picked":[],"picked":"Intimidate+1","floor":35.0},{"not_picked":["Iron Wave"],"picked":"SKIP","floor":38.0},{"not_picked":[],"picked":"Twin Strike+1","floor":41.0},{"not_picked":["Pummel"],"picked":"SKIP","floor":42.0},{"not_picked":["Havoc+1"],"picked":"SKIP","floor":45.0},{"not_picked":["Limit Break"],"picked":"SKIP","floor":46.0},{"not_picked":["Uppercut"],"picked":"SKIP","floor":48.0}],"player_experience":644298,"relics_obtained":[{"floor":9.0,"key":"Smiling Mask"},{"floor":12.0,"key":"Strawberry"},{"floor":24.0,"key":"Necronomicon"},{"floor":26.0,"key":"Calipers"},{"floor":28.0,"key":"Regal Pillow"},{"floor":31.0,"key":"Dodecahedron"},{"floor":36.0,"key":"Orichalcum"},{"floor":41.0,"key":"Mango"},{"floor":43.0,"key":"Paper Frog"},{"floor":48.0,"key":"Torii"}],"event_choices":[{"damage_healed":0.0,"max_hp_gain":0.0,"max_hp_loss":0.0,"gold_gain":0.0,"event_name":"Liars Game","player_choice":"Ignored","floor":3.0,"gold_loss":0.0,"damage_taken":0.0},{"damage_healed":0.0,"max_hp_gain":0.0,"max_hp_loss":0.0,"gold_gain":75.0,"event_name":"World of Goop","player_choice":"Gather Gold","floor":5.0,"gold_loss":0.0,"damage_taken":11.0},{"cards_removed":["Strike_R"],"damage_healed":0.0,"max_hp_gain":0.0,"max_hp_loss":0.0,"gold_gain":0.0,"event_name":"Designer","player_choice":"Upgrade and Remove","floor":20.0,"gold_loss":90.0,"damage_taken":0.0,"cards_upgraded":["Headbutt"]},{"damage_healed":0.0,"max_hp_gain":0.0,"max_hp_loss":0.0,"gold_gain":0.0,"event_name":"Cursed Tome","player_choice":"Obtained Book","floor":24.0,"gold_loss":0.0,"damage_taken":16.0},{"damage_healed":0.0,"max_hp_gain":0.0,"max_hp_loss":0.0,"gold_gain":0.0,"event_name":"Forgotten Altar","player_choice":"Smashed Altar","floor":30.0,"gold_loss":0.0,"damage_taken":0.0,"cards_obtained":["Decay"]},{"damage_healed":0.0,"max_hp_gain":0.0,"max_hp_loss":0.0,"gold_gain":0.0,"event_name":"FaceTrader","player_choice":"Trade","floor":39.0,"gold_loss":0.0,"damage_taken":0.0,"relics_obtained":["CultistMask"]}],"is_beta":true,"boss_relics":[{"not_picked":["Coffee Dripper","Calling Bell"],"picked":"Busted Crown"},{"not_picked":["Eternal Feather","Black Blood"],"picked":"Sozu"}],"items_purged_floors":[14,21,29,37],"is_endless":false,"potions_floor_spawned":[1,4,16,19,38],"ascension_level":8}