{"gold_per_floor":[116,191,206,206,15,15,38,74,74,99,99,114,66,89,89,220,220,244,91,106,131,131,170,170,195,195,210,254,267,267,195,195,325,388,407,431,444,52,68,68,83,83,107,107,107,131,144,159,159,159],"floor_reached":51,"playtime":1287,"items_purged":[],"score":675,"play_id":"fcfe4842-e299-450b-8389-e8c32e859317","local_time":"20180731012626","is_ascension_mode":false,"campfire_choices":[{"data":"Apotheosis","floor":6.0,"key":"SMITH"},{"data":"Inflame","floor":11.0,"key":"SMITH"},{"data":"Double Tap","floor":15.0,"key":"SMITH"},{"floor":24.0,"key":"REST"},{"floor":32.0,"key":"REST"},{"floor":40.0,"key":"REST"},{"floor":42.0,"key":"REST"},{"floor":49.0,"key":"REST"}],"neow_cost":"NONE","seed_source_timestamp":130582734041124,"circlet_count":0,"master_deck":["Strike_R","Strike_R","Strike_R","Strike_R","Strike_R","Defend_R","Defend_R","Defend_R","Defend_R+1","Bash+1","Inflame+1","Twin Strike","Apotheosis+1","Thunderclap","Double Tap+1","Sword Boomerang","Whirlwind","Reaper","Inflame","Dropkick+1","Rage+1","Twin Strike+1","Battle Trance","Inflame","Rage","Twin Strike+1"],"special_seed":0,"relics":["Burning Blood","Golden Idol","Paper Frog","Dream Catcher","Fusion Hammer","Vajra","Pen Nib","Torii","Red Mask","Tiny House","TheAbacus","Happy Flower","Regal Pillow","Champion Belt"],"potions_floor_usage":[50,50],"damage_taken":[{"damage":7.0,"enemies":"2 Louse","floor":1.0,"turns":3.0},{"damage":0.0,"enemies":"Cultist","floor":3.0,"turns":2.0},{"damage":0.0,"enemies":"Small Slimes","floor":7.0,"turns":4.0},{"damage":20.0,"enemies":"Lagavulin","floor":8.0,"turns":5.0},{"damage":6.0,"enemies":"Blue Slaver","floor":10.0,"turns":3.0},{"damage":0.0,"enemies":"2 Fungi Beasts","floor":12.0,"turns":2.0},{"damage":10.0,"enemies":"Looter","floor":14.0,"turns":2.0},{"damage":50.0,"enemies":"Hexaghost","floor":16.0,"turns":6.0},{"damage":10.0,"enemies":"Shell Parasite","floor":18.0,"turns":3.0},{"damage":20.0,"enemies":"2 Thieves","floor":20.0,"turns":3.0},{"damage":20.0,"enemies":"Centurion and Healer","floor":21.0,"turns":4.0},{"damage":35.0,"enemies":"Slavers","floor":23.0,"turns":4.0},{"damage":9.0,"enemies":"Snake Plant","floor":25.0,"turns":3.0},{"damage":16.0,"enemies":"3 Cultists","floor":27.0,"turns":4.0},{"damage":2.0,"floor":28.0,"turns":2.0},{"damage":2.0,"enemies":"Chosen and Byrds","floor":29.0,"turns":3.0},{"damage":32.0,"enemies":"Champ","floor":33.0,"turns":5.0},{"damage":17.0,"enemies":"Orb Walker","floor":35.0,"turns":3.0},{"damage":26.0,"enemies":"3 Shapes","floor":36.0,"turns":3.0},{"damage":32.0,"enemies":"Sphere and 2 Shapes","floor":37.0,"turns":4.0},{"damage":19.0,"enemies":"Maw","floor":39.0,"turns":5.0},{"damage":6.0,"enemies":"Spire Growth","floor":41.0,"turns":3.0},{"damage":15.0,"floor":44.0,"turns":4.0},{"damage":15.0,"enemies":"3 Darklings","floor":46.0,"turns":6.0},{"damage":48.0,"enemies":"4 Shapes","floor":47.0,"turns":3.0},{"damage":16.0,"enemies":"Maw","floor":48.0,"turns":6.0},{"damage":67,"enemies":"Time Eater","floor":50,"turns":6}],"seed_played":"7195711438950112538","potions_obtained":[{"floor":3.0,"key":"Energy Potion"},{"floor":7.0,"key":"AttackPotion"},{"floor":14.0,"key":"FearPotion"},{"floor":23.0,"key":"Strength Potion"},{"floor":27.0,"key":"FearPotion"},{"floor":47.0,"key":"Strength Potion"}],"is_trial":false,"path_per_floor":["M","?","M","?","$","R","M","E","T","M","R","M","$","M","R","B",null,"M","$","M","M","?","E","R","M","T","M","?","M","?","$","R","B",null,"M","M","M","$","M","R","M","R","T","?","?","M","M","M","R","B"],"character_chosen":"IRONCLAD","items_purchased":["Apotheosis","Sword Boomerang","Vajra","Inflame","TheAbacus","Rage","Happy Flower"],"campfire_rested":5,"item_purchase_floors":[5,13,19,31,38,38,38],"current_hp_per_floor":[79,71,77,74,74,74,74,60,60,60,60,66,66,62,62,18,74,70,70,56,58,58,62,74,71,71,71,74,74,74,74,74,58,79,68,72,69,69,56,79,79,79,79,70,70,67,48,38,76,30],"gold":159,"neow_bonus":"UPGRADE_CARD","is_prod":false,"is_daily":false,"chose_seed":false,"campfire_upgraded":3,"win_rate":0,"timestamp":1532989586,"path_taken":["M","?","M","?","$","R","M","E","T","M","R","M","?","M","R","BOSS","M","$","M","M","?","E","R","M","T","M","?","?","?","$","R","BOSS","M","M","M","$","M","R","M","R","T","?","?","M","?","M","R","BOSS"],"build_version":"2018-07-26","purchased_purges":0,"victory":true,"max_hp_per_floor":[80,80,80,74,74,74,74,74,74,74,74,74,74,74,74,74,74,74,74,74,74,74,74,74,74,74,74,74,74,74,74,74,74,79,79,79,79,79,79,79,79,79,79,79,79,79,79,79,79,79],"card_choices":[{"not_picked":["Clash","Burning Pact"],"picked":"Inflame","floor":1.0},{"not_picked":["Body Slam","True Grit"],"picked":"Twin Strike","floor":3.0},{"not_picked":["Perfected Strike","Cleave"],"picked":"Thunderclap","floor":7.0},{"not_picked":["True Grit","Disarm","Perfected Strike"],"picked":"SKIP","floor":8.0},{"not_picked":["Infernal Blade","Wild Strike","Entrench"],"picked":"SKIP","floor":10.0},{"not_picked":["Uppercut","Headbutt"],"picked":"Double Tap","floor":12.0},{"not_picked":["Searing Blow","Hemokinesis"],"picked":"Whirlwind","floor":14.0},{"not_picked":["Fiend Fire","Brutality"],"picked":"Reaper","floor":16.0},{"not_picked":["Pommel Strike","Anger+1","Dual Wield"],"picked":"SKIP","floor":18.0},{"not_picked":["Clothesline","Flame Barrier"],"picked":"Inflame","floor":20.0},{"not_picked":["Body Slam","Dual Wield","Berserk"],"picked":"SKIP","floor":21.0},{"not_picked":["Impervious","Fire Breathing"],"picked":"Dropkick+1","floor":23.0},{"not_picked":["Anger+1","Whirlwind"],"picked":"Rage+1","floor":24.0},{"not_picked":["Clash","Hemokinesis","Intimidate"],"picked":"SKIP","floor":25.0},{"not_picked":["Havoc","Dual Wield","Anger"],"picked":"SKIP","floor":27.0},{"not_picked":["Metallicize","Hemokinesis"],"picked":"Twin Strike+1","floor":29.0},{"not_picked":["Wild Strike","Heavy Blade+1","Clothesline"],"picked":"SKIP","floor":35.0},{"not_picked":["Blood for Blood+1","Wild Strike+1","Iron Wave"],"picked":"SKIP","floor":36.0},{"not_picked":["Impervious","Havoc","Wild Strike+1"],"picked":"SKIP","floor":37.0},{"not_picked":["Body Slam+1","Seeing Red+1","Shrug It Off"],"picked":"SKIP","floor":39.0},{"not_picked":["Thunderclap","Pummel","Perfected Strike"],"picked":"SKIP","floor":41.0},{"not_picked":["Juggernaut","Blood for Blood+1","Sentinel+1"],"picked":"SKIP","floor":46.0},{"not_picked":["Metallicize","Blood for Blood","Power Through+1"],"picked":"SKIP","floor":47.0},{"not_picked":["Burning Pact+1","Flex+1"],"picked":"Twin Strike+1","floor":48.0}],"player_experience":279240,"relics_obtained":[{"floor":8.0,"key":"Paper Frog"},{"floor":9.0,"key":"Dream Catcher"},{"floor":23.0,"key":"Pen Nib"},{"floor":26.0,"key":"Torii"},{"floor":28.0,"key":"Red Mask"},{"floor":43.0,"key":"Regal Pillow"},{"floor":44.0,"key":"Champion Belt"}],"event_choices":[{"event_name":"FaceTrader","player_choice":"Touch","floor":2.0,"damage_taken":0.0},{"event_name":"Golden Idol","player_choice":"Lose Max HP","floor":4.0,"damage_taken":0.0},{"event_name":"Ghosts","player_choice":"Ignored","floor":22.0,"damage_taken":0.0},{"event_name":"Masked Bandits","player_choice":"Fought over 210 gold","floor":28.0,"damage_taken":0.0},{"event_name":"The Library","player_choice":"Read","floor":30.0,"damage_taken":0.0},{"event_name":"MindBloom","player_choice":"Fight","floor":44.0,"damage_taken":0.0},{"event_name":"The Moai Head","player_choice":"Ignored","floor":45.0,"damage_taken":0.0}],"is_beta":false,"boss_relics":[{"not_picked":["Sozu","Runic Pyramid"],"picked":"Fusion Hammer"},{"not_picked":["Orrery","Eternal Feather"],"picked":"Tiny House"}],"items_purged_floors":[],"is_endless":false,"potions_floor_spawned":[3,7,14,16,21,23,27,28,35,44,46,47,48],"ascension_level":0}