{"gold_per_floor":[109,121,141,160,109,109,139,139,139,152,162,188,119,119,119,219,219,231,195,195,195,195,195],"floor_reached":23,"playtime":747,"items_purged":[],"score":224,"play_id":"d4e28f99-15a2-4e2a-b32b-bc85900d688d","local_time":"20181028025554","is_ascension_mode":false,"campfire_choices":[{"data":"Body Slam","floor":6,"key":"SMITH"},{"data":"Shrug It Off","floor":8,"key":"SMITH"},{"floor":15,"key":"REST"}],"neow_cost":"NONE","seed_source_timestamp":297855385614965,"circlet_count":0,"master_deck":["Strike_R+1","Strike_R","Strike_R","Strike_R","Defend_R+1","Defend_R","Defend_R","Defend_R","Bash","Body Slam+1","Shrug It Off+1","Ghostly Armor","Ghostly Armor"],"relics":["Burning Blood","NeowsBlessing","Mango","Paper Frog","Frozen Egg 2","Coffee Dripper","MutagenicStrength"],"potions_floor_usage":[7,12,12,16,23],"damage_taken":[{"damage":0,"enemies":"2 Louse","floor":1,"turns":1},{"damage":0,"enemies":"Jaw Worm","floor":2,"turns":1},{"damage":0,"enemies":"Small Slimes","floor":3,"turns":1},{"damage":8,"enemies":"Blue Slaver","floor":4,"turns":5},{"damage":28,"enemies":"Gremlin Nob","floor":7,"turns":5},{"damage":2,"enemies":"3 Louse","floor":10,"turns":4},{"damage":15,"enemies":"Exordium Thugs","floor":11,"turns":4},{"damage":25,"enemies":"3 Sentries","floor":12,"turns":8},{"damage":50,"enemies":"The Guardian","floor":16,"turns":19},{"damage":0,"enemies":"Chosen","floor":18,"turns":6},{"damage":102,"enemies":"Gremlin Leader","floor":23,"turns":12}],"seed_played":"-6238694519588454573","potions_obtained":[{"floor":1,"key":"SteroidPotion"},{"floor":2,"key":"Explosive Potion"},{"floor":4,"key":"FearPotion"},{"floor":12,"key":"Fruit Juice"},{"floor":16,"key":"SneckoOil"}],"is_trial":false,"path_per_floor":["M","M","M","M","$","R","E","R","T","M","M","E","$","?","R","B",null,"M","$","?","?","?"],"character_chosen":"IRONCLAD","items_purchased":["Shrug It Off","Ghostly Armor","Ghostly Armor"],"campfire_rested":1,"item_purchase_floors":[5,13,19],"current_hp_per_floor":[80,80,80,78,78,78,70,70,70,74,65,51,51,31,60,16,99,99,99,99,99,99,0],"gold":195,"neow_bonus":"THREE_ENEMY_KILL","is_prod":false,"is_daily":false,"chose_seed":false,"campfire_upgraded":2,"win_rate":0,"timestamp":1540684554,"path_taken":["M","M","M","M","$","R","E","R","T","M","M","E","$","?","R","BOSS","M","$","?","?","?","E"],"build_version":"2018-10-25v2","purchased_purges":0,"victory":false,"max_hp_per_floor":[80,80,80,80,80,80,94,94,94,94,94,99,99,99,99,99,99,99,99,99,99,99,99],"card_choices":[{"not_picked":["Fire Breathing","Seeing Red","Infernal Blade"],"picked":"SKIP","floor":1},{"not_picked":["Sentinel","Searing Blow","Clash"],"picked":"SKIP","floor":2},{"not_picked":["Wild Strike","Flex"],"picked":"Body Slam","floor":3},{"not_picked":["Heavy Blade","Warcry","Bloodletting"],"picked":"SKIP","floor":4},{"not_picked":["Inflame","Wild Strike","Feed"],"picked":"SKIP","floor":7},{"not_picked":["Havoc","Perfected Strike","Feel No Pain"],"picked":"SKIP","floor":10},{"not_picked":["Cleave","Rampage","Flex"],"picked":"SKIP","floor":11},{"not_picked":["Iron Wave","Havoc","True Grit"],"picked":"SKIP","floor":12},{"not_picked":["Corruption+1","Headbutt","Feel No Pain+1"],"picked":"SKIP","floor":18}],"player_experience":437587,"relics_obtained":[{"floor":7,"key":"Mango"},{"floor":9,"key":"Paper Frog"},{"floor":12,"key":"Frozen Egg 2"}],"event_choices":[{"damage_healed":0,"gold_gain":0,"player_choice":"Entered Light","damage_taken":20,"max_hp_gain":0,"max_hp_loss":0,"event_name":"Shining Light","floor":14,"gold_loss":0,"cards_upgraded":["Defend_R","Strike_R"]},{"damage_healed":0,"gold_gain":0,"player_choice":"Ignored","damage_taken":0,"max_hp_gain":0,"max_hp_loss":0,"event_name":"Cursed Tome","floor":20,"gold_loss":0},{"damage_healed":0,"gold_gain":0,"player_choice":"Inject Mutagens","damage_taken":0,"relics_obtained":["MutagenicStrength"],"max_hp_gain":0,"max_hp_loss":0,"event_name":"Drug Dealer","floor":21,"gold_loss":0},{"cards_removed":["Strike_R"],"damage_healed":0,"gold_gain":0,"player_choice":"Purged","damage_taken":0,"max_hp_gain":0,"max_hp_loss":0,"event_name":"Purifier","floor":22,"gold_loss":0}],"is_beta":false,"boss_relics":[{"not_picked":["Snecko Eye","Lizard Tail"],"picked":"Coffee Dripper"}],"items_purged_floors":[],"is_endless":false,"potions_floor_spawned":[1,2,4,12,16],"killed_by":"Gremlin Leader","ascension_level":0}