{"gold_per_floor":[367,367,16,16,16,42,42,62,109,119,69,69,95,115,115,218,218,233,250,250,5,5,5,25,25,75,75,95,95,112,62,62,162,462,482,499,194,194,194,224,224,324,324,12,23,23,23,0,0,0],"floor_reached":50,"playtime":1381,"items_purged":["Strike_R","Strike_R","Regret","Regret"],"score":499,"play_id":"255f8d41-5b81-4e91-9243-e5d9d18a10bb","local_time":"20190630132042","is_ascension_mode":false,"campfire_choices":[{"data":"Spot Weakness","floor":7.0,"key":"SMITH"},{"data":"Bash","floor":12.0,"key":"SMITH"},{"floor":15.0,"key":"REST"},{"data":"Iron Wave","floor":23.0,"key":"SMITH"},{"floor":25.0,"key":"REST"},{"data":"Sword Boomerang","floor":27.0,"key":"SMITH"},{"data":"Shrug It Off","floor":29.0,"key":"SMITH"},{"floor":32.0,"key":"REST"},{"floor":41,"key":"REST"},{"data":"Inflame","floor":46,"key":"SMITH"},{"data":"Shrug It Off","floor":49,"key":"SMITH"}],"neow_cost":"TEN_PERCENT_HP_LOSS","seed_source_timestamp":52181895265200,"circlet_count":0,"master_deck":["Strike_R","Strike_R+1","Defend_R","Defend_R","Defend_R","Defend_R","Bash+1","Inflame+1","Spot Weakness+1","Iron Wave+1","Sword Boomerang+1","Blood for Blood","Twin Strike+1","Armaments+1","Shrug It Off+1","Shrug It Off+1","Flame Barrier+1","Impervious","Clumsy","Injury","Headbutt","Seeing Red+1","Clumsy","Body Slam+1"],"special_seed":0,"relics":["Burning Blood","Gambling Chip","Smiling Mask","Dream Catcher","Juzu Bracelet","Cursed Key","Paper Frog","Whetstone","Calling Bell","Vajra","Letter Opener","Old Coin","Bottled Tornado","PreservedInsect","Mango","Mummified Hand","Darkstone Periapt","Red Mask"],"potions_floor_usage":[40,45,50],"damage_taken":[{"damage":1.0,"enemies":"Jaw Worm","floor":1.0,"turns":3.0},{"damage":20.0,"enemies":"Gremlin Nob","floor":6.0,"turns":4.0},{"damage":9.0,"enemies":"2 Louse","floor":8.0,"turns":3.0},{"damage":0.0,"enemies":"Small Slimes","floor":10.0,"turns":3.0},{"damage":38.0,"enemies":"3 Sentries","floor":13.0,"turns":8.0},{"damage":21.0,"enemies":"Gremlin Gang","floor":14.0,"turns":7.0},{"damage":27.0,"enemies":"The Guardian","floor":16.0,"turns":8.0},{"damage":20.0,"enemies":"2 Thieves","floor":18.0,"turns":4.0},{"damage":25.0,"enemies":"Shell Parasite","floor":19.0,"turns":5.0},{"damage":36.0,"enemies":"Snake Plant","floor":24.0,"turns":4.0},{"damage":22.0,"enemies":"Centurion and Healer","floor":28.0,"turns":4.0},{"damage":10.0,"enemies":"Cultist and Chosen","floor":30.0,"turns":3.0},{"damage":17.0,"enemies":"Champ","floor":33.0,"turns":9.0},{"damage":24.0,"enemies":"3 Shapes","floor":35.0,"turns":8.0},{"damage":2.0,"enemies":"Orb Walker","floor":36.0,"turns":4.0},{"damage":52,"enemies":"Nemesis","floor":40,"turns":11},{"damage":11,"enemies":"Mind Bloom Boss Battle","floor":42,"turns":7},{"damage":4,"enemies":"Transient","floor":45,"turns":5},{"damage":58,"enemies":"Donu and Deca","floor":50,"turns":5}],"seed_played":"673458270190196433","potions_obtained":[{"floor":1.0,"key":"GamblersBrew"},{"floor":6.0,"key":"PowerPotion"},{"floor":14.0,"key":"Energy Potion"},{"floor":24.0,"key":"Swift Potion"},{"floor":40,"key":"Fire Potion"},{"floor":42,"key":"Poison Potion"}],"is_trial":false,"path_per_floor":["M","?","$","?","?","E","R","M","T","M","$","R","E","M","R","B",null,"M","M","?","$","?","R","M","R","T","R","M","R","M","$","R","B",null,"M","M","$","?","?","E","R","?","T","$","M","R","$","?","R","B"],"character_chosen":"IRONCLAD","items_purchased":["Inflame","Gambling Chip","Paper Frog","Bottled Tornado","Darkstone Periapt"],"campfire_rested":4,"item_purchase_floors":[3,3,21,37,44],"current_hp_per_floor":[72,65,65,70,70,56,56,53,53,59,59,59,27,12,35,14,77,63,44,37,37,37,37,7,30,30,30,14,14,10,10,33,22,77,59,63,63,63,63,17,40,49,49,49,51,51,51,51,51,0],"gold":0,"neow_bonus":"TWO_FIFTY_GOLD","is_prod":false,"is_daily":false,"chose_seed":false,"campfire_upgraded":7,"win_rate":0,"timestamp":1561890042,"path_taken":["M","?","$","?","?","E","R","M","T","?","$","R","E","M","R","BOSS","M","M","?","$","?","R","M","R","T","R","M","R","M","$","R","BOSS","M","M","$","?","?","E","R","?","T","$","M","R","?","?","R","BOSS"],"build_version":"2019-01-23","purchased_purges":4,"victory":false,"max_hp_per_floor":[72,72,72,77,77,77,77,77,77,77,77,77,77,77,77,77,77,77,77,77,77,77,77,77,77,77,77,77,77,77,77,77,77,77,77,77,77,77,77,77,77,91,91,91,91,91,91,91,91,91],"card_choices":[{"not_picked":["Shockwave","Clothesline","Burning Pact"],"picked":"SKIP","floor":1.0},{"not_picked":["Shockwave","Thunderclap"],"picked":"Spot Weakness","floor":6.0},{"not_picked":["Headbutt","Armaments","Combust"],"picked":"SKIP","floor":8.0},{"not_picked":["Headbutt","Clothesline","Anger"],"picked":"SKIP","floor":10.0},{"not_picked":["Heavy Blade","Perfected Strike"],"picked":"Iron Wave","floor":13.0},{"not_picked":["Clash","Armaments"],"picked":"Sword Boomerang","floor":14.0},{"not_picked":["Hemokinesis","Clash"],"picked":"Blood for Blood","floor":15.0},{"not_picked":["Seeing Red","Heavy Blade"],"picked":"Twin Strike","floor":18.0},{"not_picked":["Pummel","Anger","Hemokinesis"],"picked":"SKIP","floor":19.0},{"not_picked":["Clothesline","Seeing Red","Armaments"],"picked":"SKIP","floor":24.0},{"not_picked":["Warcry+1","Dark Embrace"],"picked":"Armaments+1","floor":25.0},{"not_picked":["Headbutt","Pommel Strike"],"picked":"Shrug It Off","floor":28.0},{"not_picked":["Twin Strike","Heavy Blade+1"],"picked":"Shrug It Off","floor":30.0},{"not_picked":["Feel No Pain","Sword Boomerang"],"picked":"Flame Barrier+1","floor":32.0},{"not_picked":["Berserk","Barricade"],"picked":"Impervious","floor":33.0},{"not_picked":["Pommel Strike","Infernal Blade+1","Fire Breathing"],"picked":"SKIP","floor":35.0},{"not_picked":["Anger","Sword Boomerang"],"picked":"Uppercut","floor":36.0},{"not_picked":["Iron Wave","Intimidate","Pummel+1"],"picked":"SKIP","floor":40},{"not_picked":["Cleave+1","Hemokinesis+1"],"picked":"Headbutt","floor":41},{"not_picked":["Flex+1","Brutality"],"picked":"Seeing Red+1","floor":42},{"not_picked":["Sentinel+1","Perfected Strike"],"picked":"Body Slam+1","floor":45}],"player_experience":657241,"relics_obtained":[{"floor":6.0,"key":"Smiling Mask"},{"floor":9.0,"key":"Dream Catcher"},{"floor":13.0,"key":"Juzu Bracelet"},{"floor":26.0,"key":"Whetstone"},{"floor":34.0,"key":"Vajra"},{"floor":34.0,"key":"Letter Opener"},{"floor":34.0,"key":"Old Coin"},{"floor":40,"key":"PreservedInsect"},{"floor":42,"key":"Mango"},{"floor":43,"key":"Mummified Hand"}],"event_choices":[{"cards_removed":["Strike_R"],"damage_healed":0.0,"max_hp_gain":0.0,"max_hp_loss":0.0,"gold_gain":0.0,"event_name":"Golden Wing","player_choice":"Card Removal","floor":2.0,"gold_loss":0.0,"damage_taken":7.0},{"damage_healed":0.0,"max_hp_gain":5.0,"max_hp_loss":0.0,"gold_gain":0.0,"event_name":"Big Fish","player_choice":"Donut","floor":4.0,"gold_loss":0.0,"damage_taken":0.0},{"damage_healed":0.0,"max_hp_gain":0.0,"max_hp_loss":0.0,"gold_gain":0.0,"event_name":"Match and Keep!","player_choice":"0 cards matched","floor":5.0,"gold_loss":0.0,"damage_taken":0.0,"cards_obtained":[]},{"damage_healed":0.0,"max_hp_gain":0.0,"max_hp_loss":0.0,"gold_gain":0.0,"event_name":"Knowing Skull","player_choice":"","floor":20.0,"potions_obtained":[],"gold_loss":0.0,"damage_taken":7.0,"cards_obtained":[]},{"damage_healed":0.0,"max_hp_gain":0.0,"max_hp_loss":0.0,"gold_gain":0.0,"event_name":"Ghosts","player_choice":"Ignored","floor":22.0,"gold_loss":0.0,"damage_taken":0.0},{"damage_healed":0,"gold_gain":0,"player_choice":"Ignored","damage_taken":0,"max_hp_gain":0,"max_hp_loss":0,"event_name":"Mysterious Sphere","floor":38,"gold_loss":0},{"cards_removed":["Uppercut"],"damage_healed":0,"gold_gain":0,"player_choice":"Removed Attack","damage_taken":0,"max_hp_gain":0,"max_hp_loss":0,"event_name":"Falling","floor":39,"gold_loss":0},{"damage_healed":0,"gold_gain":0,"player_choice":"Fight","damage_taken":0,"max_hp_gain":0,"max_hp_loss":0,"event_name":"MindBloom","floor":42,"gold_loss":0},{"damage_healed":0,"gold_gain":0,"player_choice":"Paid","damage_taken":0,"relics_obtained":["Red Mask"],"max_hp_gain":0,"max_hp_loss":0,"event_name":"Tomb of Lord Red Mask","floor":48,"gold_loss":23}],"is_beta":false,"boss_relics":[{"not_picked":["Fusion Hammer","Runic Dome"],"picked":"Cursed Key"},{"not_picked":["Tiny House","Astrolabe"],"picked":"Calling Bell"}],"items_purged_floors":[11,31,37,44],"is_endless":false,"potions_floor_spawned":[1,6,14,24,40,42],"killed_by":"Donu and Deca","ascension_level":0}