{"gold_per_floor":[217,230,230,253,111,111,136,153,153,216,61,61,93,93,93,197,197,208,51,64,84,84,109,109,123,147,159,187,36,36,53,53,157,157,176,221,234,165,182,208,208,224,251,265,280,30,30,30,30,30,30,30,30,64,64],"floor_reached":55,"playtime":2174,"items_purged":[],"score":697,"play_id":"cd9c949b-60ac-4745-b8bc-87350d029915","local_time":"20190618141209","is_ascension_mode":false,"campfire_choices":[{"data":"Bash","floor":6,"key":"SMITH"},{"data":"Inflame","floor":15,"key":"SMITH"},{"data":"Reaper","floor":24,"key":"SMITH"},{"data":"Inflame","floor":30,"key":"SMITH"},{"data":"Whirlwind","floor":32,"key":"SMITH"},{"floor":41,"key":"RECALL"},{"data":"Double Tap","floor":49,"key":"SMITH"},{"data":"Shockwave","floor":52,"key":"SMITH"}],"neow_cost":"NONE","seed_source_timestamp":398955006829900,"circlet_count":0,"master_deck":["Strike_R","Strike_R","Strike_R","Strike_R","Defend_R","Defend_R","Defend_R","Defend_R","Bash+1","Shrug It Off","Twin Strike","Inflame+1","Parasite","Reaper+1","Whirlwind+1","Inflame+1","Double Tap+1","Battle Trance+1","Shockwave+1","Shrug It Off+1"],"special_seed":0,"relics":["Burning Blood","MawBank","Vajra","Dodecahedron","Orichalcum","Pen Nib","Juzu Bracelet","Busted Crown","Bag of Preparation","Regal Pillow","Dream Catcher","Matryoshka","Lantern","Sozu","Calipers","Red Skull","Art of War","Pantograph","Bag of Marbles"],"potions_floor_usage":[16,20,23,25,27,28,36],"damage_taken":[{"damage":11.0,"enemies":"Jaw Worm","floor":1.0,"turns":5.0},{"damage":4.0,"enemies":"2 Louse","floor":2.0,"turns":4.0},{"damage":2,"enemies":"Small Slimes","floor":4,"turns":3},{"damage":44,"enemies":"3 Sentries","floor":7,"turns":15},{"damage":2,"enemies":"2 Fungi Beasts","floor":8,"turns":6},{"damage":24,"enemies":"Lagavulin","floor":13,"turns":5},{"damage":25,"enemies":"Hexaghost","floor":16,"turns":9},{"damage":0,"enemies":"Chosen","floor":18,"turns":3},{"damage":4,"enemies":"Spheric Guardian","floor":20,"turns":3},{"damage":0,"enemies":"Cultist and Chosen","floor":21,"turns":4},{"damage":23,"enemies":"Slavers","floor":23,"turns":5},{"damage":16,"enemies":"Snecko","floor":25,"turns":4},{"damage":15,"enemies":"Snake Plant","floor":27,"turns":2},{"damage":26,"enemies":"Book of Stabbing","floor":28,"turns":4},{"damage":20,"enemies":"Centurion and Healer","floor":31,"turns":5},{"damage":54,"enemies":"Champ","floor":33,"turns":8},{"damage":12,"enemies":"3 Shapes","floor":35,"turns":4},{"damage":0,"enemies":"2 Orb Walkers","floor":36,"turns":1},{"damage":5,"enemies":"Orb Walker","floor":37,"turns":2},{"damage":21,"enemies":"Spire Growth","floor":39,"turns":3},{"damage":16,"enemies":"Nemesis","floor":40,"turns":5},{"damage":8,"enemies":"Transient","floor":42,"turns":5},{"damage":0,"enemies":"3 Darklings","floor":44,"turns":1},{"damage":10,"enemies":"Spire Growth","floor":45,"turns":3},{"damage":86,"enemies":"Donu and Deca","floor":50,"turns":8},{"damage":23,"enemies":"Shield and Spear","floor":54,"turns":3},{"damage":118,"enemies":"The Heart","floor":55,"turns":6}],"seed_played":"3412153781489669106","potions_obtained":[{"floor":7,"key":"SteroidPotion"},{"floor":8,"key":"Poison Potion"},{"floor":13,"key":"SteroidPotion"},{"floor":20,"key":"EntropicBrew"},{"floor":21,"key":"AttackPotion"},{"floor":27,"key":"Fruit Juice"}],"is_trial":false,"path_per_floor":["M","M","?","M","$","R","E","M","T","?","$","?","E","?","R","B",null,"M","$","M","M","?","E","R","M","T","M","E","$","R","M","R","B",null,"M","?","M","$","M","E","R","M","T","M","M","$","?","?","R","B",null,"R","$","E","B"],"character_chosen":"IRONCLAD","items_purchased":["Vajra","Pen Nib","Bag of Preparation","Lantern","Shockwave","Pantograph"],"campfire_rested":0,"item_purchase_floors":[5,11,19,29,38,46],"current_hp_per_floor":[75,77,74,78,78,78,40,44,44,44,44,44,26,46,46,27,80,80,80,80,80,80,79,79,78,78,74,54,54,54,58,58,22,85,79,85,85,85,70,78,78,85,85,85,84,84,84,74,74,50,85,85,85,68,0],"gold":64,"neow_bonus":"HUNDRED_GOLD","is_prod":false,"is_daily":false,"chose_seed":false,"campfire_upgraded":7,"win_rate":0,"timestamp":1560856329,"path_taken":["M","M","?","M","$","R","E","M","T","?","$","?","E","?","R","BOSS","M","$","M","M","?","E","R","M","T","M","E","$","R","M","R","BOSS","M","?","M","$","M","E","R","M","T","M","M","$","?","?","R","BOSS","R","$","E","BOSS"],"build_version":"2019-01-23","purchased_purges":0,"victory":false,"max_hp_per_floor":[80,80,80,80,80,80,80,80,80,80,80,80,80,80,80,80,80,80,80,80,80,80,80,80,80,80,85,85,85,85,85,85,85,85,85,85,85,85,85,85,85,85,85,85,85,85,85,85,85,85,85,85,85,85,85],"card_choices":[{"not_picked":["Havoc","Iron Wave","Searing Blow"],"picked":"SKIP","floor":1.0},{"not_picked":["Armaments","Reckless Charge"],"picked":"Shrug It Off","floor":2.0},{"not_picked":["Sever Soul","Thunderclap","Clash"],"picked":"SKIP","floor":4},{"not_picked":["Fiend Fire","Body Slam","Pummel"],"picked":"SKIP","floor":7},{"not_picked":["Headbutt","Shockwave"],"picked":"Twin Strike","floor":8},{"not_picked":["Dropkick","Headbutt"],"picked":"Inflame","floor":13},{"not_picked":["Dark Embrace","Brutality"],"picked":"Reaper","floor":16},{"not_picked":["Carnage+1"],"picked":"SKIP","floor":18},{"not_picked":["Warcry+1"],"picked":"SKIP","floor":20},{"not_picked":["True Grit"],"picked":"SKIP","floor":21},{"not_picked":["Perfected Strike"],"picked":"SKIP","floor":23},{"not_picked":[],"picked":"Whirlwind","floor":25},{"not_picked":["Pommel Strike"],"picked":"SKIP","floor":27},{"not_picked":[],"picked":"Inflame","floor":28},{"not_picked":["Perfected Strike"],"picked":"SKIP","floor":31},{"not_picked":[],"picked":"Double Tap","floor":33},{"not_picked":[],"picked":"Battle Trance+1","floor":35},{"not_picked":["Spot Weakness+1"],"picked":"SKIP","floor":37},{"not_picked":["Pommel Strike"],"picked":"SKIP","floor":39},{"not_picked":[],"picked":"Shrug It Off+1","floor":40},{"not_picked":["Armaments+1"],"picked":"SKIP","floor":42},{"not_picked":["Armaments+1"],"picked":"SKIP","floor":44},{"not_picked":["Shockwave"],"picked":"SKIP","floor":45},{"not_picked":["Cleave+1"],"picked":"SKIP","floor":54}],"player_experience":630617,"relics_obtained":[{"floor":7,"key":"Dodecahedron"},{"floor":9,"key":"Orichalcum"},{"floor":13,"key":"Juzu Bracelet"},{"floor":23,"key":"Regal Pillow"},{"floor":26,"key":"Dream Catcher"},{"floor":28,"key":"Matryoshka"},{"floor":36,"key":"Calipers"},{"floor":40,"key":"Red Skull"},{"floor":43,"key":"Art of War"},{"floor":54,"key":"Bag of Marbles"}],"event_choices":[{"damage_healed":0.0,"max_hp_gain":0.0,"max_hp_loss":0.0,"gold_gain":0.0,"event_name":"Scrap Ooze","player_choice":"Success","floor":3.0,"gold_loss":0.0,"damage_taken":3.0,"relics_obtained":["MawBank"]},{"damage_healed":0,"gold_gain":63,"player_choice":"Gained Gold","damage_taken":0,"max_hp_gain":0,"max_hp_loss":0,"event_name":"Golden Wing","floor":10,"gold_loss":0},{"damage_healed":0,"gold_gain":0,"player_choice":"Ignored","damage_taken":0,"max_hp_gain":0,"max_hp_loss":0,"event_name":"Liars Game","floor":12,"gold_loss":0},{"damage_healed":20,"gold_gain":0,"player_choice":"Healed and dodged fight","damage_taken":0,"max_hp_gain":0,"max_hp_loss":0,"event_name":"Mushrooms","floor":14,"gold_loss":0,"cards_obtained":["Parasite"]},{"damage_healed":0,"gold_gain":0,"player_choice":"Ignored","damage_taken":0,"max_hp_gain":0,"max_hp_loss":0,"event_name":"Cursed Tome","floor":22,"gold_loss":0},{"damage_healed":0,"gold_gain":0,"player_choice":"Fight","damage_taken":0,"max_hp_gain":0,"max_hp_loss":0,"event_name":"Mysterious Sphere","floor":36,"gold_loss":0},{"cards_removed":["Strike_R"],"damage_healed":0,"gold_gain":0,"player_choice":"Removed Attack","damage_taken":0,"max_hp_gain":0,"max_hp_loss":0,"event_name":"Falling","floor":47,"gold_loss":0},{"damage_healed":0,"gold_gain":0,"player_choice":"Memory 3","damage_taken":10,"max_hp_gain":0,"max_hp_loss":0,"event_name":"SensoryStone","floor":48,"gold_loss":0}],"is_beta":false,"boss_relics":[{"not_picked":["Runic Dome","Calling Bell"],"picked":"Busted Crown"},{"not_picked":["Snecko Eye","Eternal Feather"],"picked":"Sozu"}],"items_purged_floors":[],"is_endless":false,"potions_floor_spawned":[7,8,13,20,21,27,39,40,42,44],"killed_by":"The Heart","ascension_level":0}