{"gold_per_floor":[118,136,136,155,173,173,199,199,224,234,211,211,211,225,225,225],"floor_reached":16,"playtime":393,"items_purged":[],"score":102,"play_id":"93497158-5149-4aab-92f2-65e913d79e97","local_time":"20181028030250","is_ascension_mode":false,"campfire_choices":[{"data":"Juggernaut","floor":6,"key":"SMITH"},{"data":"Defend_R","floor":8,"key":"SMITH"},{"data":"Armaments","floor":12,"key":"SMITH"},{"floor":15,"key":"REST"}],"neow_cost":"NONE","seed_source_timestamp":298611048112057,"circlet_count":0,"master_deck":["Strike_R","Strike_R","Strike_R","Strike_R","Strike_R","Defend_R","Defend_R","Defend_R","Defend_R+1","Bash","Juggernaut+1","Ghostly Armor","Armaments+1"],"special_seed":0,"relics":["Burning Blood","Vajra","Bag of Marbles"],"potions_floor_usage":[7,10],"damage_taken":[{"damage":6.0,"enemies":"Small Slimes","floor":1.0,"turns":4.0},{"damage":5,"enemies":"Cultist","floor":2,"turns":4},{"damage":11,"enemies":"Jaw Worm","floor":4,"turns":5},{"damage":7,"enemies":"3 Louse","floor":5,"turns":4},{"damage":28,"enemies":"Gremlin Nob","floor":7,"turns":5},{"damage":36,"enemies":"Exordium Thugs","floor":10,"turns":6},{"damage":2,"enemies":"Looter","floor":14,"turns":4},{"damage":50,"enemies":"Slime Boss","floor":16,"turns":8}],"seed_played":"2747027462099016664","potions_obtained":[{"floor":1.0,"key":"Swift Potion"},{"floor":4,"key":"Weak Potion"},{"floor":10,"key":"FearPotion"}],"is_trial":false,"path_per_floor":["M","M","$","M","M","R","E","R","T","M","$","R","?","M","R"],"character_chosen":"IRONCLAD","items_purchased":["Armaments"],"campfire_rested":1,"item_purchase_floors":[11],"current_hp_per_floor":[80,80,80,75,74,74,52,52,52,22,22,22,22,26,50,0],"gold":225,"neow_bonus":"ONE_RANDOM_RARE_CARD","is_prod":false,"is_daily":false,"chose_seed":false,"campfire_upgraded":3,"win_rate":0,"timestamp":1540684970,"path_taken":["M","M","$","M","M","R","E","R","T","M","$","R","?","M","R","BOSS"],"build_version":"2018-10-25v2","purchased_purges":0,"victory":false,"max_hp_per_floor":[80,80,80,80,80,80,80,80,80,80,80,80,80,80,80,80],"card_choices":[{"not_picked":["Carnage","Anger","Body Slam"],"picked":"SKIP","floor":1.0},{"not_picked":["Evolve","Intimidate","Dropkick"],"picked":"SKIP","floor":2},{"not_picked":["Second Wind","Intimidate","Flame Barrier"],"picked":"SKIP","floor":4},{"not_picked":["Spot Weakness","True Grit","Heavy Blade"],"picked":"SKIP","floor":5},{"not_picked":["Rage","Infernal Blade","Sever Soul"],"picked":"SKIP","floor":7},{"not_picked":["Perfected Strike","Hemokinesis"],"picked":"Ghostly Armor","floor":10},{"not_picked":["Anger","Wild Strike","Pummel"],"picked":"SKIP","floor":14}],"player_experience":438334,"relics_obtained":[{"floor":7,"key":"Vajra"},{"floor":9,"key":"Bag of Marbles"}],"event_choices":[{"damage_healed":0,"gold_gain":0,"player_choice":"Fled","damage_taken":0,"max_hp_gain":0,"max_hp_loss":0,"event_name":"Scrap Ooze","floor":13,"gold_loss":0}],"is_beta":false,"boss_relics":[],"items_purged_floors":[],"is_endless":false,"potions_floor_spawned":[1,4,10],"killed_by":"Slime Boss","ascension_level":0}