{"gold_per_floor":[110,110,84,99,112,112,136,152,177,197,231,249,263,299,299,428,428,441,462,422,446,462,497,497,509,521,533,545,574,586,614,626,743,755,783,795,823,855,514,514,531,531,531,531,556,569,583,0,0,0],"floor_reached":50,"playtime":1333,"items_purged":[],"score":510,"play_id":"f10e66a2-7029-4f35-9b49-d830dc5a682e","local_time":"20180801041034","is_ascension_mode":false,"campfire_choices":[{"data":"Bash","floor":6.0,"key":"SMITH"},{"data":"Armaments","floor":15,"key":"SMITH"},{"floor":24,"key":"DIG"},{"floor":27,"key":"DIG"},{"floor":32,"key":"DIG"},{"floor":40,"key":"DIG"},{"floor":44,"key":"DIG"},{"floor":49,"key":"DIG"}],"neow_cost":"NONE","seed_source_timestamp":26510966066346,"circlet_count":0,"master_deck":["Strike_R","Strike_R+1","Strike_R","Strike_R","Strike_R","Defend_R","Defend_R","Defend_R+1","Defend_R+1","Bash+1","Twin Strike","Thunderclap+1","Dropkick","Armaments+1","Inflame","Offering","Inflame","Sword Boomerang","Sword Boomerang","Feed","Double Tap","Sword Boomerang+1"],"special_seed":0,"relics":["Burning Blood","Bloody Idol","Regal Pillow","Omamori","Vajra","Lizard Tail","Shovel","MawBank","Smiling Mask","Blue Candle","Gremlin Horn","Coffee Dripper","Pen Nib","Sling","Matryoshka","StoneCalendar","Whetstone","Molten Egg 2","Ornamental Fan","Boot","Red Mask","War Paint"],"potions_floor_usage":[14,22,22,23,33,41,45,50,50,50],"damage_taken":[{"damage":0.0,"enemies":"Small Slimes","floor":1.0,"turns":3.0},{"damage":6.0,"enemies":"Jaw Worm","floor":4.0,"turns":3.0},{"damage":7.0,"enemies":"2 Louse","floor":5.0,"turns":2.0},{"damage":13.0,"enemies":"Red Slaver","floor":7.0,"turns":2.0},{"damage":12.0,"enemies":"Blue Slaver","floor":8.0,"turns":2.0},{"damage":11.0,"enemies":"Exordium Wildlife","floor":10.0,"turns":3.0},{"damage":14.0,"enemies":"Gremlin Nob","floor":11.0,"turns":3.0},{"damage":6.0,"enemies":"2 Fungi Beasts","floor":12.0,"turns":3.0},{"damage":4.0,"enemies":"Blue Slaver","floor":13.0,"turns":5.0},{"damage":18,"enemies":"Lagavulin","floor":14,"turns":4},{"damage":7,"enemies":"Slime Boss","floor":16,"turns":7},{"damage":10,"enemies":"Chosen","floor":18,"turns":4},{"damage":20,"enemies":"Shell Parasite","floor":19,"turns":3},{"damage":21,"enemies":"Snake Plant","floor":21,"turns":2},{"damage":18,"enemies":"Sentry and Sphere","floor":22,"turns":4},{"damage":54,"enemies":"Book of Stabbing","floor":23,"turns":5},{"damage":36,"enemies":"Centurion and Healer","floor":29,"turns":5},{"damage":19,"enemies":"Snecko","floor":31,"turns":5},{"damage":26,"enemies":"Collector","floor":33,"turns":6},{"damage":21,"enemies":"3 Darklings","floor":35,"turns":4},{"damage":9,"enemies":"Flame Bruiser 1 Orb","floor":37,"turns":3},{"damage":5,"enemies":"Transient","floor":38,"turns":5},{"damage":5,"enemies":"Flame Bruiser 2 Orb","floor":41,"turns":3},{"damage":41,"floor":42,"turns":4},{"damage":22,"enemies":"2 Orb Walkers","floor":45,"turns":3},{"damage":35,"enemies":"Sphere and 2 Shapes","floor":46,"turns":4},{"damage":15,"enemies":"3 Darklings","floor":47,"turns":2},{"damage":23,"enemies":"Donu and Deca","floor":50,"turns":2}],"seed_played":"-2358876152476501245","potions_obtained":[{"floor":5.0,"key":"Strength Potion"},{"floor":10.0,"key":"Regen Potion"},{"floor":11.0,"key":"Block Potion"},{"floor":13.0,"key":"Strength Potion"},{"floor":14,"key":"Explosive Potion"},{"floor":22,"key":"Ancient Potion"},{"floor":33,"key":"Weak Potion"},{"floor":35,"key":"Dexterity Potion"},{"floor":38,"key":"SkillPotion"},{"floor":45,"key":"Swift Potion"},{"floor":47,"key":"Block Potion"}],"is_trial":false,"path_per_floor":["M","?","$","M","M","R","M","M","T","M","E","M","M","E","R","B",null,"M","M","$","M","M","E","R","$","T","R","?","M","?","M","R","B",null,"M","$","M","M","$","R","M","?","T","R","E","M","M","?","R"],"character_chosen":"IRONCLAD","items_purchased":["Twin Strike","Inflame","Pen Nib","Sling"],"campfire_rested":0,"item_purchase_floors":[3,20,39,39],"current_hp_per_floor":[80,60,60,60,59,59,52,46,46,41,33,33,35,23,23,22,80,76,62,62,47,35,46,46,46,46,46,46,26,31,28,33,23,80,73,78,83,83,83,83,83,48,48,48,40,19,15,15,15,0],"gold":0,"neow_bonus":"THREE_CARDS","is_prod":false,"is_daily":false,"chose_seed":false,"campfire_upgraded":2,"win_rate":0,"timestamp":1533085834,"path_taken":["M","?","$","M","M","R","M","?","T","M","E","M","M","E","R","BOSS","M","M","$","M","M","E","R","$","T","R","?","M","?","M","R","BOSS","M","$","M","M","$","R","M","?","T","R","E","M","M","?","R","BOSS"],"build_version":"2018-07-26","purchased_purges":0,"victory":false,"max_hp_per_floor":[80,80,80,80,80,80,80,80,80,80,80,80,80,80,80,80,80,80,80,80,80,80,80,80,80,80,80,80,80,80,80,80,80,80,83,83,83,83,83,83,83,83,83,83,86,89,89,89,89,89],"card_choices":[{"not_picked":["Flex","Combust","Disarm"],"picked":"SKIP","floor":1.0},{"not_picked":["Anger","Body Slam"],"picked":"Thunderclap","floor":4.0},{"not_picked":["Dark Embrace","Body Slam","Pommel Strike"],"picked":"SKIP","floor":5.0},{"not_picked":["Havoc","Armaments","Flex"],"picked":"SKIP","floor":7.0},{"not_picked":["Burning Pact","Entrench","Heavy Blade"],"picked":"SKIP","floor":8.0},{"not_picked":["Second Wind","Body Slam"],"picked":"Dropkick","floor":10.0},{"not_picked":["Uppercut","Cleave"],"picked":"Armaments","floor":11.0},{"not_picked":["Body Slam","Anger"],"picked":"Inflame","floor":12.0},{"not_picked":["Thunderclap","Heavy Blade","Rupture"],"picked":"SKIP","floor":13.0},{"not_picked":["Dual Wield","Feel No Pain","Dark Embrace"],"picked":"SKIP","floor":14},{"not_picked":["Immolate","Impervious"],"picked":"Offering","floor":16},{"not_picked":["Carnage","Wild Strike","Infernal Blade+1"],"picked":"SKIP","floor":18},{"not_picked":["Flex","Dual Wield+1","Searing Blow+1"],"picked":"SKIP","floor":19},{"not_picked":["Feel No Pain","Rage"],"picked":"Sword Boomerang","floor":21},{"not_picked":["Intimidate","Heavy Blade+1","Headbutt"],"picked":"SKIP","floor":22},{"not_picked":["Seeing Red","Berserk","Power Through"],"picked":"SKIP","floor":23},{"not_picked":["Second Wind","Hemokinesis","Armaments"],"picked":"SKIP","floor":29},{"not_picked":["Disarm+1","Warcry"],"picked":"Sword Boomerang","floor":31},{"not_picked":["Barricade","Brutality"],"picked":"Feed","floor":33},{"not_picked":["Warcry","Iron Wave+1","Hemokinesis+1"],"picked":"SKIP","floor":35},{"not_picked":["Reckless Charge+1","Body Slam+1","Flex"],"picked":"SKIP","floor":37},{"not_picked":["Spot Weakness+1","Fire Breathing","Carnage"],"picked":"SKIP","floor":38},{"not_picked":["Thunderclap+1","Anger"],"picked":"Double Tap","floor":41},{"not_picked":["Clash+1","Clothesline+1"],"picked":"Sword Boomerang+1","floor":45},{"not_picked":["Intimidate","Anger+1","Shockwave+1"],"picked":"SKIP","floor":46},{"not_picked":["Body Slam+1","Flex","Sentinel"],"picked":"SKIP","floor":47}],"player_experience":286610,"relics_obtained":[{"floor":9.0,"key":"Regal Pillow"},{"floor":11.0,"key":"Omamori"},{"floor":14,"key":"Vajra"},{"floor":23,"key":"Shovel"},{"floor":24,"key":"MawBank"},{"floor":26,"key":"Smiling Mask"},{"floor":27,"key":"Blue Candle"},{"floor":32,"key":"Gremlin Horn"},{"floor":40,"key":"Matryoshka"},{"floor":42,"key":"StoneCalendar"},{"floor":43,"key":"Whetstone"},{"floor":43,"key":"Molten Egg 2"},{"floor":44,"key":"Ornamental Fan"},{"floor":45,"key":"Boot"},{"floor":49,"key":"War Paint"}],"event_choices":[{"event_name":"Golden Idol","player_choice":"Take Damage","floor":2.0,"damage_taken":0.0},{"event_name":"Forgotten Altar","player_choice":"Gave Idol","floor":28,"damage_taken":0},{"event_name":"Beggar","player_choice":"Ignored","floor":30,"damage_taken":0},{"event_name":"MindBloom","player_choice":"Fight","floor":42,"damage_taken":0},{"event_name":"Tomb of Lord Red Mask","player_choice":"Paid","floor":48,"damage_taken":0}],"is_beta":false,"boss_relics":[{"not_picked":["Tiny House","Eternal Feather"],"picked":"Lizard Tail"},{"not_picked":["Runic Dome","Empty Cage"],"picked":"Coffee Dripper"}],"items_purged_floors":[],"is_endless":false,"potions_floor_spawned":[5,10,11,13,14,18,22,33,35,38,45,47],"killed_by":"Donu and Deca","ascension_level":0}