{"path_per_floor":["M","?","$","M","?","R","E","R","T","$","R","M","E","?","R","B",null,"M","M","$","M","?","M","R","M","T","?","M","R","?","?","R"],"character_chosen":"THE_SILENT","items_purchased":["Dash"],"gold_per_floor":[112,187,74,84,84,84,114,114,114,14,14,34,66,166,166,268,268,278,297,172,182,182,193,193,203,203,203,223,223,255,170,170],"floor_reached":33,"campfire_rested":0,"playtime":3438,"current_hp_per_floor":[70,59,59,59,59,59,53,53,53,53,53,53,60,60,60,21,80,80,80,80,80,80,80,80,69,69,69,69,69,69,69,69],"items_purged":["Strike_G","Strike_G","Masterful Stab"],"gold":170,"play_id":"dbd4eb79-c809-45fa-9cc9-fb612c8896d5","is_prod":false,"is_daily":false,"is_ascension_mode":false,"campfire_upgraded":3,"path_taken":["M","?","$","M","?","R","E","R","T","$","R","M","E","?","R","BOSS","M","M","$","M","?","M","R","M","T","?","?","R","?","?","R","BOSS"],"build_version":"2018-02-02-BETA1","purchased_purges":3,"victory":false,"master_deck":["Survivor","Neutralize+1","All Out Attack","Escape Plan","Dash+1","Dagger Throw","Backstab+1","Heel Hook","Tactician+1","Sucker Punch","Acrobatics","Deflect"],"max_hp_per_floor":[70,70,70,70,70,70,70,70,70,70,70,70,80,80,80,80,80,80,80,80,80,80,80,80,80,80,80,80,80,80,80,80],"relics":["Ring of the Snake","Peace Pipe","Girya","Pandora\u0027s Box","Lantern","Nloth\u0027s Gift","Red Mask","Oddly Smooth Stone"],"card_choices":[{"not_picked":["Poisoned Stab","Reflex"],"picked":"Escape Plan"},{"not_picked":["Sucker Punch","Crippling Poison"],"picked":"Dagger Throw"},{"not_picked":["Flechettes","Predator"],"picked":"Backstab"},{"not_picked":["Flying Knee","Dodge and Roll"],"picked":"Heel Hook"},{"not_picked":["Crippling Poison","Well Laid Plans"],"picked":"Acrobatics"},{"not_picked":["Glass Knife","Venomology"],"picked":"Tactician"}],"player_experience":226443,"potions_floor_usage":[7,16,21,28,33,33],"damage_taken":[{"damage":0,"enemies":"2 Louse","floor":1,"turns":2},{"damage":0,"enemies":"Jaw Worm","floor":4,"turns":4},{"damage":6,"enemies":"3 Sentries","floor":7,"turns":5},{"damage":0,"enemies":"Blue Slaver","floor":12,"turns":3},{"damage":3,"enemies":"Lagavulin","floor":13,"turns":5},{"damage":39,"enemies":"Slime Boss","floor":16,"turns":11},{"damage":0,"enemies":"Spheric Guardian","floor":18,"turns":3},{"damage":0,"enemies":"Shell Parasite","floor":19,"turns":5},{"damage":0,"enemies":"Cultist and Chosen","floor":21,"turns":5},{"damage":0,"enemies":"Centurion and Healer","floor":23,"turns":5},{"damage":11,"enemies":"Sentry and Sphere","floor":25,"turns":4},{"damage":0,"enemies":"Cultist and Chosen","floor":28,"turns":3},{"damage":0,"enemies":"Masked Bandits","floor":30,"turns":4},{"damage":70,"enemies":"Champ","floor":33,"turns":12}],"event_choices":[{"event_name":"World of Goop","player_choice":"Gather Gold","floor":2,"damage_taken":0},{"event_name":"Living Wall","player_choice":"Grow","floor":5,"damage_taken":0},{"event_name":"Golden Shrine","player_choice":"Pray","floor":14,"damage_taken":0},{"event_name":"Back to Basics","player_choice":"Elegance","floor":22,"damage_taken":0},{"event_name":"N\u0027loth","player_choice":"Traded a Pear","floor":27,"damage_taken":0},{"event_name":"Masked Bandits","player_choice":"Fought over 223 gold","floor":30,"damage_taken":0},{"event_name":"Addict","player_choice":"Obtained Relic","floor":31,"damage_taken":0}],"boss_relics":[{"not_picked":["Black Star","Runic Dome"],"picked":"Pandora\u0027s Box"}],"potions_floor_spawned":[4,12,13,16,19,25,30],"seed_played":"4529724129221246922","killed_by":"Champ","ascension_level":0,"is_trial":false}