{"gold_per_floor":[112,37,54,54,54,80,80,95,151,151,170,203,220,250,250,250],"floor_reached":16,"playtime":1652,"items_purged":["Normality"],"score":150,"play_id":"612d2c6d-46e1-4e04-b13b-d00d0a7aa086","local_time":"20190727132159","is_ascension_mode":true,"campfire_choices":[{"floor":7,"key":"REST"},{"data":"Armaments","floor":10,"key":"SMITH"},{"floor":15,"key":"REST"}],"neow_cost":"CURSE","seed_source_timestamp":6903942297835,"circlet_count":0,"master_deck":["Strike_R","Strike_R","Strike_R","Strike_R","Strike_R","Defend_R","Defend_R","Defend_R","Defend_R","Bash","Violence","Bandage Up","Body Slam","Armaments+1","Entrench","Dual Wield","Juggernaut","Feel No Pain"],"relics":["Burning Blood","Lantern","Tiny Chest","PreservedInsect","Boot"],"potions_floor_usage":[6,13,16],"damage_taken":[{"damage":1,"enemies":"Cultist","floor":1,"turns":4},{"damage":7,"enemies":"2 Louse","floor":3,"turns":3},{"damage":64,"enemies":"Gremlin Nob","floor":6,"turns":6},{"damage":9,"enemies":"Jaw Worm","floor":8,"turns":4},{"damage":7,"enemies":"Looter","floor":11,"turns":4},{"damage":29,"enemies":"Lagavulin","floor":12,"turns":11},{"damage":11,"enemies":"Exordium Thugs","floor":13,"turns":4},{"damage":19,"enemies":"3 Sentries","floor":14,"turns":7},{"damage":59,"enemies":"The Guardian","floor":16,"turns":11}],"seed_played":"6747551507344326497","potions_obtained":[{"floor":3,"key":"PowerPotion"},{"floor":12,"key":"Fire Potion"},{"floor":14,"key":"Block Potion"}],"is_trial":false,"path_per_floor":["M","$","M","$","?","E","R","M","T","R","M","E","M","E","R","B"],"character_chosen":"IRONCLAD","items_purchased":[],"campfire_rested":2,"item_purchase_floors":[],"current_hp_per_floor":[80,80,80,80,80,26,50,51,51,51,54,35,34,25,49,0],"gold":250,"neow_bonus":"RANDOM_COLORLESS_2","is_prod":false,"is_daily":false,"chose_seed":false,"campfire_upgraded":1,"win_rate":0,"timestamp":1564251719,"path_taken":["M","$","M","$","?","E","R","M","T","R","M","E","M","E","R","BOSS"],"build_version":"2019-07-17","purchased_purges":1,"victory":false,"max_hp_per_floor":[80,80,80,80,80,80,80,80,80,80,80,80,80,80,80,80],"card_choices":[{"not_picked":["Fire Breathing","Second Wind"],"picked":"Body Slam","floor":1},{"not_picked":["Clothesline","Heavy Blade"],"picked":"Armaments","floor":3},{"not_picked":["Infernal Blade","Fire Breathing"],"picked":"Entrench","floor":6},{"not_picked":["True Grit","Flex"],"picked":"Dual Wield","floor":8},{"not_picked":["Rampage","Clash","Warcry"],"picked":"SKIP","floor":11},{"not_picked":["Sentinel","Havoc"],"picked":"Juggernaut","floor":12},{"not_picked":["Evolve","Battle Trance"],"picked":"Feel No Pain","floor":13},{"not_picked":["Sword Boomerang","Armaments","Twin Strike"],"picked":"SKIP","floor":14}],"player_experience":705742,"relics_obtained":[{"floor":6,"key":"Lantern"},{"floor":9,"key":"Tiny Chest"},{"floor":12,"key":"PreservedInsect"},{"floor":14,"key":"Boot"}],"event_choices":[{"damage_healed":0,"gold_gain":0,"player_choice":"Ignored","damage_taken":0,"max_hp_gain":0,"max_hp_loss":0,"event_name":"Liars Game","floor":5,"gold_loss":0}],"is_beta":false,"boss_relics":[],"items_purged_floors":[2],"is_endless":false,"potions_floor_spawned":[3,12,14],"killed_by":"The Guardian","ascension_level":5}