{"gold_per_floor":[113,43,55,55,55,85,96,113,137,65,65,92,92,17,17,119,119,134,150,150,150,163,195,195,206,206,206,206,241,253],"floor_reached":30,"playtime":968,"items_purged":[],"score":276,"play_id":"5cebf9ac-2327-478a-a22b-d35c2b98b2c7","local_time":"20181028034326","is_ascension_mode":false,"campfire_choices":[{"data":"Storm","floor":13,"key":"SMITH"},{"data":"Defragment","floor":15,"key":"SMITH"},{"floor":24,"key":"REST"},{"data":"Static Discharge","floor":27,"key":"SMITH"}],"neow_cost":"NONE","seed_source_timestamp":300486176511949,"circlet_count":0,"master_deck":["Strike_B+1","Strike_B+1","Strike_B","Defend_B","Defend_B","Defend_B","Defend_B","Zap","Dualcast","Storm+1","Capacitor","Static Discharge+1","Hologram","Chill","Defragment+1","Loop"],"relics":["Cracked Core","Oddly Smooth Stone","Bronze Scales","Whetstone","Sozu","Frozen Egg 2","Pantograph","The Courier","MawBank"],"potions_floor_usage":[8,12,12],"damage_taken":[{"damage":1,"enemies":"Cultist","floor":1,"turns":3},{"damage":4,"enemies":"2 Louse","floor":3,"turns":3},{"damage":22,"enemies":"Lagavulin","floor":6,"turns":8},{"damage":11,"enemies":"Jaw Worm","floor":7,"turns":3},{"damage":23,"enemies":"Lots of Slimes","floor":8,"turns":3},{"damage":2,"enemies":"3 Sentries","floor":12,"turns":7},{"damage":26,"enemies":"The Guardian","floor":16,"turns":8},{"damage":4,"enemies":"Spheric Guardian","floor":18,"turns":4},{"damage":4,"enemies":"Shell Parasite","floor":19,"turns":5},{"damage":30,"enemies":"Cultist and Chosen","floor":22,"turns":5},{"damage":26,"enemies":"Gremlin Leader","floor":23,"turns":7},{"damage":2,"enemies":"Snecko","floor":25,"turns":4},{"damage":19,"enemies":"Book of Stabbing","floor":29,"turns":4},{"damage":13,"enemies":"Shelled Parasite and Fungi","floor":30,"turns":3}],"seed_played":"-311837568488222174","potions_obtained":[{"floor":7,"key":"EssenceOfSteel"},{"floor":8,"key":"SkillPotion"}],"is_trial":false,"path_per_floor":["M","$","M","$","?","E","M","M","T","$","?","E","R","$","R","B",null,"M","M","$","?","M","E","R","M","T","R","T","E"],"character_chosen":"DEFECT","items_purchased":["Capacitor","Regen Potion","Defragment"],"campfire_rested":1,"item_purchase_floors":[2,10,14],"current_hp_per_floor":[74,74,70,70,70,48,37,14,14,14,14,27,27,27,27,1,75,71,67,67,67,37,11,33,31,31,31,31,12,0],"gold":253,"neow_bonus":"THREE_CARDS","is_prod":false,"is_daily":false,"chose_seed":false,"campfire_upgraded":3,"win_rate":0,"timestamp":1540687406,"path_taken":["M","$","M","?","?","E","?","M","T","$","?","E","R","$","R","BOSS","M","M","$","?","M","E","R","M","T","R","?","E","M"],"build_version":"2018-10-25v2","purchased_purges":0,"victory":false,"max_hp_per_floor":[75,75,75,75,75,75,75,75,75,75,75,75,75,75,75,75,75,75,75,75,75,75,75,75,75,75,75,75,75,75],"card_choices":[{"not_picked":["Hologram","Leap"],"picked":"Storm","floor":0},{"not_picked":["Streamline","Ball Lightning","Sweeping Beam"],"picked":"SKIP","floor":1},{"not_picked":["Barrage","Leap","Streamline"],"picked":"SKIP","floor":3},{"not_picked":["Melter","Rebound"],"picked":"Static Discharge","floor":6},{"not_picked":["White Noise","Steam"],"picked":"Hologram","floor":7},{"not_picked":["Gash","Cold Snap","Turbo"],"picked":"SKIP","floor":8},{"not_picked":["Scrape","Cold Snap","Thunder Strike"],"picked":"SKIP","floor":12},{"not_picked":["Ball Lightning","Static Discharge","Skim+1"],"picked":"SKIP","floor":18},{"not_picked":["Ball Lightning+1","Aggregate","Beam Cell+1"],"picked":"SKIP","floor":19},{"not_picked":["Rebound+1","Compile Driver"],"picked":"Loop","floor":22},{"not_picked":["Darkness","Go for the Eyes","Thunder Strike"],"picked":"SKIP","floor":23},{"not_picked":["Chill","Stack","Streamline+1"],"picked":"SKIP","floor":25},{"not_picked":["Stack","Cold Snap","Heatsinks+1"],"picked":"SKIP","floor":29}],"player_experience":440150,"relics_obtained":[{"floor":6,"key":"Oddly Smooth Stone"},{"floor":9,"key":"Bronze Scales"},{"floor":12,"key":"Whetstone"},{"floor":23,"key":"Frozen Egg 2"},{"floor":26,"key":"Pantograph"},{"floor":28,"key":"The Courier"},{"floor":29,"key":"MawBank"}],"event_choices":[{"damage_healed":0,"gold_gain":0,"player_choice":"Leave","damage_taken":0,"max_hp_gain":0,"max_hp_loss":0,"event_name":"The Cleric","floor":5,"gold_loss":0},{"damage_healed":0,"gold_gain":0,"cards_transformed":["Strike_B"],"player_choice":"Transformed","damage_taken":0,"max_hp_gain":0,"max_hp_loss":0,"event_name":"Transmorgrifier","floor":11,"gold_loss":0,"cards_obtained":["Chill"]},{"damage_healed":0,"gold_gain":0,"player_choice":"Ignored","damage_taken":0,"max_hp_gain":0,"max_hp_loss":0,"event_name":"Beggar","floor":21,"gold_loss":0}],"is_beta":false,"boss_relics":[{"not_picked":["Eternal Feather","Empty Cage"],"picked":"Sozu"}],"items_purged_floors":[],"is_endless":false,"potions_floor_spawned":[7,8,23,25,29],"killed_by":"Shelled Parasite and Fungi","ascension_level":0}