{"path_per_floor":["M","$","M","?","?","R","M","E","T","M","M","?","R","M","R","B",null,"M","M","?","$","M","E","R","M","T","?","R"],"character_chosen":"IRONCLAD","items_purchased":["Deep Breath","Thinking Ahead"],"gold_per_floor":[114,24,39,39,39,39,49,76,154,164,178,178,178,193,193,297,297,315,330,330,133,151,186,186,200,200,200,200],"floor_reached":29,"campfire_rested":0,"playtime":3170,"current_hp_per_floor":[80,80,80,80,80,80,80,74,74,73,70,70,70,68,68,11,80,79,80,80,80,76,40,40,17,17,17,17],"items_purged":[],"gold":200,"play_id":"14c1d9bc-0308-4931-8da8-49ececcedd49","is_prod":false,"is_daily":false,"campfire_rituals":0,"campfire_upgraded":5,"is_hardmode":false,"path_taken":["M","?","M","?","?","R","?","E","T","M","M","?","R","M","R","BOSS","M","M","?","$","M","E","R","M","T","?","R","M"],"build_version":"2018-01-18-PROD4","purchased_purges":1,"victory":false,"master_deck":["Defend_R","Defend_R","Defend_R","Defend_R","Clumsy","Armaments","Thunderclap","Headbutt","Deep Breath","Cleave","Bludgeon","Thunderclap","Flex","Feed","Twin Strike","Pommel Strike","Thinking Ahead","Iron Wave","Battle Trance","Flame Barrier","Bite_R","Bite_R","Bite_R","Bite_R","Bite_R"],"max_hp_per_floor":[80,80,80,80,80,80,80,80,80,80,80,80,80,80,80,80,80,80,80,80,80,80,83,83,83,83,83,83],"relics":["Burning Blood","Bronze Scales","Mummified Hand","Velvet Choker","Molten Egg"],"campfire_meditates":0,"card_choices":[{"not_picked":["Reckless Charge","True Grit"],"picked":"Headbutt"},{"not_picked":["Thunderclap","Heavy Blade"],"picked":"Cleave"},{"not_picked":["Body Slam","Clash"],"picked":"Bludgeon"},{"not_picked":["Perfected Strike","Shrug It Off"],"picked":"Thunderclap"},{"not_picked":["Corruption","Searing Blow"],"picked":"Flex"},{"not_picked":["Dark Embrace","Impervious"],"picked":"Feed"},{"not_picked":["Sword Boomerang","Body Slam"],"picked":"Twin Strike"},{"not_picked":["Sword Boomerang","Intimidate"],"picked":"Pommel Strike"},{"not_picked":["Dropkick","Twin Strike"],"picked":"Iron Wave"},{"not_picked":["Iron Wave","Burning Pact"],"picked":"Battle Trance"},{"not_picked":["Sword Boomerang","Corruption"],"picked":"Flame Barrier"}],"player_experience":47413,"potions_floor_usage":[8,16,23],"damage_taken":[{"damage":4,"enemies":"Blue Slaver","floor":1,"turns":8},{"damage":5,"enemies":"Cultist","floor":3,"turns":4},{"damage":5,"enemies":"Small Slimes","floor":7,"turns":3},{"damage":12,"enemies":"Lagavulin","floor":8,"turns":6},{"damage":7,"enemies":"3 Louse","floor":10,"turns":2},{"damage":9,"enemies":"Large Slime","floor":11,"turns":6},{"damage":8,"enemies":"Lots of Slimes","floor":14,"turns":3},{"damage":63,"enemies":"Hexaghost","floor":16,"turns":10},{"damage":7,"enemies":"Shell Parasite","floor":18,"turns":2},{"damage":0,"enemies":"Chosen","floor":19,"turns":4},{"damage":10,"enemies":"Sentry and Sphere","floor":22,"turns":3},{"damage":45,"enemies":"Slavers","floor":23,"turns":6},{"damage":31,"enemies":"Snecko","floor":25,"turns":5},{"damage":32,"enemies":"Slaver and Parasite","floor":29,"turns":5}],"event_choices":[{"event_name":"The Cleric","player_choice":"Leave","floor":4,"damage_taken":0},{"event_name":"Upgrade Shrine","player_choice":"Upgraded","floor":5,"damage_taken":0},{"event_name":"Liars Game","player_choice":"disagreed","floor":12,"damage_taken":0},{"event_name":"N\u0027loth","player_choice":"Ignored","floor":20,"damage_taken":0},{"event_name":"Vampires","player_choice":"Became a vampire (Vial)","floor":27,"damage_taken":0}],"boss_relics":[{"not_picked":["Mark of Pain","Eternal Feather"],"picked":"Velvet Choker"}],"potions_floor_spawned":[7,8,16,18],"seed_played":"-3031530414137771430","killed_by":"Slaver and Parasite","is_trial":false}