{"gold_per_floor":[113,113,133,149,159,188,188,202,202,221,221,231,249,280,280,376,376,396,408,421,521,247,247,278,278,333,346,10,23,43,59,59,160,160,180,194,210,221,181,181,98,98,98,98,98,112,112,131,131,131],"floor_reached":51,"playtime":1576,"items_purged":["Clumsy"],"score":687,"play_id":"81143040-5359-45d7-8c3f-aa96188c5d73","local_time":"20180920040423","is_ascension_mode":false,"campfire_choices":[{"floor":11.0,"key":"REST"},{"data":"Rampage","floor":15.0,"key":"SMITH"},{"data":"Bash","floor":23.0,"key":"SMITH"},{"data":"Offering","floor":25.0,"key":"SMITH"},{"data":"Rage","floor":32,"key":"SMITH"},{"data":"Cleave","floor":40,"key":"SMITH"},{"data":"Thunderclap","floor":42,"key":"SMITH"},{"data":"Strike_R","floor":45,"key":"SMITH"},{"data":"Strike_R","floor":49,"key":"SMITH"}],"neow_cost":"NONE","seed_source_timestamp":12727871937918,"circlet_count":0,"master_deck":["Strike_R+1","Strike_R","Strike_R+1","Strike_R+1","Strike_R+1","Defend_R","Defend_R","Defend_R","Bash+1","Cleave+1","Thunderclap+1","Rampage+1","Reaper+1","Offering+1","Pommel Strike+1","Rage+1","Thunderclap+1","Pommel Strike+1","Rampage+1","Sword Boomerang+1","Offering+1","Dropkick+1","Sword Boomerang+1","Fire Breathing+1","Normality","Twin Strike+1","Mayhem+1"],"special_seed":0,"relics":["Burning Blood","Orichalcum","Boot","Kunai","Molten Egg 2","Cursed Key","Pocketwatch","Frozen Egg 2","Shuriken","Bag of Marbles","Whetstone","ClockworkSouvenir","Mark of Pain","Omamori"],"potions_floor_usage":[50,50,50],"damage_taken":[{"damage":0.0,"enemies":"Small Slimes","floor":1.0,"turns":3.0},{"damage":0.0,"enemies":"Cultist","floor":3.0,"turns":3.0},{"damage":6.0,"enemies":"Jaw Worm","floor":4.0,"turns":3.0},{"damage":10.0,"enemies":"Large Slime","floor":5.0,"turns":6.0},{"damage":36.0,"enemies":"Lagavulin","floor":6.0,"turns":6.0},{"damage":27.0,"enemies":"Exordium Thugs","floor":8.0,"turns":6.0},{"damage":8.0,"enemies":"Blue Slaver","floor":10.0,"turns":4.0},{"damage":4.0,"enemies":"Looter","floor":12.0,"turns":2.0},{"damage":1.0,"enemies":"3 Louse","floor":13.0,"turns":2.0},{"damage":16.0,"enemies":"Gremlin Nob","floor":14.0,"turns":4.0},{"damage":54.0,"enemies":"Hexaghost","floor":16.0,"turns":11.0},{"damage":24.0,"enemies":"2 Thieves","floor":18.0,"turns":3.0},{"damage":22.0,"enemies":"Shell Parasite","floor":19.0,"turns":3.0},{"damage":21.0,"enemies":"Shelled Parasite and Fungi","floor":20.0,"turns":3.0},{"damage":10.0,"enemies":"Colosseum Slavers","floor":21.0,"turns":3.0},{"damage":14.0,"enemies":"Colosseum Nobs","floor":21.0,"turns":3.0},{"damage":8.0,"enemies":"Slavers","floor":24.0,"turns":3.0},{"damage":6,"enemies":"Cultist and Chosen","floor":27,"turns":3},{"damage":10,"enemies":"Sentry and Sphere","floor":29,"turns":3},{"damage":6,"enemies":"Snecko","floor":30,"turns":2},{"damage":9,"enemies":"Shelled Parasite and Fungi","floor":31,"turns":3},{"damage":39,"enemies":"Automaton","floor":33,"turns":7},{"damage":24,"enemies":"3 Shapes","floor":35,"turns":3},{"damage":10,"enemies":"Orb Walker","floor":36,"turns":2},{"damage":12,"enemies":"Sphere and 2 Shapes","floor":37,"turns":2},{"damage":18,"enemies":"Maw","floor":38,"turns":5},{"damage":16,"enemies":"Transient","floor":46,"turns":5},{"damage":6,"enemies":"Spire Growth","floor":48,"turns":3},{"damage":78,"enemies":"Time Eater","floor":50,"turns":6}],"seed_played":"-8006257406982871370","potions_obtained":[{"floor":5.0,"key":"PowerPotion"},{"floor":6.0,"key":"Dexterity Potion"},{"floor":12.0,"key":"Energy Potion"},{"floor":14.0,"key":"BloodPotion"},{"floor":16.0,"key":"PowerPotion"},{"floor":21.0,"key":"AttackPotion"},{"floor":27,"key":"Fire Potion"},{"floor":29,"key":"AttackPotion"}],"is_trial":false,"path_per_floor":["M","$","M","M","M","E","?","M","T","M","R","M","M","E","R","B",null,"M","M","M","?","$","R","E","R","T","M","$","M","M","M","R","B",null,"M","M","M","M","?","R","$","R","T","$","R","M","?","M","R","B"],"character_chosen":"IRONCLAD","items_purchased":["Shuriken","Pommel Strike+1","ClockworkSouvenir","Sword Boomerang+1","Sword Boomerang+1","Fire Breathing+1"],"campfire_rested":1,"item_purchase_floors":[22,22,28,28,41,41],"current_hp_per_floor":[80,80,80,80,76,46,46,25,25,23,47,49,54,44,44,9,80,69,58,57,68,68,68,80,80,80,80,80,80,80,80,80,47,80,63,66,74,71,71,71,71,71,71,71,71,68,68,78,78,17],"gold":131,"neow_bonus":"RANDOM_COMMON_RELIC","is_prod":false,"is_daily":false,"chose_seed":false,"campfire_upgraded":8,"win_rate":0,"timestamp":1537405463,"path_taken":["M","$","M","M","M","E","?","M","T","M","R","M","M","E","R","BOSS","M","M","M","?","$","R","E","R","T","M","$","M","M","M","R","BOSS","M","M","M","M","?","R","$","R","T","$","R","M","?","M","R","BOSS"],"build_version":"2018-09-06","purchased_purges":1,"victory":true,"max_hp_per_floor":[80,80,80,80,80,80,80,80,80,80,80,80,80,80,80,80,80,80,80,80,80,80,80,80,80,80,80,80,80,80,80,80,80,80,80,80,80,80,80,80,80,80,80,80,80,80,80,80,80,80],"card_choices":[{"not_picked":["Headbutt","Pommel Strike"],"picked":"Cleave","floor":1.0},{"not_picked":["Flex","Cleave","Pommel Strike"],"picked":"SKIP","floor":3.0},{"not_picked":["Evolve","Searing Blow","Warcry"],"picked":"SKIP","floor":4.0},{"not_picked":["Warcry","Pummel"],"picked":"Thunderclap","floor":5.0},{"not_picked":["Body Slam","Pummel","Flex"],"picked":"SKIP","floor":6.0},{"not_picked":["Seeing Red","Clash","Bludgeon"],"picked":"SKIP","floor":8.0},{"not_picked":["Flex","Battle Trance"],"picked":"Rampage","floor":10.0},{"not_picked":["Entrench","Searing Blow","Thunderclap"],"picked":"SKIP","floor":12.0},{"not_picked":["Flex","Wild Strike","Rampage"],"picked":"SKIP","floor":13.0},{"not_picked":["Twin Strike","Spot Weakness"],"picked":"Reaper","floor":14.0},{"not_picked":["Juggernaut","Reaper+1"],"picked":"Offering","floor":16.0},{"not_picked":["Pummel+1","Anger+1"],"picked":"Pommel Strike+1","floor":18.0},{"not_picked":["Clothesline+1","Wild Strike+1"],"picked":"Rage","floor":19.0},{"not_picked":["Sever Soul+1","Infernal Blade","Entrench"],"picked":"SKIP","floor":20.0},{"not_picked":["Iron Wave+1","Armaments"],"picked":"Thunderclap+1","floor":21.0},{"not_picked":["Iron Wave+1","Twin Strike+1","Bloodletting+1"],"picked":"SKIP","floor":24.0},{"not_picked":["Dual Wield+1","Pummel+1"],"picked":"Rampage+1","floor":27},{"not_picked":["Clothesline+1","Clash+1","Sentinel+1"],"picked":"SKIP","floor":29},{"not_picked":["Anger+1","Reckless Charge+1","Heavy Blade+1"],"picked":"SKIP","floor":30},{"not_picked":["Cleave+1","Clothesline+1","Hemokinesis+1"],"picked":"SKIP","floor":31},{"not_picked":["Immolate+1","Impervious"],"picked":"Offering","floor":33},{"not_picked":["Armaments+1","True Grit+1","Power Through"],"picked":"SKIP","floor":35},{"not_picked":["Clash+1","Metallicize+1","Rupture+1"],"picked":"SKIP","floor":36},{"not_picked":["Twin Strike+1","Sever Soul+1","Anger+1"],"picked":"SKIP","floor":37},{"not_picked":["Shrug It Off+1","Metallicize+1"],"picked":"Dropkick+1","floor":38},{"not_picked":["Anger+1","Intimidate+1"],"picked":"Twin Strike+1","floor":46},{"not_picked":["Good Instincts","Forethought"],"picked":"Mayhem+1","floor":47},{"not_picked":["Anger+1","Iron Wave+1","Searing Blow+1"],"picked":"SKIP","floor":48}],"player_experience":348709,"relics_obtained":[{"floor":6.0,"key":"Boot"},{"floor":9.0,"key":"Kunai"},{"floor":14.0,"key":"Molten Egg 2"},{"floor":21.0,"key":"Pocketwatch"},{"floor":21.0,"key":"Frozen Egg 2"},{"floor":24.0,"key":"Bag of Marbles"},{"floor":26.0,"key":"Whetstone"},{"floor":43,"key":"Omamori"}],"event_choices":[{"event_name":"Purifier","player_choice":"One Purge","floor":7.0,"damage_taken":0.0},{"event_name":"Colosseum","player_choice":"Fight","floor":21.0,"damage_taken":0.0},{"event_name":"Colosseum","player_choice":"Fought Nobs","floor":21.0,"damage_taken":0.0},{"event_name":"Designer","player_choice":"Upgrade Card","floor":39,"damage_taken":0},{"event_name":"SensoryStone","player_choice":"Memory 1","floor":47,"damage_taken":0}],"is_beta":false,"boss_relics":[{"not_picked":["White Beast Statue","Lizard Tail"],"picked":"Cursed Key"},{"not_picked":["Runic Cube","Tiny House"],"picked":"Mark of Pain"}],"items_purged_floors":[28],"is_endless":false,"potions_floor_spawned":[5,6,12,14,16,21,27,29,31,37,46],"ascension_level":0}