{"path_per_floor":["M","$","M","?","M","E","M","R","T","M","M","R","M","$","R","B",null,"M","?","?","$","M","R","M","?","T","R","M","$","M","$","R","B",null,"M","M","$","M","M","M","R","M","T","$","?","R","?","M","R"],"character_chosen":"IRONCLAD","items_purchased":["Offering","Evolve","Apotheosis","Seeing Red","Bottled Tornado","Body Slam","Inflame"],"gold_per_floor":[109,40,53,53,71,104,117,117,143,155,172,172,185,185,185,285,285,301,301,301,3,23,23,35,185,255,255,272,14,33,33,33,135,135,151,167,121,136,156,176,176,186,186,29,29,29,29,39,39,39],"floor_reached":50,"campfire_rested":1,"playtime":1945,"item_purchase_floors":[2,21,21,21,29,37,44],"current_hp_per_floor":[80,80,80,80,80,69,67,67,67,64,60,60,58,58,58,56,87,85,85,85,85,83,83,47,47,47,47,32,32,34,34,34,36,87,64,61,61,63,65,63,63,47,47,47,47,47,45,38,64,0],"items_purged":["Clumsy"],"gold":39,"score":573,"play_id":"3f335eac-cbf3-47fa-9cb1-f5912edfddfc","local_time":"20180612225037","is_prod":false,"is_daily":false,"chose_seed":false,"is_ascension_mode":false,"campfire_upgraded":8,"win_rate":0,"timestamp":1528833037,"campfire_choices":[{"data":"Inflame","floor":8,"key":"SMITH"},{"data":"Inflame","floor":12,"key":"SMITH"},{"data":"Offering","floor":15,"key":"SMITH"},{"data":"Evolve","floor":23,"key":"SMITH"},{"data":"Apotheosis","floor":27,"key":"SMITH"},{"data":"Barricade","floor":32,"key":"SMITH"},{"data":"Body Slam","floor":41,"key":"SMITH"},{"data":"Inflame","floor":46,"key":"SMITH"},{"floor":49,"key":"REST"}],"path_taken":["M","$","M","?","M","E","M","R","T","M","M","R","?","$","R","BOSS","M","?","?","$","M","R","M","?","T","R","M","$","M","?","R","BOSS","M","M","$","M","M","M","R","?","T","?","?","R","?","M","R","BOSS"],"build_version":"2018-06-07v3","seed_source_timestamp":939047957152662,"purchased_purges":1,"victory":false,"master_deck":["Strike_R","Strike_R","Strike_R","Defend_R","Defend_R","Defend_R","Bash","Power Through","Inflame+1","Offering+1","Flame Barrier","Inflame+1","Cleave","Exhume","Rage","Barricade+1","Evolve+1","Apotheosis+1","Seeing Red","Flame Barrier","Entrench","Entrench","Berserk","Entrench+1","Body Slam+1","Headbutt+1","Headbutt","Inflame+1","Metallicize+1"],"max_hp_per_floor":[80,80,80,80,80,87,87,87,87,87,87,87,87,87,87,87,87,87,87,87,87,87,87,87,87,87,87,87,87,87,87,87,87,87,87,87,87,87,87,87,87,87,87,87,87,87,87,87,87,87],"relics":["Burning Blood","Strawberry","Bronze Scales","Mark of Pain","Ornamental Fan","Bottled Tornado","Cursed Key","Dead Branch","Unceasing Top"],"card_choices":[{"not_picked":["Reckless Charge","Perfected Strike"],"picked":"Inflame","floor":1},{"not_picked":["Uppercut","Clash"],"picked":"Flame Barrier","floor":3},{"not_picked":["Havoc","Iron Wave","Warcry"],"picked":"SKIP","floor":5},{"not_picked":["Dropkick","Anger","Clothesline"],"picked":"SKIP","floor":6},{"not_picked":["Body Slam","Perfected Strike"],"picked":"Inflame","floor":7},{"not_picked":["Spot Weakness","Thunderclap"],"picked":"Cleave","floor":10},{"not_picked":["Carnage","Havoc"],"picked":"Exhume","floor":11},{"not_picked":["Thunderclap","Warcry"],"picked":"Rage","floor":13},{"not_picked":["Exhume","Impervious"],"picked":"Barricade","floor":16},{"not_picked":["Clash","Flex+1","Wild Strike"],"picked":"SKIP","floor":18},{"not_picked":["Iron Wave+1","Second Wind"],"picked":"Flame Barrier","floor":22},{"not_picked":["Armaments","Hemokinesis"],"picked":"Entrench","floor":24},{"not_picked":["Warcry","Clash"],"picked":"Entrench","floor":28},{"not_picked":["Clash","Shockwave","Uppercut"],"picked":"SKIP","floor":30},{"not_picked":["Immolate","Brutality"],"picked":"Berserk","floor":33},{"not_picked":["Anger","Sever Soul"],"picked":"Entrench+1","floor":35},{"not_picked":["Blood for Blood","Iron Wave+1","True Grit"],"picked":"SKIP","floor":36},{"not_picked":["Infernal Blade+1","Thunderclap+1"],"picked":"Headbutt+1","floor":38},{"not_picked":["Clothesline+1","True Grit+1","Pummel+1"],"picked":"SKIP","floor":39},{"not_picked":["Barricade","Havoc+1"],"picked":"Headbutt","floor":40},{"not_picked":["Evolve","Pummel+1","Iron Wave+1"],"picked":"SKIP","floor":42},{"not_picked":["Whirlwind","Twin Strike"],"picked":"Metallicize+1","floor":47},{"not_picked":["Rampage+1","Thunderclap","Warcry"],"picked":"SKIP","floor":48}],"player_experience":125186,"potions_floor_usage":[16,50,50],"damage_taken":[{"damage":6,"enemies":"Jaw Worm","floor":1,"turns":3},{"damage":4,"enemies":"Cultist","floor":3,"turns":2},{"damage":1,"enemies":"2 Louse","floor":5,"turns":2},{"damage":24,"enemies":"Gremlin Nob","floor":6,"turns":4},{"damage":8,"enemies":"Red Slaver","floor":7,"turns":3},{"damage":9,"enemies":"Looter","floor":10,"turns":2},{"damage":10,"enemies":"Large Slime","floor":11,"turns":5},{"damage":8,"enemies":"Exordium Thugs","floor":13,"turns":2},{"damage":8,"enemies":"Slime Boss","floor":16,"turns":6},{"damage":8,"enemies":"Shell Parasite","floor":18,"turns":4},{"damage":8,"enemies":"Spheric Guardian","floor":22,"turns":5},{"damage":42,"enemies":"Slaver and Parasite","floor":24,"turns":5},{"damage":21,"enemies":"Snake Plant","floor":28,"turns":4},{"damage":4,"enemies":"Cultist and Chosen","floor":30,"turns":9},{"damage":4,"enemies":"Automaton","floor":33,"turns":15},{"damage":29,"enemies":"3 Darklings","floor":35,"turns":6},{"damage":9,"enemies":"Orb Walker","floor":36,"turns":5},{"damage":4,"enemies":"Sphere and 2 Shapes","floor":38,"turns":6},{"damage":4,"enemies":"Maw","floor":39,"turns":6},{"damage":8,"enemies":"4 Shapes","floor":40,"turns":5},{"damage":22,"enemies":"3 Darklings","floor":42,"turns":4},{"damage":8,"floor":47,"turns":3},{"damage":13,"enemies":"Sphere and 2 Shapes","floor":48,"turns":7},{"damage":101,"enemies":"Donu and Deca","floor":50,"turns":5}],"relics_obtained":[{"floor":6,"key":"Strawberry"},{"floor":9,"key":"Bronze Scales"},{"floor":26,"key":"Ornamental Fan"},{"floor":43,"key":"Dead Branch"},{"floor":47,"key":"Unceasing Top"}],"event_choices":[{"event_name":"The Woman in Blue","player_choice":"Bought 0 Potions","floor":4,"damage_taken":0},{"event_name":"Bonfire Elementals","player_choice":"BASIC","floor":19,"damage_taken":0},{"event_name":"N\u0027loth","player_choice":"Ignored","floor":20,"damage_taken":0},{"event_name":"Nest","player_choice":"Stole From Cult","floor":25,"damage_taken":0},{"event_name":"Falling","player_choice":"Removed Attack","floor":45,"damage_taken":0},{"event_name":"MindBloom","player_choice":"Fight","floor":47,"damage_taken":0}],"boss_relics":[{"not_picked":["Ectoplasm","Philosopher\u0027s Stone"],"picked":"Mark of Pain"},{"not_picked":["Lizard Tail","Runic Pyramid"],"picked":"Cursed Key"}],"items_purged_floors":[44],"potions_floor_spawned":[1,5,6,13,16,24,30,33,35,38,48],"seed_played":"-606287529277699866","killed_by":"Donu and Deca","ascension_level":0,"potions_obtained":[{"floor":1,"key":"EssenceOfSteel"},{"floor":5,"key":"Ancient Potion"},{"floor":6,"key":"Swift Potion"},{"floor":13,"key":"Regen Potion"},{"floor":16,"key":"FearPotion"},{"floor":33,"key":"FairyPotion"}],"is_trial":false}