{"gold_per_floor":[109,109,109,124,74,105,123,123,123,123,146,166,166,177,177,281,281,300,316,316,316],"floor_reached":21,"playtime":8615,"items_purged":[],"score":206,"play_id":"7df5f46e-3e21-45b0-90e4-f1d098a59714","local_time":"20190716163019","is_ascension_mode":true,"campfire_choices":[{"floor":8,"key":"REST"},{"floor":13,"key":"REST"},{"floor":15,"key":"REST"}],"neow_cost":"PERCENT_DAMAGE","seed_source_timestamp":14549401987807,"circlet_count":0,"master_deck":["Strike_B","Defend_B","Defend_B","Zap","Dualcast","Machine Learning","Capacitor","White Noise","Loop","Beam Cell","Gash","BootSequence","Lockon","Genetic Algorithm","Buffer","Streamline","Aggregate"],"relics":["Cracked Core","Sundial","Ancient Tea Set","Odd Mushroom","Philosopher\u0027s Stone"],"potions_floor_usage":[6,11,11,19,19],"damage_taken":[{"damage":0,"enemies":"Cultist","floor":1,"turns":4},{"damage":0,"enemies":"2 Louse","floor":4,"turns":1},{"damage":38,"enemies":"Gremlin Nob","floor":6,"turns":5},{"damage":5,"enemies":"Small Slimes","floor":7,"turns":3},{"damage":7,"enemies":"The Mushroom Lair","floor":11,"turns":4},{"damage":20,"enemies":"3 Louse","floor":12,"turns":4},{"damage":0,"enemies":"Looter","floor":14,"turns":2},{"damage":50,"enemies":"Hexaghost","floor":16,"turns":8},{"damage":15,"enemies":"Shell Parasite","floor":18,"turns":6},{"damage":33,"enemies":"3 Byrds","floor":19,"turns":5},{"damage":41,"enemies":"Shelled Parasite and Fungi","floor":21,"turns":4}],"seed_played":"3738933418101838579","potions_obtained":[{"floor":1,"key":"PowerPotion"},{"floor":6,"key":"Block Potion"},{"floor":7,"key":"GamblersBrew"},{"floor":12,"key":"Block Potion"},{"floor":16,"key":"FearPotion"},{"floor":18,"key":"Dexterity Potion"},{"floor":19,"key":"Swift Potion"}],"is_trial":false,"path_per_floor":["M","?","?","M","?","E","M","R","T","?","?","M","R","M","R","B",null,"M","M","?","M"],"character_chosen":"DEFECT","items_purchased":[],"campfire_rested":3,"item_purchase_floors":[],"current_hp_per_floor":[54,47,47,47,47,9,4,26,26,31,24,4,28,28,52,2,80,65,32,32,0],"gold":316,"neow_bonus":"TRANSFORM_TWO_CARDS","is_prod":false,"is_daily":false,"chose_seed":false,"campfire_upgraded":0,"win_rate":0,"timestamp":1563312619,"path_taken":["M","?","?","M","?","E","M","R","T","?","?","M","R","M","R","BOSS","M","M","?","?"],"build_version":"2019-07-05","purchased_purges":0,"victory":false,"max_hp_per_floor":[75,75,75,75,75,75,75,75,75,80,80,80,80,80,80,80,80,80,80,80,80],"card_choices":[{"not_picked":["Blizzard","Go for the Eyes"],"picked":"White Noise","floor":1},{"not_picked":["Gash","Sweeping Beam"],"picked":"Loop","floor":4},{"not_picked":["Hello World","Heatsinks"],"picked":"Beam Cell","floor":6},{"not_picked":["Static Discharge","Heatsinks"],"picked":"Gash","floor":7},{"not_picked":["Undo","Compile Driver"],"picked":"BootSequence","floor":11},{"not_picked":["Beam Cell","Darkness"],"picked":"Lockon","floor":12},{"not_picked":["Beam Cell","Undo"],"picked":"Genetic Algorithm","floor":14},{"not_picked":["Echo Form","Meteor Strike"],"picked":"Buffer","floor":16},{"not_picked":["Ball Lightning","Steam"],"picked":"Streamline","floor":18},{"not_picked":["Streamline","Reprogram","Turbo+1"],"picked":"SKIP","floor":19}],"player_experience":367111,"relics_obtained":[{"floor":6,"key":"Sundial"},{"floor":9,"key":"Ancient Tea Set"},{"floor":11,"key":"Odd Mushroom"}],"event_choices":[{"cards_removed":["Defend_B"],"damage_healed":0,"gold_gain":0,"player_choice":"Card Removal","damage_taken":7,"max_hp_gain":0,"max_hp_loss":0,"event_name":"Golden Wing","floor":2,"gold_loss":0},{"damage_healed":0,"gold_gain":0,"player_choice":"Ignored","damage_taken":0,"max_hp_gain":0,"max_hp_loss":0,"event_name":"Liars Game","floor":3,"gold_loss":0},{"cards_removed":["Strike_B"],"damage_healed":0,"gold_gain":0,"player_choice":"Card Removal","damage_taken":0,"max_hp_gain":0,"max_hp_loss":0,"event_name":"The Cleric","floor":5,"gold_loss":50},{"damage_healed":0,"gold_gain":0,"player_choice":"Donut","damage_taken":0,"max_hp_gain":5,"max_hp_loss":0,"event_name":"Big Fish","floor":10,"gold_loss":0},{"damage_healed":0,"gold_gain":0,"player_choice":"Fought Mushrooms","damage_taken":0,"max_hp_gain":0,"max_hp_loss":0,"event_name":"Mushrooms","floor":11,"gold_loss":0},{"damage_healed":0,"gold_gain":0,"cards_transformed":["Defend_B"],"player_choice":"Transformed","damage_taken":0,"max_hp_gain":0,"max_hp_loss":0,"event_name":"Transmorgrifier","floor":20,"gold_loss":0,"cards_obtained":["Aggregate"]}],"is_beta":false,"boss_relics":[{"not_picked":["Eternal Feather","Pandora\u0027s Box"],"picked":"Philosopher\u0027s Stone"}],"items_purged_floors":[],"is_endless":false,"potions_floor_spawned":[1,6,7,12,16,18,19],"killed_by":"Shelled Parasite and Fungi","ascension_level":3}