{"path_per_floor":["M","$","M","M","$","R","?","$","T","R","?","M","M","M","R","B",null,"M","M","?","$","?","R","M","R","T","T"],"character_chosen":"IRONCLAD","items_purchased":["Finesse","Flash of Steel"],"gold_per_floor":[361,193,213,230,130,130,130,41,64,64,64,87,112,131,131,251,251,272,290,290,165,165,165,190,190,190,190],"floor_reached":28,"campfire_rested":2,"playtime":2415,"current_hp_per_floor":[30,30,37,43,43,43,43,43,43,65,65,67,67,71,71,50,74,58,58,58,58,58,58,52,74,74,74],"items_purged":["Strike_R","Strike_R","Perfected Strike"],"gold":190,"play_id":"5707a297-d3ff-47b6-a415-c802387f7e1c","is_prod":false,"is_daily":false,"is_ascension_mode":false,"campfire_upgraded":3,"path_taken":["M","$","M","M","?","R","?","$","T","R","?","M","M","?","R","BOSS","M","M","?","$","?","R","M","R","T","?","E"],"build_version":"2018-02-01-BETA1","purchased_purges":3,"victory":false,"master_deck":["Bash","Reaper+1","Finesse","Armaments+1","Flash of Steel","Bloodletting","Armaments","Sword Boomerang","Heavy Blade","Cleave+1"],"max_hp_per_floor":[80,80,80,80,80,80,74,74,74,74,74,74,74,74,74,74,74,74,74,74,74,74,74,74,74,74,74],"relics":["Burning Blood","Golden Idol","Whetstone","Pandora\u0027s Box","Blood Vial","Matryoshka"],"card_choices":[{"not_picked":["Clash","Havoc"],"picked":"Reaper"},{"not_picked":["Clothesline","Warcry"],"picked":"Armaments"}],"player_experience":197020,"potions_floor_usage":[14,16,24,28],"damage_taken":[{"damage":16,"enemies":"Blue Slaver","floor":1,"turns":7},{"damage":5,"enemies":"Cultist","floor":3,"turns":5},{"damage":0,"enemies":"Jaw Worm","floor":4,"turns":5},{"damage":4,"enemies":"Large Slime","floor":12,"turns":6},{"damage":13,"enemies":"3 Louse","floor":13,"turns":4},{"damage":9,"enemies":"Exordium Thugs","floor":14,"turns":4},{"damage":34,"enemies":"The Guardian","floor":16,"turns":13},{"damage":22,"enemies":"Spheric Guardian","floor":18,"turns":4},{"damage":12,"enemies":"3 Byrds","floor":19,"turns":5},{"damage":22,"enemies":"Cultist and Chosen","floor":24,"turns":5},{"damage":94,"enemies":"Book of Stabbing","floor":28,"turns":6}],"event_choices":[{"event_name":"Golden Idol","player_choice":"Lose Max HP","floor":7,"damage_taken":0},{"event_name":"Living Wall","player_choice":"Forget","floor":11,"damage_taken":0},{"event_name":"Addict","player_choice":"Ignored","floor":20,"damage_taken":0},{"event_name":"The Mausoleum","player_choice":"No","floor":22,"damage_taken":0}],"boss_relics":[{"not_picked":["Calling Bell","Sozu"],"picked":"Pandora\u0027s Box"}],"potions_floor_spawned":[1,13,16,24],"seed_played":"-9159519941076283410","killed_by":"Book of Stabbing","ascension_level":0,"is_trial":false}