{"path_per_floor":["M","M","?","M","?","R","$","R","T","?","M","R","M","M","R","B",null,"M","?","M","M","?","R","?","M","T","M","R","$","?","M","R"],"character_chosen":"THE_SILENT","items_purchased":["Adrenaline","Noxious Fumes","Accuracy"],"gold_per_floor":[114,131,206,221,221,221,10,10,10,10,26,26,39,55,55,150,150,164,164,175,187,187,187,87,99,99,115,115,45,45,56,56],"floor_reached":33,"campfire_rested":1,"playtime":3094,"current_hp_per_floor":[70,70,59,57,57,57,57,57,57,57,57,57,54,47,47,24,70,55,49,31,17,17,39,39,42,42,35,43,43,43,44,49],"items_purged":[],"gold":56,"play_id":"5cbda113-6b6b-458c-80bc-a49d99608973","is_prod":false,"is_daily":false,"campfire_rituals":0,"campfire_upgraded":5,"is_hardmode":false,"path_taken":["M","M","?","M","?","R","$","R","T","?","M","R","M","M","R","BOSS","M","?","?","M","?","R","?","M","T","M","R","$","?","M","R","BOSS"],"build_version":"2018-01-18-PROD4","purchased_purges":0,"victory":false,"master_deck":["Defend_G","Defend_G","Defend_G","Defend_G","Survivor","Neutralize","Cloak And Dagger","Accuracy","Adrenaline","Noxious Fumes","Dagger Spray","Endless Agony","Storm of Steel","Blade Dance","Bite_G","Bite_G","Bite_G","Bite_G","Bite_G","Cloak And Dagger","J.A.X.","Escape Plan","Accuracy"],"max_hp_per_floor":[70,70,70,70,70,70,70,70,70,70,70,70,70,70,70,70,70,70,49,49,49,49,49,49,49,49,49,49,49,49,49,49],"relics":["Ring of the Snake","Art of War","Peace Pipe","Eternal Feather","Unceasing Top","Bag of Marbles"],"campfire_meditates":0,"card_choices":[{"not_picked":["Deadly Poison","Poisoned Stab"],"picked":"Cloak And Dagger"},{"not_picked":["Catalyst","Quick Slash"],"picked":"Accuracy"},{"not_picked":["Crippling Poison","Deflect"],"picked":"Dagger Spray"},{"not_picked":["Backflip","Underhanded Strike"],"picked":"Endless Agony"},{"not_picked":["Tools of the Trade","Night Terror"],"picked":"Storm of Steel"},{"not_picked":["Malaise","Finisher"],"picked":"Blade Dance"},{"not_picked":["Backflip","Slice"],"picked":"Cloak And Dagger"},{"not_picked":["Cloak And Dagger","Deflect"],"picked":"Escape Plan"}],"player_experience":126793,"potions_floor_usage":[25,25],"damage_taken":[{"damage":0,"enemies":"Cultist","floor":1,"turns":5},{"damage":0,"enemies":"2 Louse","floor":2,"turns":2},{"damage":2,"enemies":"Small Slimes","floor":4,"turns":5},{"damage":0,"enemies":"2 Fungi Beasts","floor":11,"turns":3},{"damage":3,"enemies":"Large Slime","floor":13,"turns":6},{"damage":7,"enemies":"Red Slaver","floor":14,"turns":4},{"damage":23,"enemies":"The Guardian","floor":16,"turns":12},{"damage":15,"enemies":"Chosen","floor":18,"turns":4},{"damage":22,"enemies":"2 Thieves","floor":20,"turns":4},{"damage":28,"enemies":"Centurion and Healer","floor":21,"turns":7},{"damage":9,"enemies":"Slaver and Parasite","floor":25,"turns":6},{"damage":17,"enemies":"Snake Plant","floor":27,"turns":4},{"damage":3,"enemies":"Sentry and Sphere","floor":31,"turns":3},{"damage":54,"enemies":"Champ","floor":33,"turns":5}],"event_choices":[{"event_name":"World of Goop","player_choice":"Gather Gold","floor":3,"damage_taken":0},{"event_name":"Accursed Blacksmith","player_choice":"Forge","floor":5,"damage_taken":0},{"event_name":"The Cleric","player_choice":"Leave","floor":10,"damage_taken":0},{"event_name":"Vampires","player_choice":"Became a vampire","floor":19,"damage_taken":0},{"event_name":"Purifier","player_choice":"Skipped","floor":22,"damage_taken":0},{"event_name":"Drug Dealer","player_choice":"Got JAXXED","floor":24,"damage_taken":0},{"event_name":"The Mausoleum","player_choice":"Yes","floor":30,"damage_taken":0}],"boss_relics":[{"not_picked":["Lizard Tail","Runic Dome"],"picked":"Eternal Feather"}],"potions_floor_spawned":[14,16,21,27],"seed_played":"-8786328296379510310","killed_by":"Champ","is_trial":false}