{"path_per_floor":["M","?","M","M","M","R","M","E","T","R","M","E","R","$","R","B",null,"M","?","M","$","M","E","R","M","T","R","M","R","$","$","R","B",null,"M","?","M","T","M","R","$","R","T","R","$","M","M","T","R"],"character_chosen":"DEFECT","items_purchased":["Pantograph","Steam","Jack Of All Trades","Vajra","Force Field"],"gold_per_floor":[115,290,309,323,339,339,353,378,403,403,416,479,479,404,404,503,503,521,521,538,173,189,216,216,236,236,236,251,251,25,25,25,127,127,144,144,158,158,176,176,26,26,50,50,16,34,53,76,76,76],"floor_reached":50,"campfire_rested":0,"playtime":4332,"item_purchase_floors":[21,21,30,41,45],"current_hp_per_floor":[74,74,65,65,57,57,32,24,24,24,29,37,37,37,37,22,75,50,50,49,49,44,19,19,12,12,12,15,15,15,15,15,49,75,74,69,44,44,62,62,62,62,62,62,62,75,64,64,64,0],"items_purged":["Doubt","Meteor Strike","Strike_B"],"gold":76,"score":496,"play_id":"c6f3dbcd-06a1-4b61-8c40-03c88bf8b969","local_time":"20180625120817","is_prod":false,"is_daily":false,"chose_seed":false,"is_ascension_mode":true,"campfire_upgraded":12,"win_rate":0,"timestamp":1529921297,"campfire_choices":[{"data":"Defragment","floor":6,"key":"SMITH"},{"data":"Self Repair","floor":10,"key":"SMITH"},{"data":"Defragment","floor":13,"key":"SMITH"},{"data":"Auto Shields","floor":15,"key":"SMITH"},{"data":"Electrodynamics","floor":24,"key":"SMITH"},{"data":"Conserve Battery","floor":27,"key":"SMITH"},{"data":"Steam","floor":29,"key":"SMITH"},{"data":"Jack Of All Trades","floor":32,"key":"SMITH"},{"data":"Sweeping Beam","floor":40,"key":"SMITH"},{"data":"Thunder Strike","floor":42,"key":"SMITH"},{"data":"Ball Lightning","floor":44,"key":"SMITH"},{"data":"Force Field","floor":49,"key":"SMITH"}],"path_taken":["M","?","?","M","M","R","M","E","T","R","M","E","R","$","R","BOSS","M","?","M","$","M","E","R","M","T","R","M","R","?","$","R","BOSS","M","?","M","?","M","R","$","R","T","R","$","?","M","?","R","BOSS"],"build_version":"2018-06-21","seed_source_timestamp":14290544275534,"purchased_purges":3,"circlet_count":0,"victory":false,"master_deck":["Strike_B","Strike_B","Strike_B","Defend_B","Defend_B","Defend_B","Defend_B","Zap","Dualcast","Cold Snap+1","Auto Shields+1","Defragment+1","Rip and Tear","Electrodynamics+1","Self Repair+1","Conserve Battery+1","Defragment+1","Ball Lightning+1","FTL","Steam+1","Reinforced Body+1","FTL+1","Ball Lightning+1","Jack Of All Trades+1","Thunder Strike+1","Leap+1","Bandage Up","Bandage Up","Pain","Sweeping Beam+1","Parasite","Force Field+1","Doubt"],"max_hp_per_floor":[75,75,75,75,75,75,75,75,75,75,75,75,75,75,75,75,75,75,75,75,75,75,75,75,75,75,75,75,75,75,75,75,75,75,75,75,75,75,75,75,75,75,75,75,75,75,75,75,75,75],"relics":["Cracked Core","Letter Opener","Blood Vial","Tiny Chest","Coffee Dripper","Pantograph","Art of War","Bronze Scales","Cursed Key","Bottled Tornado","Vajra","Whetstone","Bag of Marbles"],"card_choices":[{"not_picked":["Barrage","Redo"],"picked":"Cold Snap","floor":1},{"not_picked":["Capacitor","Go for the Eyes"],"picked":"Auto Shields","floor":3},{"not_picked":["Compile Driver","Coolheaded"],"picked":"Defragment","floor":4},{"not_picked":["Streamline","Barrage"],"picked":"Rip and Tear","floor":5},{"not_picked":["Leap","Hologram"],"picked":"Electrodynamics","floor":7},{"not_picked":["Chill","Ball Lightning"],"picked":"Self Repair","floor":8},{"not_picked":["Hologram","Beam Cell"],"picked":"Conserve Battery","floor":11},{"not_picked":["Storm","Meteor Strike"],"picked":"Defragment","floor":12},{"not_picked":["Lockon","Coolheaded"],"picked":"Ball Lightning","floor":18},{"not_picked":["Coolheaded","Gash"],"picked":"FTL","floor":20},{"not_picked":["Rip and Tear","Glacier","Undo"],"picked":"SKIP","floor":22},{"not_picked":["Hologram","Loop+1"],"picked":"Reinforced Body+1","floor":23},{"not_picked":["Gash","Amplify"],"picked":"FTL","floor":25},{"not_picked":["Consume","Coolheaded"],"picked":"Ball Lightning","floor":28},{"not_picked":["Meteor Strike","Fission"],"picked":"Thunder Strike","floor":33},{"not_picked":["Stack","Consume"],"picked":"Leap+1","floor":35},{"not_picked":["Dark Shackles","Good Instincts"],"picked":"Bandage Up","floor":36},{"not_picked":["Madness","Jack Of All Trades"],"picked":"Bandage Up","floor":36},{"not_picked":["Cold Snap","Redo","Beam Cell"],"picked":"SKIP","floor":37},{"not_picked":["Cold Snap+1","Redo"],"picked":"Sweeping Beam","floor":39},{"not_picked":["Cold Snap+1","Double Energy","Gash"],"picked":"SKIP","floor":46},{"not_picked":["Hello World","Heatsinks","Leap"],"picked":"SKIP","floor":47}],"player_experience":475902,"potions_floor_usage":[8,8,11,22,28,33,50],"damage_taken":[{"damage":1,"enemies":"Jaw Worm","floor":1,"turns":4},{"damage":9,"enemies":"2 Louse","floor":3,"turns":2},{"damage":0,"enemies":"Cultist","floor":4,"turns":3},{"damage":8,"enemies":"2 Fungi Beasts","floor":5,"turns":3},{"damage":25,"enemies":"Lots of Slimes","floor":7,"turns":5},{"damage":8,"enemies":"Lagavulin","floor":8,"turns":6},{"damage":21,"enemies":"3 Louse","floor":11,"turns":5},{"damage":4,"enemies":"3 Sentries","floor":12,"turns":5},{"damage":17,"enemies":"Slime Boss","floor":16,"turns":5},{"damage":35,"enemies":"2 Thieves","floor":18,"turns":3},{"damage":3,"enemies":"3 Byrds","floor":20,"turns":3},{"damage":17,"enemies":"Cultist and Chosen","floor":22,"turns":5},{"damage":37,"enemies":"Slavers","floor":23,"turns":5},{"damage":19,"enemies":"Chosen and Byrds","floor":25,"turns":4},{"damage":9,"enemies":"Centurion and Healer","floor":28,"turns":4},{"damage":3,"enemies":"Automaton","floor":33,"turns":10},{"damage":15,"enemies":"Orb Walker","floor":35,"turns":3},{"damage":37,"enemies":"3 Darklings","floor":37,"turns":3},{"damage":2,"enemies":"Sphere and 2 Shapes","floor":39,"turns":3},{"damage":2,"enemies":"Maw","floor":46,"turns":6},{"damage":15,"enemies":"3 Darklings","floor":47,"turns":3},{"damage":91,"enemies":"Awakened One","floor":50,"turns":14}],"relics_obtained":[{"floor":8,"key":"Letter Opener"},{"floor":9,"key":"Blood Vial"},{"floor":12,"key":"Tiny Chest"},{"floor":23,"key":"Art of War"},{"floor":26,"key":"Bronze Scales"},{"floor":38,"key":"Bottled Tornado"},{"floor":43,"key":"Whetstone"},{"floor":48,"key":"Bag of Marbles"}],"event_choices":[{"event_name":"Liars Game","player_choice":"agreed","floor":2,"damage_taken":0},{"event_name":"Upgrade Shrine","player_choice":"Upgraded","floor":19,"damage_taken":0},{"event_name":"SensoryStone","player_choice":"Memory 2","floor":36,"damage_taken":0}],"boss_relics":[{"not_picked":["Inserter","Tiny House"],"picked":"Coffee Dripper"},{"not_picked":["Fusion Hammer","Calling Bell"],"picked":"Cursed Key"}],"items_purged_floors":[14,21,30],"is_endless":false,"potions_floor_spawned":[5,7,8,11,25,28,39],"seed_played":"8531877743755768047","killed_by":"Awakened One","ascension_level":1,"potions_obtained":[{"floor":5,"key":"GamblersBrew"},{"floor":7,"key":"Poison Potion"},{"floor":8,"key":"Regen Potion"},{"floor":11,"key":"Dexterity Potion"},{"floor":25,"key":"SkillPotion"},{"floor":28,"key":"Poison Potion"},{"floor":39,"key":"PowerPotion"}],"is_trial":false}