{"gold_per_floor":[117,117,117,192,203,228,228,254,254,179,200,200,234,252,252,371,371,396,396,396,136,160,204,204,204,204,204,222,222,122,137,137,268,268,293,308,128,153,168,168,14,14,37,60,60,8,27,52,52,52],"floor_reached":51,"playtime":1636,"items_purged":["Strike_R","Strike_R"],"score":675,"play_id":"9154f116-4d61-4e2e-8b87-d7f3ddb018cb","local_time":"20190523043229","is_ascension_mode":false,"campfire_choices":[{"floor":12,"key":"REST"},{"data":"Juggernaut","floor":15,"key":"SMITH"},{"data":"Juggernaut","floor":25,"key":"SMITH"},{"data":"Metallicize","floor":29,"key":"SMITH"},{"data":"Shrug It Off","floor":32,"key":"SMITH"},{"data":"Apotheosis","floor":40,"key":"SMITH"},{"data":"Body Slam","floor":42,"key":"SMITH"},{"data":"Defend_R","floor":45,"key":"SMITH"},{"floor":49,"key":"REST"}],"neow_cost":"NONE","seed_source_timestamp":147141988400,"circlet_count":0,"master_deck":["Strike_R","Strike_R","Strike_R+1","Defend_R+1","Defend_R","Defend_R+1","Defend_R","Bash","Impervious","Juggernaut+1","Metallicize+1","Body Slam+1","Body Slam+1","Shrug It Off+1","Juggernaut+1","Apotheosis+1","Body Slam+1","Juggernaut"],"relics":["Burning Blood","Anchor","Golden Idol","Odd Mushroom","Gremlin Horn","Red Skull","Lizard Tail","Regal Pillow","Blue Candle","Kunai","Velvet Choker","Pen Nib","Lantern"],"potions_floor_usage":[5,13,23,23,33,33,33,50,50,50],"damage_taken":[{"damage":2,"enemies":"2 Louse","floor":1,"turns":4},{"damage":3,"enemies":"Jaw Worm","floor":5,"turns":4},{"damage":28,"enemies":"Gremlin Nob","floor":6,"turns":4},{"damage":34,"enemies":"The Mushroom Lair","floor":8,"turns":7},{"damage":0,"enemies":"Small Slimes","floor":11,"turns":4},{"damage":16,"enemies":"Lagavulin","floor":13,"turns":8},{"damage":2,"enemies":"Exordium Thugs","floor":14,"turns":5},{"damage":25,"enemies":"Hexaghost","floor":16,"turns":10},{"damage":24,"enemies":"3 Byrds","floor":18,"turns":6},{"damage":0,"enemies":"Chosen","floor":22,"turns":4},{"damage":37,"enemies":"Slavers","floor":23,"turns":5},{"damage":11,"enemies":"Centurion and Healer","floor":28,"turns":5},{"damage":8,"enemies":"Snecko","floor":31,"turns":4},{"damage":39,"enemies":"Automaton","floor":33,"turns":9},{"damage":0,"enemies":"3 Shapes","floor":35,"turns":6},{"damage":12,"enemies":"3 Darklings","floor":36,"turns":5},{"damage":6,"enemies":"Writhing Mass","floor":38,"turns":6},{"damage":32,"enemies":"Transient","floor":39,"turns":5},{"damage":11,"enemies":"Sphere and 2 Shapes","floor":44,"turns":6},{"damage":11,"enemies":"Writhing Mass","floor":47,"turns":5},{"damage":14,"enemies":"Jaw Worm Horde","floor":48,"turns":4},{"damage":69,"enemies":"Donu and Deca","floor":50,"turns":9}],"seed_played":"-6486109697545624221","potions_obtained":[{"floor":5,"key":"Fruit Juice"},{"floor":8,"key":"Ancient Potion"},{"floor":16,"key":"Strength Potion"},{"floor":22,"key":"LiquidBronze"},{"floor":23,"key":"LiquidBronze"},{"floor":31,"key":"BloodPotion"},{"floor":36,"key":"PowerPotion"},{"floor":39,"key":"BloodPotion"}],"is_trial":false,"path_per_floor":["M","$","?","?","M","E","?","?","T","$","M","R","E","M","R","B",null,"M","?","?","$","M","E","$","R","T","$","M","R","$","M","R","B",null,"M","M","$","M","M","R","$","R","T","M","R","$","M","M","R","B",null],"character_chosen":"IRONCLAD","items_purchased":["Regen Potion","Shrug It Off","Juggernaut","Apotheosis","Pen Nib","PowerPotion"],"campfire_rested":2,"item_purchase_floors":[10,21,21,37,41,46],"current_hp_per_floor":[80,80,64,53,61,39,39,11,11,11,17,40,30,34,34,15,79,61,61,61,61,67,36,36,36,36,36,31,31,31,29,29,18,79,79,73,73,73,47,47,47,47,47,42,42,42,37,29,67,11],"gold":52,"neow_bonus":"ONE_RANDOM_RARE_CARD","is_prod":false,"is_daily":false,"chose_seed":false,"campfire_upgraded":7,"win_rate":0,"timestamp":1558575149,"path_taken":["M","$","?","?","M","E","?","?","T","$","M","R","E","M","R","BOSS","M","?","?","$","M","E","$","R","T","$","?","R","?","M","R","BOSS","M","M","$","M","?","R","$","R","T","M","R","?","M","M","R","BOSS"],"build_version":"2019-01-23","purchased_purges":2,"victory":true,"max_hp_per_floor":[80,80,80,80,85,85,79,79,79,79,79,79,79,79,79,79,79,79,79,79,79,79,79,79,79,79,79,79,79,79,79,79,79,79,79,79,79,79,79,79,79,79,79,79,79,79,79,79,79,79],"card_choices":[{"not_picked":["Pommel Strike","Iron Wave","Havoc"],"picked":"SKIP","floor":1},{"not_picked":["Blood for Blood","Flex","Combust"],"picked":"SKIP","floor":5},{"not_picked":["Shockwave","Shrug It Off"],"picked":"Juggernaut","floor":6},{"not_picked":["Twin Strike","Fire Breathing"],"picked":"Metallicize","floor":8},{"not_picked":["Anger","Havoc","Seeing Red"],"picked":"SKIP","floor":11},{"not_picked":["Burning Pact","Anger","Shockwave"],"picked":"SKIP","floor":13},{"not_picked":["Clothesline","Heavy Blade","Shockwave"],"picked":"SKIP","floor":14},{"not_picked":["Hemokinesis+1","Warcry"],"picked":"Body Slam+1","floor":18},{"not_picked":["Sever Soul","Pummel","Metallicize"],"picked":"SKIP","floor":22},{"not_picked":["Limit Break","Intimidate","Combust+1"],"picked":"SKIP","floor":23},{"not_picked":["Burning Pact","Clothesline","Spot Weakness"],"picked":"SKIP","floor":28},{"not_picked":["Sword Boomerang","Warcry","Wild Strike"],"picked":"SKIP","floor":31},{"not_picked":["Anger+1","Bloodletting","Flex"],"picked":"SKIP","floor":35},{"not_picked":["Clothesline","Searing Blow+1","Cleave"],"picked":"SKIP","floor":36},{"not_picked":["Twin Strike","Reckless Charge+1","Headbutt+1"],"picked":"SKIP","floor":38},{"not_picked":["Bloodletting+1","Rupture+1"],"picked":"Body Slam","floor":39},{"not_picked":["Clothesline+1","Pommel Strike","Anger"],"picked":"SKIP","floor":44},{"not_picked":["Disarm+1","Searing Blow"],"picked":"Juggernaut","floor":47},{"not_picked":["True Grit+1","Feel No Pain+1","Perfected Strike+1"],"picked":"SKIP","floor":48}],"player_experience":602413,"relics_obtained":[{"floor":6,"key":"Anchor"},{"floor":8,"key":"Odd Mushroom"},{"floor":9,"key":"Gremlin Horn"},{"floor":13,"key":"Red Skull"},{"floor":23,"key":"Blue Candle"},{"floor":26,"key":"Kunai"},{"floor":43,"key":"Lantern"}],"event_choices":[{"damage_healed":0,"gold_gain":0,"player_choice":"Entered Light","damage_taken":16,"max_hp_gain":0,"max_hp_loss":0,"event_name":"Shining Light","floor":3,"gold_loss":0,"cards_upgraded":["Defend_R","Strike_R"]},{"damage_healed":0,"gold_gain":75,"player_choice":"Gather Gold","damage_taken":11,"max_hp_gain":0,"max_hp_loss":0,"event_name":"World of Goop","floor":4,"gold_loss":0},{"damage_healed":0,"gold_gain":0,"player_choice":"Lose Max HP","damage_taken":0,"relics_obtained":["Golden Idol"],"max_hp_gain":0,"max_hp_loss":6,"event_name":"Golden Idol","floor":7,"gold_loss":0},{"damage_healed":0,"gold_gain":0,"player_choice":"Fought Mushrooms","damage_taken":0,"max_hp_gain":0,"max_hp_loss":0,"event_name":"Mushrooms","floor":8,"gold_loss":0},{"damage_healed":0,"gold_gain":0,"player_choice":"Opened","damage_taken":0,"relics_obtained":["Regal Pillow"],"max_hp_gain":0,"max_hp_loss":0,"event_name":"The Mausoleum","floor":19,"gold_loss":0},{"damage_healed":0,"gold_gain":0,"player_choice":"Copied","damage_taken":0,"max_hp_gain":0,"max_hp_loss":0,"event_name":"Duplicator","floor":20,"gold_loss":0,"cards_obtained":["Body Slam"]}],"is_beta":false,"boss_relics":[{"not_picked":["Calling Bell","Eternal Feather"],"picked":"Lizard Tail"},{"not_picked":["White Beast Statue","Snecko Eye"],"picked":"Velvet Choker"}],"items_purged_floors":[21,30],"is_endless":false,"potions_floor_spawned":[5,8,16,22,23,31,36,39,48],"ascension_level":0}