{"path_per_floor":["M","M","M","$","M","R","M","R","T","$","R","M","R","?","R","B",null,"M","?","M","T","$","R","E","R","T","R","M","E","R","M","R","B",null,"M","?","?","$","?","R","M","R","T","M","M","M","$","?","R","B"],"character_chosen":"IRONCLAD","items_purchased":["Metallicize","Reaper","Shrug It Off","Anchor","Whetstone"],"gold_per_floor":[117,131,142,67,78,78,98,98,98,64,64,84,84,144,144,240,240,257,291,303,303,123,123,153,153,153,153,167,194,194,208,208,303,303,316,316,538,216,216,216,232,232,232,248,259,271,29,29,29,29],"floor_reached":51,"campfire_rested":1,"playtime":4576,"current_hp_per_floor":[73,73,79,79,77,77,68,68,68,68,68,66,66,48,48,36,80,80,62,68,68,68,68,50,74,74,74,80,80,80,80,80,39,80,80,80,80,80,70,70,80,80,80,78,78,80,80,80,80,71],"items_purged":["Strike_R","Strike_R","Strike_R","Injury"],"gold":29,"score":475,"play_id":"f091edf7-3ecd-41b4-979c-f05ede9c47b7","is_prod":false,"is_daily":false,"is_ascension_mode":false,"campfire_upgraded":10,"path_taken":["M","M","M","?","M","R","M","R","T","$","R","M","R","?","R","BOSS","M","?","M","?","$","R","E","R","T","R","?","E","R","M","R","BOSS","M","?","?","$","?","R","M","R","T","M","?","M","$","?","R","BOSS"],"build_version":"2018-02-05-BETA1","purchased_purges":4,"victory":true,"master_deck":["Strike_R","Defend_R","Defend_R","Defend_R","Defend_R","Bash+1","Cleave+1","Thunderclap+1","Dropkick","Metallicize+1","Juggernaut+1","Flame Barrier+1","Double Tap+1","Metallicize+1","Reaper","Disarm+1","Whirlwind","Entrench+1","Barricade+1","Shrug It Off+1","Madness","Madness","Iron Wave+1","Body Slam+1","Decay"],"max_hp_per_floor":[80,80,80,80,80,80,80,80,80,80,80,80,80,80,80,80,80,80,80,80,80,80,80,80,80,80,80,80,80,80,80,80,80,80,80,80,80,80,80,80,80,80,80,80,80,80,80,80,80,80],"relics":["Burning Blood","Bag of Marbles","Du-Vu Doll","Sozu","Red Mask","Happy Flower","Magic Flower","Girya","Matryoshka","Cursed Key","Anchor","Dodecahedron","The Courier","Whetstone"],"card_choices":[{"not_picked":["Twin Strike","Reckless Charge"],"picked":"Cleave"},{"not_picked":["Iron Wave","Perfected Strike"],"picked":"Thunderclap"},{"not_picked":["Disarm","Bloodletting"],"picked":"Dropkick"},{"not_picked":["Pummel","Sever Soul"],"picked":"Juggernaut"},{"not_picked":["Thunderclap","Headbutt"],"picked":"Flame Barrier"},{"not_picked":["Reaper","Berserk"],"picked":"Double Tap"},{"not_picked":["Searing Blow","Twin Strike"],"picked":"Metallicize"},{"not_picked":["Body Slam","Pommel Strike"],"picked":"Disarm"},{"not_picked":["Inflame","Berserk"],"picked":"Whirlwind"},{"not_picked":["Flex","Infernal Blade"],"picked":"Entrench"},{"not_picked":["Berserk","Demon Form"],"picked":"Barricade"},{"not_picked":["Flex","Rage"],"picked":"Iron Wave"},{"not_picked":["Twin Strike","Entrench"],"picked":"Body Slam"}],"player_experience":238704,"potions_floor_usage":[12,14],"damage_taken":[{"damage":13,"enemies":"Blue Slaver","floor":1,"turns":9},{"damage":6,"enemies":"Jaw Worm","floor":2,"turns":3},{"damage":0,"enemies":"Cultist","floor":3,"turns":3},{"damage":8,"enemies":"2 Fungi Beasts","floor":5,"turns":3},{"damage":15,"enemies":"Looter","floor":7,"turns":3},{"damage":8,"enemies":"Large Slime","floor":12,"turns":5},{"damage":24,"enemies":"Lagavulin Event","floor":14,"turns":6},{"damage":18,"enemies":"The Guardian","floor":16,"turns":11},{"damage":1,"enemies":"3 Byrds","floor":18,"turns":4},{"damage":24,"enemies":"Masked Bandits","floor":19,"turns":4},{"damage":0,"enemies":"Chosen","floor":20,"turns":5},{"damage":38,"enemies":"Gremlin Leader","floor":24,"turns":6},{"damage":4,"enemies":"3 Cultists","floor":28,"turns":4},{"damage":7,"enemies":"Book of Stabbing","floor":29,"turns":7},{"damage":7,"enemies":"Centurion and Healer","floor":31,"turns":5},{"damage":59,"enemies":"Collector","floor":33,"turns":11},{"damage":0,"enemies":"3 Darklings","floor":35,"turns":2},{"damage":0,"enemies":"3 Shapes","floor":41,"turns":3},{"damage":11,"enemies":"Flame Bruiser 2 Orb","floor":44,"turns":4},{"damage":11,"enemies":"Spire Growth","floor":45,"turns":6},{"damage":0,"enemies":"Maw","floor":46,"turns":20},{"damage":29,"enemies":"Time Eater","floor":50,"turns":11}],"event_choices":[{"event_name":"Dead Adventurer","player_choice":"Searched \u00271\u0027 times","floor":14,"damage_taken":0},{"event_name":"Masked Bandits","player_choice":"Fought over 257 gold","floor":19,"damage_taken":0},{"event_name":"Mysterious Sphere","player_choice":"Ignore","floor":36,"damage_taken":0},{"event_name":"Tomb of Lord Red Mask","player_choice":"Wore Mask","floor":37,"damage_taken":0},{"event_name":"Winding Halls","player_choice":"Embrace Madness","floor":39,"damage_taken":0},{"event_name":"Wheel of Change","player_choice":"Curse","floor":48,"damage_taken":0}],"boss_relics":[{"not_picked":["Mark of Pain","Tiny House"],"picked":"Sozu"},{"not_picked":["Question Card","Runic Pyramid"],"picked":"Cursed Key"}],"potions_floor_spawned":[3,7,12,14,24,29,31,35,45,46],"seed_played":"1948461053251278300","ascension_level":0,"is_trial":false}