{"path_per_floor":["M","$","M","?","M","R","M","$","T","M","E","R","E","M","R","B",null,"M","?","?","?","?","R","M","?","T","R","$","M","R","?","R","B",null,"M","?","?","$","?","R","M","$","T","?","$","R","$","?","R"],"character_chosen":"THE_SILENT","items_purchased":["Accuracy","Blur","Accuracy","Well Laid Plans"],"gold_per_floor":[109,32,51,51,68,68,82,7,7,20,48,48,75,92,92,196,226,236,161,161,76,76,76,92,92,92,92,58,70,70,70,70,172,172,187,187,187,34,34,34,46,46,46,46,46,46,46,0,0],"floor_reached":50,"campfire_rested":2,"playtime":3588,"current_hp_per_floor":[66,66,66,70,70,70,70,70,70,70,64,64,60,60,60,34,75,59,59,43,43,43,65,70,70,70,70,70,75,75,52,52,52,52,52,42,42,42,42,42,45,45,45,45,45,45,45,45,52],"items_purged":["Writhe"],"gold":0,"play_id":"f1575ecc-0729-4460-8dc3-eed74739527a","is_prod":false,"is_daily":false,"is_ascension_mode":false,"campfire_upgraded":8,"path_taken":["M","$","M","?","M","R","M","$","T","?","E","R","E","M","R","BOSS","M","?","?","?","?","R","M","?","T","R","?","M","R","?","R","BOSS","M","?","?","?","?","R","M","$","T","?","$","R","?","?","R","BOSS"],"build_version":"2018-02-01-BETA1","purchased_purges":1,"victory":false,"master_deck":["Defend_G","Survivor","Neutralize+1","Cloak And Dagger","Accuracy+1","Choke","Bullet Time+1","Blur+1","Acrobatics+1","Adrenaline","Infinite Blades","After Image+1","Flying Knee","Blade Dance","Slice","Escape Plan+1","Accuracy+1","Infinite Blades","Bite","Bite","Bite","Bite","A Thousand Cuts+1","Secret Technique+1","Deadly Poison+1","Cloak And Dagger+1","Madness","Madness","Dagger Spray"],"max_hp_per_floor":[70,70,70,70,70,70,70,70,70,70,70,70,70,70,70,70,75,75,75,75,75,75,75,75,75,75,75,75,75,75,52,52,52,52,52,52,52,52,52,52,52,52,52,52,52,52,52,52,52],"relics":["Ring of the Snake","Bird Faced Urn","Ninja Scroll","Juzu Bracelet","Tiny House","Enchiridion","Bag of Marbles","Girya","Calipers","Astrolabe","Sundial","Red Mask"],"card_choices":[{"not_picked":["Outmaneuver","Underhanded Strike"],"picked":"Cloak And Dagger"},{"not_picked":["Prepared","Setup"],"picked":"Choke"},{"not_picked":["Riddle With Holes","Outmaneuver"],"picked":"Bullet Time"},{"not_picked":["All Out Attack","Poisoned Stab"],"picked":"Acrobatics"},{"not_picked":["Sucker Punch","Dagger Spray"],"picked":"Adrenaline"},{"not_picked":["Bane","Flying Knee"],"picked":"Infinite Blades"},{"not_picked":["Doppelganger","Corpse Explosion"],"picked":"After Image"},{"not_picked":["Deflect","Quick Slash"],"picked":"Flying Knee"},{"not_picked":["Concentrate","Dagger Spray"],"picked":"Blade Dance"},{"not_picked":["Tools of the Trade","Deadly Poison"],"picked":"Escape Plan"},{"not_picked":["Backflip","Deadly Poison"],"picked":"Infinite Blades"},{"not_picked":["Glass Knife","Night Terror"],"picked":"A Thousand Cuts"},{"not_picked":["Quick Slash","Reflex"],"picked":"Dagger Spray"}],"player_experience":182038,"potions_floor_usage":[11,11,13,14,18,41],"damage_taken":[{"damage":4,"enemies":"Blue Slaver","floor":1,"turns":5},{"damage":0,"enemies":"Jaw Worm","floor":3,"turns":5},{"damage":0,"enemies":"2 Louse","floor":5,"turns":3},{"damage":0,"enemies":"2 Fungi Beasts","floor":7,"turns":4},{"damage":0,"enemies":"3 Louse","floor":10,"turns":3},{"damage":6,"enemies":"Lagavulin","floor":11,"turns":6},{"damage":6,"enemies":"3 Sentries","floor":13,"turns":7},{"damage":0,"enemies":"Exordium Thugs","floor":14,"turns":2},{"damage":30,"enemies":"The Guardian","floor":16,"turns":13},{"damage":18,"enemies":"2 Thieves","floor":18,"turns":5},{"damage":1,"enemies":"Chosen","floor":24,"turns":3},{"damage":0,"enemies":"3 Cultists","floor":29,"turns":5},{"damage":0,"enemies":"Champ","floor":33,"turns":12},{"damage":0,"enemies":"3 Shapes","floor":35,"turns":5},{"damage":9,"enemies":"Flame Bruiser 1 Orb","floor":41,"turns":5},{"damage":64,"enemies":"Donu and Deca","floor":50,"turns":4}],"event_choices":[{"event_name":"Wheel of Change","player_choice":"Full Heal","floor":4,"damage_taken":0},{"event_name":"Beggar","player_choice":"Gave Gold","floor":19,"damage_taken":0},{"event_name":"Cursed Tome","player_choice":"Obtained Book","floor":20,"damage_taken":0},{"event_name":"Addict","player_choice":"Obtained Relic","floor":21,"damage_taken":0},{"event_name":"Transmorgrifier","player_choice":"Transform","floor":22,"damage_taken":0},{"event_name":"The Mausoleum","player_choice":"Yes","floor":25,"damage_taken":0},{"event_name":"Vampires","player_choice":"Became a vampire","floor":31,"damage_taken":0},{"event_name":"Winding Halls","player_choice":"Embrace Madness","floor":36,"damage_taken":0},{"event_name":"Mysterious Sphere","player_choice":"Ignore","floor":37,"damage_taken":0},{"event_name":"Purifier","player_choice":"One Purge","floor":44,"damage_taken":0},{"event_name":"Tomb of Lord Red Mask","player_choice":"Paid","floor":48,"damage_taken":0}],"boss_relics":[{"not_picked":["Snecko Eye","Black Star"],"picked":"Tiny House"},{"not_picked":["Sozu","Question Card"],"picked":"Astrolabe"}],"potions_floor_spawned":[5,7,10,11,24],"seed_played":"5538013581600640206","killed_by":"Donu and Deca","ascension_level":0,"is_trial":false}