{"gold_per_floor":[117,42,42,58,75,103,116,116,116,150,150,150,177,193,193,288,288,298,208,15,15,33,62,78,98,123,148,159,10,10,43,43,138,138,148,198,198,298,308,366,366,216,216,47,47,0,0,33,33,33],"floor_reached":51,"playtime":17747,"items_purged":["Strike_G","Strike_G","Strike_G","Setup"],"score":829,"play_id":"420fdb79-c71c-41b2-8604-b1070930fd59","local_time":"20190723030625","is_ascension_mode":true,"campfire_choices":[{"floor":8,"key":"REST"},{"data":"Noxious Fumes","floor":15,"key":"SMITH"},{"floor":32,"key":"REST"},{"floor":41,"key":"REST"},{"floor":45,"key":"REST"},{"floor":49,"key":"REST"}],"neow_cost":"NONE","seed_source_timestamp":37259666463005,"circlet_count":0,"master_deck":["Defend_G+1","Defend_G","Defend_G","Defend_G","Defend_G","Survivor","Neutralize","Poisoned Stab","Noxious Fumes+1","Flying Knee","Predator","Crippling Poison+1","Glass Knife","Deadly Poison","Finesse+1","Noxious Fumes","Deadly Poison","Dodge and Roll+1","Deflect+1","Catalyst","Venomology","Sucker Punch","Crippling Poison","Footwork","Glass Knife","Bane","Heel Hook+1","Apotheosis","Backstab+1","Backflip","Expertise"],"relics":["Ring of the Snake","Happy Flower","Juzu Bracelet","Letter Opener","Bag of Preparation","Strawberry","Fusion Hammer","Snake Skull","Dream Catcher","Paper Crane","MutagenicStrength","Lantern","HoveringKite","Turnip","Ice Cream","Tiny Chest","Centennial Puzzle","Red Mask","War Paint"],"potions_floor_usage":[13,23,25,27,27,33,36,40,48,50,50],"damage_taken":[{"damage":1,"enemies":"Cultist","floor":1,"turns":4},{"damage":1,"enemies":"Jaw Worm","floor":4,"turns":4},{"damage":7,"enemies":"Small Slimes","floor":5,"turns":5},{"damage":36,"enemies":"3 Sentries","floor":6,"turns":10},{"damage":5,"enemies":"Looter","floor":7,"turns":4},{"damage":2,"enemies":"Lagavulin","floor":10,"turns":9},{"damage":5,"enemies":"3 Sentries","floor":13,"turns":7},{"damage":0,"enemies":"2 Fungi Beasts","floor":14,"turns":4},{"damage":28,"enemies":"The Guardian","floor":16,"turns":10},{"damage":14,"enemies":"2 Thieves","floor":18,"turns":4},{"damage":1,"enemies":"3 Byrds","floor":22,"turns":3},{"damage":11,"enemies":"Book of Stabbing","floor":23,"turns":6},{"damage":23,"enemies":"Shelled Parasite and Fungi","floor":24,"turns":4},{"damage":5,"enemies":"Centurion and Healer","floor":25,"turns":5},{"damage":1,"enemies":"Slavers","floor":27,"turns":4},{"damage":2,"enemies":"Sentry and Sphere","floor":28,"turns":4},{"damage":2,"enemies":"Gremlin Leader","floor":31,"turns":5},{"damage":13,"enemies":"Automaton","floor":33,"turns":8},{"damage":0,"enemies":"3 Darklings","floor":35,"turns":3},{"damage":17,"enemies":"2 Orb Walkers","floor":36,"turns":4},{"damage":3,"enemies":"Orb Walker","floor":39,"turns":3},{"damage":8,"enemies":"Nemesis","floor":40,"turns":7},{"damage":2,"enemies":"Giant Head","floor":48,"turns":6},{"damage":38,"enemies":"Time Eater","floor":50,"turns":11}],"seed_played":"-7574045327716584358","potions_obtained":[{"floor":1,"key":"LiquidBronze"},{"floor":6,"key":"Fire Potion"},{"floor":10,"key":"GamblersBrew"},{"floor":14,"key":"LiquidBronze"},{"floor":18,"key":"Regen Potion"},{"floor":25,"key":"AttackPotion"},{"floor":31,"key":"AttackPotion"},{"floor":33,"key":"Dexterity Potion"},{"floor":36,"key":"GhostInAJar"}],"is_trial":false,"path_per_floor":["M","$","?","M","M","E","M","R","T","E","?","T","E","M","R","B",null,"M","?","$","?","M","E","M","M","T","E","M","$","?","E","R","B",null,"M","?","T","?","M","E","R","$","T","$","R","?","?","E","R","B",null],"character_chosen":"THE_SILENT","items_purchased":["Finesse","Sucker Punch","Apotheosis"],"campfire_rested":5,"item_purchase_floors":[20,29,44],"current_hp_per_floor":[76,76,69,68,61,25,20,43,43,41,41,41,43,43,43,15,84,70,70,70,70,69,73,50,45,45,44,42,42,42,40,65,52,84,84,67,67,67,64,56,81,81,81,81,84,84,84,82,84,46],"gold":33,"neow_bonus":"TEN_PERCENT_HP_BONUS","is_prod":false,"is_daily":false,"chose_seed":false,"campfire_upgraded":1,"win_rate":0,"timestamp":1563869185,"path_taken":["M","?","?","M","M","E","M","R","T","E","?","?","E","M","R","BOSS","M","?","$","?","M","E","M","M","T","E","M","$","?","E","R","BOSS","M","?","?","?","M","E","R","$","T","$","R","?","?","E","R","BOSS"],"build_version":"2019-07-17","purchased_purges":4,"victory":true,"max_hp_per_floor":[77,77,77,77,77,77,77,77,77,77,77,77,84,84,84,84,84,84,84,84,84,84,84,84,84,84,84,84,84,84,84,84,84,84,84,84,84,84,84,84,84,84,84,84,84,84,84,84,84,84],"card_choices":[{"not_picked":["Deflect","Dodge and Roll"],"picked":"Poisoned Stab","floor":1},{"not_picked":["Underhanded Strike","Blade Dance"],"picked":"Setup","floor":4},{"not_picked":["Sucker Punch","Quick Slash"],"picked":"Noxious Fumes","floor":5},{"not_picked":["Outmaneuver","Sucker Punch"],"picked":"After Image","floor":6},{"not_picked":["Sucker Punch","PiercingWail","Dagger Spray"],"picked":"SKIP","floor":7},{"not_picked":["Burst","Dagger Throw"],"picked":"Flying Knee","floor":10},{"not_picked":["Poisoned Stab","PiercingWail"],"picked":"Predator","floor":13},{"not_picked":["Dagger Throw","Concentrate"],"picked":"Crippling Poison","floor":14},{"not_picked":["Adrenaline","Burst"],"picked":"Glass Knife","floor":16},{"not_picked":["Backflip","Cloak And Dagger"],"picked":"Deadly Poison","floor":18},{"not_picked":["Cloak And Dagger+1","PiercingWail"],"picked":"Noxious Fumes","floor":22},{"not_picked":["Dagger Throw","Finisher"],"picked":"Deadly Poison","floor":23},{"not_picked":["Grand Finale","Choke"],"picked":"Dodge and Roll+1","floor":24},{"not_picked":["Acrobatics","Slice"],"picked":"Deflect+1","floor":25},{"not_picked":["Prepared","Flying Knee"],"picked":"Catalyst","floor":27},{"not_picked":["Dagger Spray+1","Bane"],"picked":"Venomology","floor":28},{"not_picked":["Backflip","Concentrate"],"picked":"Crippling Poison","floor":31},{"not_picked":["Backflip","Outmaneuver"],"picked":"Footwork","floor":32},{"not_picked":["Doppelganger","Malaise"],"picked":"Glass Knife","floor":33},{"not_picked":["Cloak And Dagger+1","Tactician","Slice+1"],"picked":"SKIP","floor":35},{"not_picked":["Setup","Choke+1"],"picked":"Bane","floor":39},{"not_picked":["Tactician+1","Backstab"],"picked":"Heel Hook+1","floor":40},{"not_picked":["Poisoned Stab+1","Prepared"],"picked":"Backstab+1","floor":45},{"not_picked":["Well Laid Plans","Quick Slash+1"],"picked":"Backflip","floor":48},{"not_picked":["Catalyst","Well Laid Plans"],"picked":"Expertise","floor":49}],"player_experience":516278,"relics_obtained":[{"floor":6,"key":"Happy Flower"},{"floor":9,"key":"Juzu Bracelet"},{"floor":10,"key":"Letter Opener"},{"floor":12,"key":"Bag of Preparation"},{"floor":13,"key":"Strawberry"},{"floor":23,"key":"Snake Skull"},{"floor":26,"key":"Dream Catcher"},{"floor":27,"key":"Paper Crane"},{"floor":31,"key":"Lantern"},{"floor":36,"key":"Turnip"},{"floor":37,"key":"Ice Cream"},{"floor":40,"key":"Tiny Chest"},{"floor":43,"key":"Centennial Puzzle"},{"floor":48,"key":"War Paint"}],"event_choices":[{"cards_removed":["Strike_G"],"damage_healed":0,"gold_gain":0,"player_choice":"Card Removal","damage_taken":7,"max_hp_gain":0,"max_hp_loss":0,"event_name":"Golden Wing","floor":3,"gold_loss":0},{"damage_healed":0,"gold_gain":0,"player_choice":"Ignored","damage_taken":0,"max_hp_gain":0,"max_hp_loss":0,"event_name":"Liars Game","floor":11,"gold_loss":0},{"cards_removed":["Strike_G"],"damage_healed":0,"gold_gain":0,"player_choice":"Upgrade and Remove","damage_taken":0,"max_hp_gain":0,"max_hp_loss":0,"event_name":"Designer","floor":19,"gold_loss":90,"cards_upgraded":["Crippling Poison"]},{"damage_healed":0,"gold_gain":0,"player_choice":"Ignored","damage_taken":0,"max_hp_gain":0,"max_hp_loss":0,"event_name":"The Mausoleum","floor":21,"gold_loss":0},{"damage_healed":0,"gold_gain":0,"player_choice":"Inject Mutagens","damage_taken":0,"relics_obtained":["MutagenicStrength"],"max_hp_gain":0,"max_hp_loss":0,"event_name":"Drug Dealer","floor":30,"gold_loss":0},{"damage_healed":0,"gold_gain":0,"player_choice":"Fight","damage_taken":0,"max_hp_gain":0,"max_hp_loss":0,"event_name":"Mysterious Sphere","floor":36,"gold_loss":0},{"damage_healed":0,"gold_gain":100,"player_choice":"Pray","damage_taken":0,"max_hp_gain":0,"max_hp_loss":0,"event_name":"Golden Shrine","floor":38,"gold_loss":0},{"damage_healed":0,"gold_gain":0,"player_choice":"Paid","damage_taken":0,"relics_obtained":["Red Mask"],"max_hp_gain":0,"max_hp_loss":0,"event_name":"Tomb of Lord Red Mask","floor":46,"gold_loss":47},{"cards_removed":["After Image"],"damage_healed":0,"gold_gain":0,"player_choice":"Removed Power","damage_taken":0,"max_hp_gain":0,"max_hp_loss":0,"event_name":"Falling","floor":47,"gold_loss":0}],"is_beta":false,"boss_relics":[{"not_picked":["Cursed Key","WristBlade"],"picked":"Fusion Hammer"},{"not_picked":["Runic Dome","Runic Pyramid"],"picked":"HoveringKite"}],"items_purged_floors":[2,20,29,42],"is_endless":false,"potions_floor_spawned":[1,6,10,14,16,18,25,31,33,36,39],"ascension_level":2}