{"gold_per_floor":[111,125,125,143,68,68,90,90,113,188,198,232,32,46,46,147,147,163,174,184,184,204,232,251,176,176],"floor_reached":26,"playtime":907,"items_purged":["Defend_B"],"score":230,"play_id":"c1970cc0-348c-4686-8d80-e92d24b782fe","local_time":"20190713190411","is_ascension_mode":false,"campfire_choices":[{"data":"Reboot","floor":6,"key":"SMITH"},{"data":"Zap","floor":8,"key":"SMITH"},{"data":"Auto Shields","floor":15,"key":"SMITH"}],"neow_cost":"NONE","seed_source_timestamp":241326698762300,"circlet_count":0,"master_deck":["Strike_B","Strike_B","Strike_B","Strike_B","Defend_B","Defend_B","Defend_B","Zap+1","Dualcast","Impatience","Conserve Battery","FTL","Auto Shields+1","Reboot+1","After Image","Blade Dance+1","Beam Cell","Blade Dance","Regret"],"relics":["Cracked Core","Odd Mushroom","Centennial Puzzle","Bag of Marbles","PrismaticShard","Cursed Key","Vajra","Dead Branch"],"potions_floor_usage":[11,16,23],"damage_taken":[{"damage":0,"enemies":"2 Louse","floor":1,"turns":2},{"damage":1,"enemies":"Jaw Worm","floor":2,"turns":3},{"damage":0,"enemies":"Cultist","floor":4,"turns":3},{"damage":9,"enemies":"The Mushroom Lair","floor":7,"turns":6},{"damage":5,"enemies":"Exordium Thugs","floor":11,"turns":3},{"damage":28,"enemies":"Gremlin Nob","floor":12,"turns":4},{"damage":0,"enemies":"Red Slaver","floor":14,"turns":4},{"damage":13,"enemies":"Slime Boss","floor":16,"turns":12},{"damage":0,"enemies":"3 Byrds","floor":18,"turns":4},{"damage":0,"enemies":"Shell Parasite","floor":19,"turns":5},{"damage":11,"enemies":"Snake Plant","floor":20,"turns":6},{"damage":0,"enemies":"Cultist and Chosen","floor":22,"turns":5},{"damage":8,"enemies":"Book of Stabbing","floor":23,"turns":4},{"damage":6,"enemies":"Shelled Parasite and Fungi","floor":24,"turns":5}],"seed_played":"-3739211511341803754","potions_obtained":[{"floor":1,"key":"Poison Potion"},{"floor":11,"key":"SpeedPotion"},{"floor":14,"key":"Explosive Potion"},{"floor":18,"key":"Poison Potion"},{"floor":19,"key":"GamblersBrew"},{"floor":24,"key":"Ancient Potion"}],"is_trial":false,"path_per_floor":["M","M","$","M","$","R","?","R","T","?","M","E","$","M","R","B",null,"M","M","M","T","M","E","M","$","T"],"character_chosen":"DEFECT","items_purchased":["Reboot","PrismaticShard"],"campfire_rested":0,"item_purchase_floors":[5,13],"current_hp_per_floor":[75,74,74,74,74,74,65,65,65,58,53,25,25,25,25,12,75,75,75,64,64,64,56,50,50,50],"gold":176,"neow_bonus":"RANDOM_COLORLESS","is_prod":false,"is_daily":false,"chose_seed":false,"campfire_upgraded":3,"win_rate":0,"timestamp":1563033851,"path_taken":["M","M","$","M","$","R","?","R","T","?","M","E","$","M","R","BOSS","M","M","?","?","M","E","M","$","T"],"build_version":"2019-07-05","purchased_purges":1,"victory":false,"max_hp_per_floor":[75,75,75,75,75,75,75,75,75,75,75,75,75,75,75,75,75,75,75,75,75,75,75,75,75,75],"card_choices":[{"not_picked":["Chill","Heatsinks"],"picked":"Conserve Battery","floor":1},{"not_picked":["Steam","Rebound"],"picked":"FTL","floor":2},{"not_picked":["Redo","Compile Driver"],"picked":"Auto Shields","floor":4},{"not_picked":["Stack","Auto Shields","Streamline"],"picked":"SKIP","floor":11},{"not_picked":["Creative AI","Redo","Static Discharge"],"picked":"SKIP","floor":12},{"not_picked":["Riddle With Holes","Rampage","Skim"],"picked":"SKIP","floor":14},{"not_picked":["Violence","Unload"],"picked":"After Image","floor":16},{"not_picked":["Clash+1","Fusion"],"picked":"Blade Dance+1","floor":18},{"not_picked":["White Noise","Purity+1","Carnage+1"],"picked":"SKIP","floor":19},{"not_picked":["True Grit","Underhanded Strike"],"picked":"Beam Cell","floor":20},{"not_picked":["Redo","Havoc+1","Bane"],"picked":"SKIP","floor":22},{"not_picked":["Clash","Dagger Throw+1","Cold Snap+1"],"picked":"SKIP","floor":23},{"not_picked":["Entrench","PanicButton"],"picked":"Blade Dance","floor":24}],"player_experience":701221,"relics_obtained":[{"floor":7,"key":"Odd Mushroom"},{"floor":9,"key":"Centennial Puzzle"},{"floor":12,"key":"Bag of Marbles"},{"floor":23,"key":"Vajra"},{"floor":26,"key":"Dead Branch"}],"event_choices":[{"damage_healed":0,"gold_gain":0,"player_choice":"Fought Mushrooms","damage_taken":0,"max_hp_gain":0,"max_hp_loss":0,"event_name":"Mushrooms","floor":7,"gold_loss":0},{"damage_healed":0,"gold_gain":75,"player_choice":"Touch","damage_taken":7,"max_hp_gain":0,"max_hp_loss":0,"event_name":"FaceTrader","floor":10,"gold_loss":0}],"is_beta":false,"boss_relics":[{"not_picked":["Empty Cage","Snecko Eye"],"picked":"Cursed Key"}],"items_purged_floors":[25],"is_endless":false,"potions_floor_spawned":[1,11,14,18,19,22,24],"ascension_level":0}