{"gold_per_floor":[112,132,144,1,16,16,34,34,58,69,80,80,5,5,5,102,102,119,139,86,99,99,110,110,110,135,60,73,84,84,84,84,182,182,192,292,201,201,17,17,31,31,31,31,46,64,74,74,74,74],"floor_reached":51,"playtime":1671,"items_purged":["Strike_R"],"score":666,"play_id":"774c8f2e-2652-4669-be2a-2235c50c7500","local_time":"20181116000755","is_ascension_mode":false,"campfire_choices":[{"data":"Armaments","floor":6,"key":"SMITH"},{"data":"Body Slam","floor":12,"key":"SMITH"},{"data":"Body Slam","floor":15,"key":"SMITH"},{"data":"Demon Form","floor":24,"key":"SMITH"},{"floor":30,"key":"REST"},{"floor":32,"key":"REST"},{"data":"Bash","floor":40,"key":"SMITH"},{"data":"Armaments","floor":44,"key":"SMITH"},{"floor":49,"key":"REST"}],"neow_cost":"NONE","seed_source_timestamp":10846896880188,"circlet_count":0,"master_deck":["Defend_R","Defend_R","Defend_R","Bash+1","Armaments+1","Demon Form+1","Body Slam+1","Body Slam+1","Armaments+1","Iron Wave","Finesse","Dropkick"],"relics":["Burning Blood","Bronze Scales","Boot","Strawberry","Busted Crown","Vajra","Empty Cage","Unceasing Top","Juzu Bracelet","Ornamental Fan"],"potions_floor_usage":[11,18,19,36,42,46,50,50],"damage_taken":[{"damage":6,"enemies":"Jaw Worm","floor":1,"turns":3},{"damage":7,"enemies":"2 Louse","floor":2,"turns":3},{"damage":1,"enemies":"Cultist","floor":3,"turns":3},{"damage":10,"enemies":"3 Louse","floor":5,"turns":3},{"damage":9,"enemies":"Blue Slaver","floor":7,"turns":4},{"damage":2,"enemies":"Large Slime","floor":10,"turns":6},{"damage":19,"enemies":"Exordium Thugs","floor":11,"turns":6},{"damage":21,"enemies":"Hexaghost","floor":16,"turns":9},{"damage":22,"enemies":"2 Thieves","floor":18,"turns":3},{"damage":5,"enemies":"Spheric Guardian","floor":19,"turns":3},{"damage":14,"enemies":"Cultist and Chosen","floor":21,"turns":6},{"damage":33,"enemies":"Snecko","floor":23,"turns":7},{"damage":14,"enemies":"Snake Plant","floor":28,"turns":3},{"damage":27,"enemies":"Centurion and Healer","floor":29,"turns":6},{"damage":49,"enemies":"Champ","floor":33,"turns":9},{"damage":3,"enemies":"3 Shapes","floor":35,"turns":5},{"damage":31,"enemies":"Mind Bloom Boss Battle","floor":36,"turns":6},{"damage":0,"enemies":"Orb Walker","floor":41,"turns":3},{"damage":9,"enemies":"Spire Growth","floor":45,"turns":5},{"damage":4,"enemies":"Sphere and 2 Shapes","floor":46,"turns":8},{"damage":14,"enemies":"4 Shapes","floor":47,"turns":8},{"damage":79,"enemies":"Awakened One","floor":50,"turns":18}],"seed_played":"-7204333490898351860","potions_obtained":[{"floor":1,"key":"BloodPotion"},{"floor":2,"key":"SkillPotion"},{"floor":3,"key":"Block Potion"},{"floor":11,"key":"Weak Potion"},{"floor":16,"key":"Fruit Juice"},{"floor":18,"key":"SpeedPotion"},{"floor":23,"key":"Swift Potion"},{"floor":41,"key":"Fruit Juice"},{"floor":46,"key":"Block Potion"}],"is_trial":false,"path_per_floor":["M","M","M","$","M","R","M","?","T","M","M","R","$","?","R","B",null,"M","M","$","M","$","M","R","?","T","?","M","M","R","?","R","B",null,"M","?","$","?","$","R","M","?","T","R","M","M","M","?","R","B",null],"character_chosen":"IRONCLAD","items_purchased":["Bronze Scales","Armaments","Finesse","Juzu Bracelet","Dropkick"],"campfire_rested":3,"item_purchase_floors":[4,20,37,39,39],"current_hp_per_floor":[80,79,80,80,76,76,73,73,80,84,71,71,71,63,63,48,87,76,77,77,69,69,42,42,42,42,42,34,13,40,22,51,8,97,97,72,72,72,72,72,78,83,83,83,80,82,74,74,97,24],"gold":74,"neow_bonus":"REMOVE_CARD","is_prod":false,"is_daily":false,"chose_seed":false,"campfire_upgraded":6,"win_rate":0,"timestamp":1542319675,"path_taken":["M","M","M","$","M","R","M","?","T","M","M","R","$","?","R","BOSS","M","?","$","M","$","M","R","?","T","?","M","M","R","?","R","BOSS","M","?","$","?","$","R","M","?","T","R","M","M","M","?","R","BOSS"],"build_version":"2018-11-08","purchased_purges":1,"victory":true,"max_hp_per_floor":[80,80,80,80,80,80,80,80,87,87,87,87,87,87,87,87,87,92,92,92,92,92,92,92,92,92,92,92,92,92,97,97,97,97,97,97,97,97,97,97,97,102,102,102,102,102,102,97,97,97],"card_choices":[{"not_picked":["Power Through","Pummel","Clash"],"picked":"SKIP","floor":1},{"not_picked":["Heavy Blade","Flex"],"picked":"Armaments","floor":2},{"not_picked":["True Grit","Thunderclap"],"picked":"Demon Form","floor":3},{"not_picked":["Warcry","Sword Boomerang","Inflame"],"picked":"SKIP","floor":5},{"not_picked":["Clothesline","Twin Strike","Fire Breathing"],"picked":"SKIP","floor":7},{"not_picked":["Thunderclap","Armaments"],"picked":"Body Slam","floor":10},{"not_picked":["Havoc","Perfected Strike"],"picked":"Body Slam","floor":11},{"not_picked":["Infernal Blade+1"],"picked":"SKIP","floor":18},{"not_picked":["Thunderclap"],"picked":"SKIP","floor":19},{"not_picked":["Shockwave"],"picked":"SKIP","floor":21},{"not_picked":["Sword Boomerang"],"picked":"SKIP","floor":23},{"not_picked":["Seeing Red"],"picked":"SKIP","floor":28},{"not_picked":["Thunderclap"],"picked":"SKIP","floor":29},{"not_picked":[],"picked":"Iron Wave","floor":35},{"not_picked":["Armaments"],"picked":"SKIP","floor":41},{"not_picked":["Clothesline+1"],"picked":"SKIP","floor":45},{"not_picked":["Sever Soul+1"],"picked":"SKIP","floor":46},{"not_picked":["Intimidate"],"picked":"SKIP","floor":47}],"player_experience":465844,"relics_obtained":[{"floor":9,"key":"Strawberry"},{"floor":26,"key":"Vajra"},{"floor":36,"key":"Unceasing Top"},{"floor":43,"key":"Ornamental Fan"}],"event_choices":[{"damage_healed":0,"gold_gain":0,"player_choice":"Searched \u00271\u0027 times","damage_taken":0,"relics_obtained":["Boot"],"max_hp_gain":0,"max_hp_loss":0,"event_name":"Dead Adventurer","floor":8,"gold_loss":0},{"damage_healed":0,"gold_gain":0,"player_choice":"Damaged","damage_taken":8,"max_hp_gain":0,"max_hp_loss":0,"event_name":"Wheel of Change","floor":14,"gold_loss":0},{"damage_healed":0,"gold_gain":0,"player_choice":"Ignored","damage_taken":0,"max_hp_gain":0,"max_hp_loss":0,"event_name":"The Mausoleum","floor":25,"gold_loss":0},{"cards_removed":["Strike_R"],"damage_healed":0,"gold_gain":0,"player_choice":"Gave Gold","damage_taken":0,"max_hp_gain":0,"max_hp_loss":0,"event_name":"Beggar","floor":27,"gold_loss":75},{"damage_healed":0,"gold_gain":0,"player_choice":"Shed Blood","damage_taken":23,"max_hp_gain":5,"max_hp_loss":0,"event_name":"Forgotten Altar","floor":31,"gold_loss":0},{"damage_healed":0,"gold_gain":0,"player_choice":"Fight","damage_taken":0,"max_hp_gain":0,"max_hp_loss":0,"event_name":"MindBloom","floor":36,"gold_loss":0},{"cards_removed":["Defend_R"],"damage_healed":0,"gold_gain":0,"player_choice":"Removed Skill","damage_taken":0,"max_hp_gain":0,"max_hp_loss":0,"event_name":"Falling","floor":38,"gold_loss":0},{"damage_healed":0,"gold_gain":0,"player_choice":"Memory 1","damage_taken":0,"max_hp_gain":0,"max_hp_loss":0,"event_name":"SensoryStone","floor":42,"gold_loss":0},{"damage_healed":0,"gold_gain":0,"player_choice":"Max HP","damage_taken":0,"max_hp_gain":0,"max_hp_loss":5,"event_name":"Winding Halls","floor":48,"gold_loss":0}],"is_beta":false,"boss_relics":[{"not_picked":["Lizard Tail","Calling Bell"],"picked":"Busted Crown"},{"not_picked":["Coffee Dripper","Runic Dome"],"picked":"Empty Cage"}],"items_purged_floors":[13],"is_endless":false,"potions_floor_spawned":[1,2,3,11,16,18,23,28,33,35,41,46],"ascension_level":0}