{"path_per_floor":["M","M","$","?","M","E","M","R","T","M","?","R","M","?","R","B",null,"M","?","$","M","?","R"],"character_chosen":"THE_SILENT","items_purchased":["Bouncing Flask","Thinking Ahead"],"gold_per_floor":[115,126,14,14,27,60,76,76,103,119,419,419,436,436,436,555,555,576,576,282,298,298,298],"floor_reached":24,"campfire_rested":1,"playtime":2458,"current_hp_per_floor":[70,70,70,70,70,54,54,54,54,54,36,36,36,36,55,55,65,55,55,55,55,55,55],"items_purged":["Strike_G","Defend_G"],"gold":298,"play_id":"ca7167b9-11a2-4f09-abe3-66b959fcdc4b","is_prod":false,"is_daily":false,"campfire_rituals":0,"campfire_upgraded":3,"is_hardmode":false,"path_taken":["M","M","$","?","M","E","M","R","T","M","?","R","M","?","R","BOSS","M","?","$","M","?","R","E"],"build_version":"2018-01-18-PROD4","purchased_purges":3,"victory":false,"master_deck":["Defend_G","Defend_G","Defend_G","Defend_G","Strike_G","Strike_G","Strike_G","Strike_G","Survivor","Neutralize","Escape Plan","Blur","Bouncing Flask","Backflip","Outmaneuver","Flying Knee","Calculated Gamble","Endless Agony","Caltrops","Thinking Ahead","Terror","Writhe"],"max_hp_per_floor":[70,70,70,70,70,70,70,70,70,70,70,70,70,65,65,65,65,65,65,65,65,65,65],"relics":["Ring of the Snake","Anchor","Oddly Smooth Stone","Vajra","Old Coin","Golden Idol","White Beast Statue","War Paint"],"campfire_meditates":0,"card_choices":[{"not_picked":["Eviscerate","Accuracy"],"picked":"Escape Plan"},{"not_picked":["Flying Knee","Backflip"],"picked":"Blur"},{"not_picked":["Underhanded Strike","Poisoned Stab"],"picked":"Backflip"},{"not_picked":["Storm of Steel","Sucker Punch"],"picked":"Outmaneuver"},{"not_picked":["Crippling Poison","Quick Slash"],"picked":"Flying Knee"},{"not_picked":["Backflip","Acrobatics"],"picked":"Calculated Gamble"},{"not_picked":["Flying Knee","Heel Hook"],"picked":"Endless Agony"},{"not_picked":["Outmaneuver","PiercingWail"],"picked":"Terror"}],"player_experience":97933,"potions_floor_usage":[7,18,21,24],"damage_taken":[{"damage":0,"enemies":"Small Slimes","floor":1,"turns":4},{"damage":0,"enemies":"Blue Slaver","floor":2,"turns":5},{"damage":0,"enemies":"Jaw Worm","floor":5,"turns":3},{"damage":16,"enemies":"Gremlin Nob","floor":6,"turns":5},{"damage":0,"enemies":"3 Louse","floor":7,"turns":1},{"damage":0,"enemies":"Exordium Wildlife","floor":10,"turns":4},{"damage":0,"enemies":"Large Slime","floor":13,"turns":7},{"damage":0,"enemies":"The Guardian","floor":16,"turns":9},{"damage":10,"enemies":"2 Thieves","floor":18,"turns":4},{"damage":0,"enemies":"Chosen","floor":21,"turns":5},{"damage":69,"enemies":"Gremlin Leader","floor":24,"turns":7}],"event_choices":[{"event_name":"Accursed Blacksmith","player_choice":"Forge","floor":4,"damage_taken":0},{"event_name":"Scrap Ooze","player_choice":"success","floor":11,"damage_taken":18},{"event_name":"Golden Idol","player_choice":"Lose Max HP","floor":14,"damage_taken":0},{"event_name":"The Library","player_choice":"Read","floor":19,"damage_taken":0},{"event_name":"The Mausoleum","player_choice":"Yes","floor":22,"damage_taken":0}],"boss_relics":[{"not_picked":["Ectoplasm","Philosopher\u0027s Stone"],"picked":"White Beast Statue"}],"potions_floor_spawned":[1,2,10,16,18,21],"seed_played":"-2322807222679132966","killed_by":"Gremlin Leader","is_trial":false}