{"gold_per_floor":[110,285,210,229,246,246,22,22,22,22,22,33,65,85,85,185,185,202,302,314,314,331,331,331],"floor_reached":24,"playtime":628,"items_purged":["Doubt"],"score":196,"play_id":"a94709bc-9503-4192-b3e9-c664c558eff4","local_time":"20181030023102","is_ascension_mode":false,"campfire_choices":[{"data":"Spot Weakness","floor":6.0,"key":"SMITH"},{"data":"Evolve","floor":11.0,"key":"SMITH"},{"data":"Armaments","floor":15.0,"key":"SMITH"},{"floor":23,"key":"REST"}],"neow_cost":"NONE","seed_source_timestamp":103210342182587,"circlet_count":0,"master_deck":["Strike_R","Strike_R","Strike_R","Strike_R","Strike_R","Defend_R","Defend_R","Defend_R","Defend_R","Bash+1","Spot Weakness+1","Evolve+1","Shrug It Off","Armaments+1","Double Tap","Sword Boomerang","Decay"],"special_seed":0,"relics":["Burning Blood","Pen Nib","Darkstone Periapt","Vajra","Frozen Egg 2","White Beast Statue"],"potions_floor_usage":[18,22],"damage_taken":[{"damage":2.0,"enemies":"Small Slimes","floor":1.0,"turns":3.0},{"damage":1.0,"enemies":"2 Louse","floor":4.0,"turns":3.0},{"damage":6.0,"enemies":"Cultist","floor":5.0,"turns":3.0},{"damage":14.0,"enemies":"3 Louse","floor":12.0,"turns":3.0},{"damage":27.0,"enemies":"Gremlin Nob","floor":13.0,"turns":4.0},{"damage":9.0,"enemies":"Exordium Wildlife","floor":14.0,"turns":6.0},{"damage":26.0,"enemies":"The Guardian","floor":16.0,"turns":13.0},{"damage":25,"enemies":"2 Thieves","floor":18,"turns":4},{"damage":48,"enemies":"Spheric Guardian","floor":20,"turns":6},{"damage":17,"enemies":"Snake Plant","floor":22,"turns":3},{"damage":46,"enemies":"Book of Stabbing","floor":24,"turns":4}],"seed_played":"-6663153437235749370","potions_obtained":[{"floor":4.0,"key":"SteroidPotion"},{"floor":14.0,"key":"Explosive Potion"},{"floor":16.0,"key":"SkillPotion"},{"floor":18,"key":"Ancient Potion"},{"floor":20,"key":"Weak Potion"},{"floor":22,"key":"Fire Potion"}],"is_trial":false,"path_per_floor":["M","?","$","M","M","R","$","?","T","$","R","M","E","M","R","B",null,"M","?","M","?","M","R"],"character_chosen":"IRONCLAD","items_purchased":["Pen Nib","Evolve"],"campfire_rested":1,"item_purchase_floors":[7,7],"current_hp_per_floor":[80,80,80,80,80,80,80,73,73,73,73,65,44,41,41,21,80,61,61,19,25,14,39,0],"gold":331,"neow_bonus":"UPGRADE_CARD","is_prod":false,"is_daily":false,"chose_seed":false,"campfire_upgraded":3,"win_rate":0,"timestamp":1540859462,"path_taken":["M","?","$","M","M","R","?","?","T","$","R","?","E","?","R","BOSS","M","?","M","?","?","R","E"],"build_version":"2018-10-25v2","purchased_purges":1,"victory":false,"max_hp_per_floor":[80,80,80,80,80,80,80,80,80,80,80,80,80,80,80,80,80,80,80,80,86,86,86,86],"card_choices":[{"not_picked":["Heavy Blade","Cleave","Perfected Strike"],"picked":"SKIP","floor":1.0},{"not_picked":["Headbutt","Infernal Blade","Clash"],"picked":"SKIP","floor":4.0},{"not_picked":["Armaments","Barricade"],"picked":"Spot Weakness","floor":5.0},{"not_picked":["Bloodletting","True Grit"],"picked":"Shrug It Off","floor":12.0},{"not_picked":["Ghostly Armor","Second Wind"],"picked":"Armaments","floor":13.0},{"not_picked":["Headbutt","Cleave","Perfected Strike"],"picked":"SKIP","floor":14.0},{"not_picked":["Barricade+1","Dark Embrace+1"],"picked":"Double Tap","floor":16.0},{"not_picked":["Havoc+1","Headbutt"],"picked":"Sword Boomerang","floor":18},{"not_picked":["Flame Barrier","Twin Strike+1","Sentinel"],"picked":"SKIP","floor":20},{"not_picked":["Iron Wave","Feel No Pain+1","Havoc"],"picked":"SKIP","floor":22}],"player_experience":441543,"relics_obtained":[{"floor":9.0,"key":"Vajra"},{"floor":13.0,"key":"Frozen Egg 2"}],"event_choices":[{"damage_healed":0.0,"max_hp_gain":0.0,"max_hp_loss":0.0,"gold_gain":175.0,"event_name":"Liars Game","player_choice":"AGREE","floor":2.0,"gold_loss":0.0,"damage_taken":0.0,"cards_obtained":["Doubt"]},{"damage_healed":0.0,"max_hp_gain":0.0,"max_hp_loss":0.0,"gold_gain":0.0,"event_name":"Scrap Ooze","player_choice":"Success","floor":8.0,"gold_loss":0.0,"damage_taken":7.0,"relics_obtained":["Darkstone Periapt"]},{"damage_healed":0,"gold_gain":100,"player_choice":"Pray","damage_taken":0,"max_hp_gain":0,"max_hp_loss":0,"event_name":"Golden Shrine","floor":19,"gold_loss":0},{"damage_healed":0,"gold_gain":0,"player_choice":"Smashed Altar","damage_taken":0,"max_hp_gain":0,"max_hp_loss":0,"event_name":"Forgotten Altar","floor":21,"gold_loss":0,"cards_obtained":["Decay"]}],"is_beta":false,"boss_relics":[{"not_picked":["Astrolabe","Runic Pyramid"],"picked":"White Beast Statue"}],"items_purged_floors":[3],"is_endless":false,"potions_floor_spawned":[4,14,16,18,20,22],"killed_by":"Book of Stabbing","ascension_level":0}