{"gold_per_floor":[212,212,231,243,243,275,275,15,15,27,27,47,47,47,47,143,143,153,172],"floor_reached":19,"playtime":550,"items_purged":[],"score":169,"play_id":"594af18f-b3b3-4e69-bce9-7b4ac733ed27","local_time":"20180728081814","is_ascension_mode":false,"campfire_choices":[{"data":"Bash","floor":7,"key":"SMITH"},{"data":"Thunderclap","floor":11,"key":"SMITH"},{"data":"Strike_R","floor":15,"key":"SMITH"}],"neow_cost":"NONE","seed_source_timestamp":130000857236317,"circlet_count":0,"master_deck":["Strike_R","Strike_R","Strike_R","Strike_R","Strike_R+1","Defend_R","Defend_R","Defend_R","Defend_R","Bash+1","Armaments+1","Thunderclap+1"],"relics":["Burning Blood","Shuriken","Matryoshka","Art of War","The Courier","Lizard Tail"],"potions_floor_usage":[],"damage_taken":[{"damage":7,"enemies":"Small Slimes","floor":1,"turns":4},{"damage":10,"enemies":"Cultist","floor":3,"turns":4},{"damage":1,"enemies":"Jaw Worm","floor":4,"turns":4},{"damage":19,"enemies":"3 Sentries","floor":6,"turns":10},{"damage":10,"enemies":"Exordium Thugs","floor":10,"turns":6},{"damage":8,"enemies":"Lots of Slimes","floor":12,"turns":3},{"damage":49,"enemies":"The Guardian","floor":16,"turns":14},{"damage":20,"enemies":"3 Byrds","floor":18,"turns":8},{"damage":39,"enemies":"Spheric Guardian","floor":19,"turns":6}],"seed_played":"1714259429933787304","potions_obtained":[{"floor":3,"key":"LiquidBronze"},{"floor":4,"key":"Weak Potion"},{"floor":19,"key":"SkillPotion"}],"is_trial":false,"path_per_floor":["M","$","M","M","?","E","R","$","T","M","R","M","?","?","R","B",null,"M"],"character_chosen":"IRONCLAD","items_purchased":["Matryoshka"],"campfire_rested":0,"item_purchase_floors":[8],"current_hp_per_floor":[79,79,75,80,80,67,67,67,67,63,63,61,61,61,61,18,80,66,33],"gold":172,"neow_bonus":"HUNDRED_GOLD","is_prod":false,"is_daily":false,"chose_seed":false,"campfire_upgraded":3,"win_rate":0,"timestamp":1532755094,"path_taken":["M","$","M","M","?","E","R","?","T","?","R","M","?","?","R","BOSS","M","M"],"build_version":"2018-07-26","purchased_purges":0,"victory":false,"max_hp_per_floor":[80,80,80,80,80,80,80,80,80,80,80,80,80,80,80,80,80,80,80],"card_choices":[{"not_picked":["Sword Boomerang","Headbutt"],"picked":"Armaments","floor":1},{"not_picked":["Flex","Seeing Red","Disarm"],"picked":"SKIP","floor":3},{"not_picked":["Clash","Clothesline","Pommel Strike"],"picked":"SKIP","floor":4},{"not_picked":["Warcry","Rage","Brutality"],"picked":"SKIP","floor":6},{"not_picked":["Clothesline","Pommel Strike"],"picked":"Thunderclap","floor":10},{"not_picked":["Wild Strike","Headbutt","Reckless Charge"],"picked":"SKIP","floor":12},{"not_picked":["Power Through","Heavy Blade","Carnage"],"picked":"SKIP","floor":18}],"player_experience":245592,"relics_obtained":[{"floor":6,"key":"Shuriken"},{"floor":9,"key":"Art of War"},{"floor":9,"key":"The Courier"}],"event_choices":[{"event_name":"Upgrade Shrine","player_choice":"Upgraded","floor":5,"damage_taken":0},{"event_name":"Shining Light","player_choice":"Ignored","floor":13,"damage_taken":0},{"event_name":"The Cleric","player_choice":"Leave","floor":14,"damage_taken":0}],"is_beta":false,"boss_relics":[{"not_picked":["Snecko Eye","Runic Cube"],"picked":"Lizard Tail"}],"items_purged_floors":[],"is_endless":false,"potions_floor_spawned":[3,4,19],"killed_by":"Spheric Guardian","ascension_level":0}