{"gold_per_floor":[116,136,136,86,16,16,16,351,351,381,381,401,436,436,436,557,557,573,573,573,586,209,250,250,274,274,274,305,220,259,279,279,404,404,429,183,183,196,321,362,362,403,453,453,473,473,473,496,496,496,496,496,6,47,47],"floor_reached":55,"playtime":19683,"items_purged":["Defend_G","Shame","Writhe"],"score":861,"play_id":"6357afc4-1762-4f0e-937e-68c3396f0c8c","local_time":"20190703161755","is_ascension_mode":true,"campfire_choices":[{"data":"Footwork","floor":6,"key":"SMITH"},{"floor":11,"key":"REST"},{"data":"Noxious Fumes","floor":15,"key":"SMITH"},{"data":"Deadly Poison","floor":24,"key":"SMITH"},{"floor":32,"key":"RECALL"},{"data":"Infinite Blades","floor":41,"key":"SMITH"},{"data":"Phantasmal Killer","floor":44,"key":"SMITH"},{"data":"Prepared","floor":47,"key":"SMITH"},{"data":"Neutralize","floor":49,"key":"SMITH"},{"data":"Defend_G","floor":52,"key":"SMITH"}],"neow_cost":"NONE","seed_source_timestamp":4808919647598,"circlet_count":0,"master_deck":["Defend_G","Defend_G","Defend_G+1","Survivor","Neutralize+1","Footwork+1","Slice","Noxious Fumes+1","Deflect","Terror","Deadly Poison+1","Envenom","Prepared+1","Bite+1","Bite+1","Bite+1","Bite+1","Bite+1","PiercingWail+1","Sucker Punch+1","Underhanded Strike+1","Clumsy","Underhanded Strike+1","Slice+1","Flying Knee+1","Phantasmal Killer+1","Blur+1","Infinite Blades+1","Backflip+1","Prepared+1","Blade Dance+1","Skewer+1","Dash+1"],"relics":["Runic Pyramid","Orichalcum","Old Coin","The Specimen","Molten Egg 2","Gambling Chip","Golden Idol","Cursed Key","Happy Flower","Snake Skull","Mercury Hourglass","Paper Crane","Bronze Scales","Boot","Meat on the Bone","Busted Crown","Bag of Preparation","Ginger","Dodecahedron","Mummified Hand","Regal Pillow","Incense Burner","Pen Nib"],"potions_floor_usage":[23,23,45,50,54,55],"damage_taken":[{"damage":2,"enemies":"Small Slimes","floor":1,"turns":5},{"damage":2,"enemies":"2 Louse","floor":2,"turns":3},{"damage":7,"enemies":"Lagavulin","floor":8,"turns":10},{"damage":19,"enemies":"Gremlin Nob","floor":10,"turns":6},{"damage":0,"enemies":"Jaw Worm","floor":12,"turns":5},{"damage":1,"enemies":"Lagavulin","floor":13,"turns":7},{"damage":3,"enemies":"Slime Boss","floor":16,"turns":12},{"damage":3,"enemies":"Shell Parasite","floor":18,"turns":5},{"damage":3,"enemies":"3 Byrds","floor":21,"turns":5},{"damage":20,"enemies":"Slavers","floor":23,"turns":5},{"damage":1,"enemies":"Snecko","floor":25,"turns":5},{"damage":18,"enemies":"Book of Stabbing","floor":28,"turns":4},{"damage":0,"enemies":"Gremlin Leader","floor":30,"turns":4},{"damage":6,"enemies":"3 Cultists","floor":31,"turns":3},{"damage":31,"enemies":"Collector","floor":33,"turns":8},{"damage":26,"enemies":"3 Shapes","floor":35,"turns":3},{"damage":13,"enemies":"3 Darklings","floor":38,"turns":4},{"damage":0,"enemies":"Mind Bloom Boss Battle","floor":39,"turns":4},{"damage":3,"enemies":"Nemesis","floor":40,"turns":5},{"damage":8,"enemies":"Giant Head","floor":42,"turns":6},{"damage":8,"enemies":"Transient","floor":45,"turns":5},{"damage":7,"enemies":"Writhing Mass","floor":48,"turns":4},{"damage":33,"enemies":"Awakened One","floor":50,"turns":11},{"damage":35,"enemies":"Shield and Spear","floor":54,"turns":5},{"damage":48,"enemies":"The Heart","floor":55,"turns":6}],"seed_played":"7730703616550475728","potions_obtained":[{"floor":1,"key":"Block Potion"},{"floor":12,"key":"LiquidBronze"},{"floor":21,"key":"GamblersBrew"},{"floor":30,"key":"Swift Potion"},{"floor":33,"key":"GamblersBrew"},{"floor":39,"key":"Weak Potion"},{"floor":48,"key":"Poison Potion"}],"is_trial":false,"path_per_floor":["M","M","?","?","$","R","T","E","T","E","R","M","E","?","R","B",null,"M","?","?","M","$","E","R","M","T","T","E","?","E","M","R","B",null,"M","$","?","M","?","E","R","E","T","R","M","?","R","M","R","B",null,"R","$","E","B"],"character_chosen":"THE_SILENT","items_purchased":["Noxious Fumes","Happy Flower","Snake Skull","Bag of Preparation","Incense Burner","Skewer+1"],"campfire_rested":1,"item_purchase_floors":[5,22,22,36,53,53],"current_hp_per_floor":[68,66,66,66,66,66,66,59,59,40,61,61,60,43,43,40,70,67,51,49,49,49,47,47,49,49,49,43,43,49,43,43,36,49,35,35,35,31,46,49,49,48,48,48,49,49,49,49,49,47,49,49,49,35,0],"gold":47,"neow_bonus":"BOSS_RELIC","is_prod":false,"is_daily":false,"chose_seed":false,"campfire_upgraded":8,"win_rate":0,"timestamp":1562188675,"path_taken":["M","M","?","?","?","R","?","E","T","E","R","?","E","?","R","BOSS","M","?","?","M","$","E","R","M","T","?","E","?","E","M","R","BOSS","M","$","?","M","?","E","R","E","T","R","?","?","R","M","R","BOSS","R","$","E","BOSS"],"build_version":"2019-07-01","purchased_purges":3,"victory":false,"max_hp_per_floor":[70,70,70,70,70,70,70,70,70,70,70,70,70,70,70,70,70,70,70,49,49,49,49,49,49,49,49,49,49,49,49,49,49,49,49,49,49,49,49,49,49,49,49,49,49,49,49,49,49,49,49,49,49,49,49],"card_choices":[{"not_picked":["Distraction","Backflip"],"picked":"Footwork","floor":1},{"not_picked":["Dodge and Roll","Dagger Throw"],"picked":"Slice","floor":2},{"not_picked":["Sucker Punch","Prepared"],"picked":"Deflect","floor":8},{"not_picked":["Dodge and Roll","Sucker Punch","Expertise"],"picked":"SKIP","floor":10},{"not_picked":["Deadly Poison","Heel Hook+1"],"picked":"Terror","floor":12},{"not_picked":["Corpse Explosion","Choke+1"],"picked":"Deadly Poison","floor":13},{"not_picked":["Adrenaline","Phantasmal Killer"],"picked":"Envenom","floor":16},{"not_picked":["Poisoned Stab+1","PiercingWail+1"],"picked":"Prepared+1","floor":18},{"not_picked":["Slice+1","Endless Agony+1"],"picked":"PiercingWail+1","floor":21},{"not_picked":["Blade Dance","Prepared"],"picked":"Sucker Punch+1","floor":23},{"not_picked":["Deflect","Skewer+1"],"picked":"Underhanded Strike+1","floor":25},{"not_picked":["Dodge and Roll","Backstab+1"],"picked":"Underhanded Strike+1","floor":28},{"not_picked":["Infinite Blades+1","Doppelganger"],"picked":"Slice+1","floor":30},{"not_picked":["All Out Attack+1","Blade Dance"],"picked":"Flying Knee+1","floor":31},{"not_picked":["Malaise","Wraith Form v2"],"picked":"Phantasmal Killer","floor":33},{"not_picked":["Expertise"],"picked":"SKIP","floor":35},{"not_picked":[],"picked":"Blur+1","floor":38},{"not_picked":[],"picked":"Infinite Blades","floor":39},{"not_picked":[],"picked":"Backflip+1","floor":40},{"not_picked":[],"picked":"Prepared","floor":42},{"not_picked":[],"picked":"Blade Dance+1","floor":45},{"not_picked":["Backflip"],"picked":"SKIP","floor":48},{"not_picked":[],"picked":"Dash+1","floor":54}],"player_experience":172818,"relics_obtained":[{"floor":7,"key":"Orichalcum"},{"floor":8,"key":"Old Coin"},{"floor":9,"key":"The Specimen"},{"floor":10,"key":"Molten Egg 2"},{"floor":13,"key":"Gambling Chip"},{"floor":23,"key":"Mercury Hourglass"},{"floor":26,"key":"Paper Crane"},{"floor":28,"key":"Bronze Scales"},{"floor":30,"key":"Meat on the Bone"},{"floor":39,"key":"Ginger"},{"floor":40,"key":"Dodecahedron"},{"floor":42,"key":"Mummified Hand"},{"floor":43,"key":"Regal Pillow"},{"floor":54,"key":"Pen Nib"}],"event_choices":[{"damage_healed":0,"gold_gain":0,"cards_transformed":["Strike_G"],"player_choice":"Change","damage_taken":0,"max_hp_gain":0,"max_hp_loss":0,"event_name":"Living Wall","floor":3,"gold_loss":0,"cards_obtained":["Expertise"]},{"cards_removed":["Expertise"],"damage_healed":0,"gold_gain":0,"player_choice":"Card Removal","damage_taken":0,"max_hp_gain":0,"max_hp_loss":0,"event_name":"The Cleric","floor":4,"gold_loss":50},{"damage_healed":0,"gold_gain":0,"player_choice":"Take Damage","damage_taken":17,"relics_obtained":["Golden Idol"],"max_hp_gain":0,"max_hp_loss":0,"event_name":"Golden Idol","floor":14,"gold_loss":0},{"damage_healed":0,"gold_gain":0,"player_choice":"Obtained Book","damage_taken":16,"max_hp_gain":0,"max_hp_loss":0,"event_name":"Cursed Tome","floor":19,"gold_loss":0},{"damage_healed":0,"gold_gain":0,"player_choice":"Became a vampire","damage_taken":0,"max_hp_gain":0,"max_hp_loss":21,"event_name":"Vampires","floor":20,"gold_loss":0,"cards_obtained":["Bite","Bite","Bite","Bite","Bite"]},{"damage_healed":0,"gold_gain":0,"player_choice":"Obtained Relic","damage_taken":0,"relics_obtained":["Boot"],"max_hp_gain":0,"max_hp_loss":0,"event_name":"Addict","floor":29,"gold_loss":85},{"damage_healed":0,"gold_gain":0,"player_choice":"Ignored","damage_taken":0,"max_hp_gain":0,"max_hp_loss":0,"event_name":"Tomb of Lord Red Mask","floor":37,"gold_loss":0},{"damage_healed":0,"gold_gain":0,"player_choice":"Fight","damage_taken":0,"max_hp_gain":0,"max_hp_loss":0,"event_name":"MindBloom","floor":39,"gold_loss":0},{"cards_removed":["Defend_G"],"damage_healed":0,"gold_gain":0,"player_choice":"Removed Skill","damage_taken":0,"max_hp_gain":0,"max_hp_loss":0,"event_name":"Falling","floor":46,"gold_loss":0}],"is_beta":false,"boss_relics":[{"not_picked":["Eternal Feather","Velvet Choker"],"picked":"Cursed Key"},{"not_picked":["Runic Dome","Tiny House"],"picked":"Busted Crown"}],"items_purged_floors":[22,36,53],"is_endless":false,"potions_floor_spawned":[1,12,21,30,33,39,48],"killed_by":"The Heart","ascension_level":1}