{"gold_per_floor":[367,542,492,78,94,94,107,4,28,47,47,64,64,92,92,189,189,200,200,200,214,227,227,154,3,3,18,37,71,34,53,53,152,152,169,135,182,144,144,144,176,176,176,176,176,191,191,1,1,1],"floor_reached":51,"playtime":1439,"items_purged":["Strike_R","Strike_R","Strike_R"],"score":816,"play_id":"3c4a8b7d-84ac-4a8c-a674-83d2015afcf7","local_time":"20190624215353","is_ascension_mode":false,"campfire_choices":[{"data":"Bash","floor":6.0,"key":"SMITH"},{"data":"Inflame","floor":11.0,"key":"SMITH"},{"data":"Battle Trance","floor":15.0,"key":"SMITH"},{"data":"Double Tap","floor":23.0,"key":"SMITH"},{"data":"Uppercut","floor":32.0,"key":"SMITH"},{"data":"Evolve","floor":40.0,"key":"SMITH"},{"data":"Shrug It Off","floor":42,"key":"SMITH"},{"data":"Defend_R","floor":45,"key":"SMITH"},{"floor":49,"key":"REST"}],"neow_cost":"PERCENT_DAMAGE","seed_source_timestamp":14763490171100,"circlet_count":0,"master_deck":["Strike_R","Strike_R","Defend_R","Defend_R","Defend_R+1","Defend_R+1","Bash+1","Shrug It Off+1","Battle Trance+1","Inflame+1","Headbutt","Double Tap+1","Armaments+1","Cleave","Uppercut+1","Dropkick"],"special_seed":0,"relics":["Burning Blood","Membership Card","Happy Flower","Ancient Tea Set","Sling","Red Skull","Bronze Scales","Busted Crown","Champion Belt","Paper Frog","Omamori","Mark of Pain","Potion Belt","Bottled Tornado","Centennial Puzzle"],"potions_floor_usage":[41,41,41,41,41,41,48,50,50],"damage_taken":[{"damage":0.0,"enemies":"Small Slimes","floor":1.0,"turns":5.0},{"damage":6.0,"enemies":"Jaw Worm","floor":5.0,"turns":3.0},{"damage":0.0,"enemies":"2 Louse","floor":7.0,"turns":2.0},{"damage":5.0,"enemies":"Looter","floor":10.0,"turns":3.0},{"damage":4.0,"enemies":"Exordium Wildlife","floor":12.0,"turns":5.0},{"damage":19.0,"enemies":"3 Sentries","floor":14.0,"turns":7.0},{"damage":29.0,"enemies":"Hexaghost","floor":16.0,"turns":7.0},{"damage":1.0,"enemies":"3 Byrds","floor":18.0,"turns":3.0},{"damage":8.0,"enemies":"Shell Parasite","floor":21.0,"turns":5.0},{"damage":2.0,"enemies":"Chosen and Byrds","floor":22.0,"turns":4.0},{"damage":3.0,"enemies":"Centurion and Healer","floor":27.0,"turns":4.0},{"damage":5.0,"enemies":"Cultist and Chosen","floor":28.0,"turns":4.0},{"damage":30.0,"enemies":"Slavers","floor":29.0,"turns":3.0},{"damage":0.0,"enemies":"Snake Plant","floor":31.0,"turns":4.0},{"damage":30.0,"enemies":"Collector","floor":33.0,"turns":7.0},{"damage":20.0,"enemies":"3 Darklings","floor":35.0,"turns":5.0},{"damage":42.0,"enemies":"2 Orb Walkers","floor":37.0,"turns":3.0},{"damage":18,"enemies":"Reptomancer","floor":41,"turns":4},{"damage":5,"enemies":"Orb Walker","floor":46,"turns":2},{"damage":32,"enemies":"Awakened One","floor":50,"turns":14}],"seed_played":"3148832640320870338","potions_obtained":[{"floor":5.0,"key":"LiquidBronze"},{"floor":10.0,"key":"BloodPotion"},{"floor":12.0,"key":"Regen Potion"},{"floor":16.0,"key":"EntropicBrew"},{"floor":28.0,"key":"Strength Potion"},{"floor":33.0,"key":"SteroidPotion"},{"floor":37.0,"key":"Swift Potion"},{"floor":41,"key":"Dexterity Potion"},{"floor":46,"key":"Fire Potion"}],"is_trial":false,"path_per_floor":["M","?","?","$","M","R","M","$","T","M","R","M","?","E","R","B",null,"M","?","?","M","M","R","$","$","T","M","M","E","$","M","R","B",null,"M","$","?","$","?","R","E","R","T","?","R","M","?","$","R","B",null],"character_chosen":"IRONCLAD","items_purchased":["Membership Card","Happy Flower","Shrug It Off","Ancient Tea Set","Sling","Cleave","Champion Belt","Evolve","Dropkick","Regen Potion","Centennial Puzzle","Fruit Juice"],"campfire_rested":1,"item_purchase_floors":[4,4,4,4,8,24,25,30,36,38,48,48],"current_hp_per_floor":[62,62,62,62,62,62,68,68,68,69,69,71,76,63,63,40,85,85,85,85,83,85,85,85,85,85,85,85,61,61,67,67,43,85,71,71,40,40,40,40,40,40,40,40,40,41,41,46,73,47],"gold":1,"neow_bonus":"TWO_FIFTY_GOLD","is_prod":false,"is_daily":false,"chose_seed":false,"campfire_upgraded":8,"win_rate":0,"timestamp":1561402433,"path_taken":["M","?","?","$","M","R","M","?","T","M","R","M","?","E","R","BOSS","M","?","?","?","M","R","?","$","T","M","M","E","$","M","R","BOSS","M","?","?","$","?","R","E","R","T","?","R","M","?","$","R","BOSS"],"build_version":"2019-01-23","purchased_purges":3,"victory":true,"max_hp_per_floor":[80,80,80,80,80,80,80,80,80,80,80,80,85,85,85,85,85,85,85,85,85,85,85,85,85,85,85,85,85,85,85,85,85,85,85,85,85,85,85,85,85,85,85,85,85,85,85,90,90,90],"card_choices":[{"not_picked":["True Grit","Armaments","Second Wind"],"picked":"SKIP","floor":1.0},{"not_picked":["Heavy Blade","Sentinel"],"picked":"Battle Trance","floor":5.0},{"not_picked":["Perfected Strike","Twin Strike"],"picked":"Inflame","floor":7.0},{"not_picked":["Second Wind","Dual Wield","Anger"],"picked":"SKIP","floor":10.0},{"not_picked":["Perfected Strike","Wild Strike"],"picked":"Headbutt","floor":12.0},{"not_picked":["Flex","Dark Embrace","Intimidate"],"picked":"SKIP","floor":14.0},{"not_picked":["Bludgeon","Berserk"],"picked":"Double Tap","floor":16.0},{"not_picked":[],"picked":"Armaments+1","floor":18.0},{"not_picked":["True Grit"],"picked":"SKIP","floor":21.0},{"not_picked":["Armaments"],"picked":"SKIP","floor":22.0},{"not_picked":["True Grit+1"],"picked":"SKIP","floor":27.0},{"not_picked":[],"picked":"Uppercut","floor":28.0},{"not_picked":["Blood for Blood+1"],"picked":"SKIP","floor":29.0},{"not_picked":["Flex"],"picked":"SKIP","floor":31.0},{"not_picked":["Iron Wave"],"picked":"SKIP","floor":35.0},{"not_picked":["Sever Soul"],"picked":"SKIP","floor":41},{"not_picked":["Second Wind"],"picked":"SKIP","floor":46}],"player_experience":652496,"relics_obtained":[{"floor":9.0,"key":"Red Skull"},{"floor":14.0,"key":"Bronze Scales"},{"floor":26.0,"key":"Paper Frog"},{"floor":29.0,"key":"Omamori"},{"floor":41,"key":"Potion Belt"},{"floor":43,"key":"Bottled Tornado"}],"event_choices":[{"damage_healed":0.0,"max_hp_gain":0.0,"max_hp_loss":0.0,"gold_gain":175.0,"event_name":"Liars Game","player_choice":"AGREE","floor":2.0,"gold_loss":0.0,"damage_taken":0.0,"cards_obtained":["Doubt"]},{"cards_removed":["Doubt"],"damage_healed":0.0,"max_hp_gain":0.0,"max_hp_loss":0.0,"gold_gain":0.0,"event_name":"The Cleric","player_choice":"Card Removal","floor":3.0,"gold_loss":50.0,"damage_taken":0.0},{"damage_healed":0.0,"max_hp_gain":5.0,"max_hp_loss":0.0,"gold_gain":0.0,"event_name":"Big Fish","player_choice":"Donut","floor":13.0,"gold_loss":0.0,"damage_taken":0.0},{"damage_healed":0.0,"max_hp_gain":0.0,"max_hp_loss":0.0,"gold_gain":0.0,"event_name":"Cursed Tome","player_choice":"Ignored","floor":19.0,"gold_loss":0.0,"damage_taken":0.0},{"damage_healed":0.0,"max_hp_gain":0.0,"max_hp_loss":0.0,"gold_gain":0.0,"event_name":"N\u0027loth","player_choice":"Ignored","floor":20.0,"gold_loss":0.0,"damage_taken":0.0},{"damage_healed":0.0,"max_hp_gain":0.0,"max_hp_loss":0.0,"gold_gain":0.0,"event_name":"Mysterious Sphere","player_choice":"Fight","floor":37.0,"gold_loss":0.0,"damage_taken":0.0},{"damage_healed":0.0,"max_hp_gain":0.0,"max_hp_loss":0.0,"gold_gain":0.0,"event_name":"The Moai Head","player_choice":"Ignored","floor":39.0,"gold_loss":0.0,"damage_taken":0.0},{"cards_removed":["Evolve"],"damage_healed":0,"gold_gain":0,"player_choice":"Removed Power","damage_taken":0,"max_hp_gain":0,"max_hp_loss":0,"event_name":"Falling","floor":44,"gold_loss":0},{"damage_healed":0,"gold_gain":0,"player_choice":"Upgraded","damage_taken":0,"max_hp_gain":0,"max_hp_loss":0,"event_name":"Upgrade Shrine","floor":47,"gold_loss":0,"cards_upgraded":["Defend_R"]}],"is_beta":false,"boss_relics":[{"not_picked":["Snecko Eye","Pandora\u0027s Box"],"picked":"Busted Crown"},{"not_picked":["Runic Cube","Empty Cage"],"picked":"Mark of Pain"}],"items_purged_floors":[4,24,48],"is_endless":false,"potions_floor_spawned":[5,10,12,16,21,28,31,33,37,41,46],"ascension_level":0}