{"path_per_floor":["M","M","?","?","?","R","$","R","T","M","M","R","M","$","R","B",null,"M","?","$","?","M","R","M","R","T","R","M","?","$","M","R","B",null,"M","?","M","?","M","R","M","?","T","R","M","$","M","E","R","B"],"character_chosen":"IRONCLAD","items_purchased":["Juggernaut","Metallicize","Bag of Preparation","Strength Potion"],"gold_per_floor":[115,134,134,134,134,134,54,54,54,67,87,87,103,28,28,147,147,142,142,4,4,29,29,49,49,73,73,97,22,22,45,45,166,166,181,181,195,195,214,214,228,228,228,228,241,36,61,94,94,94],"floor_reached":51,"campfire_rested":2,"playtime":5771,"current_hp_per_floor":[79,72,72,52,52,52,52,52,52,58,63,63,67,67,67,21,80,54,54,54,54,56,56,65,65,65,65,39,39,39,39,63,23,80,80,80,78,78,62,62,56,80,80,80,73,73,59,49,73,26],"items_purged":["Strike_R","Defend_R"],"gold":94,"play_id":"9ea4ad5f-9bf4-46b9-b068-b2447b6bec87","is_prod":false,"is_daily":false,"is_ascension_mode":false,"campfire_upgraded":9,"path_taken":["M","M","?","?","?","R","$","R","T","M","?","R","M","?","R","BOSS","M","?","$","?","M","R","M","R","T","R","M","?","$","M","R","BOSS","M","?","M","?","M","R","M","?","T","R","M","$","?","E","R","BOSS"],"build_version":"2018-01-29-BETA1","purchased_purges":3,"victory":true,"master_deck":["Strike_R","Strike_R","Defend_R","Defend_R","Defend_R","Bash","Body Slam","Shockwave+1","Juggernaut+1","Headbutt","Evolve+1","Immolate+1","Offering+1","True Grit+1","Armaments+1","Metallicize+1","Iron Wave","Flex","Decay","Thunderclap+1","Wild Strike+1","Brutality+1","Warcry+1","Offering+1","Shrug It Off+1","Writhe","Warcry+1"],"max_hp_per_floor":[80,80,80,80,80,80,80,80,80,80,80,80,80,80,80,80,80,80,80,80,80,80,80,80,80,80,80,80,80,80,80,80,80,80,80,80,80,80,80,80,80,80,80,80,80,80,80,80,80,80],"relics":["Burning Blood","Golden Idol","Torii","Cursed Key","Anchor","White Beast Statue","Champion Belt","Bag of Preparation","Unceasing Top"],"card_choices":[{"not_picked":["Blood for Blood","Fire Breathing"],"picked":"Body Slam"},{"not_picked":["Heavy Blade","Hemokinesis"],"picked":"Shockwave"},{"not_picked":["Rage","Blood for Blood"],"picked":"Headbutt"},{"not_picked":["Rage","Inflame"],"picked":"Evolve"},{"not_picked":["Sword Boomerang","Wild Strike"],"picked":"Immolate"},{"not_picked":["Limit Break","Feed"],"picked":"Offering"},{"not_picked":["Spot Weakness","Burning Pact"],"picked":"True Grit"},{"not_picked":["Corruption","Shockwave"],"picked":"Iron Wave"},{"not_picked":["Headbutt","Clothesline"],"picked":"Flex"},{"not_picked":["Rage","Pommel Strike"],"picked":"Thunderclap"},{"not_picked":["Sword Boomerang","Perfected Strike"],"picked":"Wild Strike"},{"not_picked":["Bludgeon","Immolate"],"picked":"Brutality"},{"not_picked":["Pommel Strike","Thunderclap"],"picked":"Warcry"},{"not_picked":["Pummel","Whirlwind"],"picked":"Shrug It Off"},{"not_picked":["Rampage","Double Tap"],"picked":"Warcry"}],"player_experience":143378,"potions_floor_usage":[16,16,16,24,37,41,48,50,50,50],"damage_taken":[{"damage":7,"enemies":"2 Louse","floor":1,"turns":3},{"damage":13,"enemies":"Blue Slaver","floor":2,"turns":6},{"damage":0,"enemies":"Small Slimes","floor":10,"turns":3},{"damage":1,"enemies":"3 Louse","floor":11,"turns":4},{"damage":2,"enemies":"2 Fungi Beasts","floor":13,"turns":4},{"damage":52,"enemies":"Slime Boss","floor":16,"turns":12},{"damage":32,"enemies":"2 Thieves","floor":18,"turns":4},{"damage":4,"enemies":"Shell Parasite","floor":22,"turns":4},{"damage":12,"enemies":"Chosen and Byrds","floor":24,"turns":6},{"damage":32,"enemies":"Sentry and Sphere","floor":28,"turns":5},{"damage":6,"enemies":"3 Cultists","floor":31,"turns":4},{"damage":46,"enemies":"Collector","floor":33,"turns":10},{"damage":6,"enemies":"Orb Walker","floor":35,"turns":3},{"damage":8,"enemies":"3 Shapes","floor":37,"turns":5},{"damage":22,"enemies":"Spire Growth","floor":39,"turns":5},{"damage":12,"enemies":"Flame Bruiser 2 Orb","floor":41,"turns":5},{"damage":13,"enemies":"Maw","floor":45,"turns":6},{"damage":20,"enemies":"Spire Growth","floor":47,"turns":4},{"damage":16,"enemies":"Giant Head","floor":48,"turns":8},{"damage":53,"enemies":"Time Eater","floor":50,"turns":11}],"event_choices":[{"event_name":"Purifier","player_choice":"One Purge","floor":3,"damage_taken":0},{"event_name":"Golden Idol","player_choice":"Take Damage","floor":4,"damage_taken":0},{"event_name":"The Lab","player_choice":"Got Potions","floor":5,"damage_taken":0},{"event_name":"The Library","player_choice":"Read","floor":19,"damage_taken":0},{"event_name":"Drug Dealer","player_choice":"Ignored","floor":21,"damage_taken":0},{"event_name":"Beggar","player_choice":"Gave Gold","floor":29,"damage_taken":0},{"event_name":"Duplicator","player_choice":"One dupe","floor":36,"damage_taken":0},{"event_name":"The Woman in Blue","player_choice":"Bought 0 Potions","floor":38,"damage_taken":0},{"event_name":"Wheel of Change","player_choice":"Full Heal","floor":42,"damage_taken":0}],"boss_relics":[{"not_picked":["Black Star","Runic Dome"],"picked":"Cursed Key"},{"not_picked":["Question Card","Philosopher\u0027s Stone"],"picked":"White Beast Statue"}],"potions_floor_spawned":[1,2,13,22,33,35,37,39,41,45,47,48],"seed_played":"452381336818558070","ascension_level":0,"is_trial":false}