{"gold_per_floor":[112,39,57,57,77,77,96,96,96,21,21,31,45,45,45,45],"floor_reached":16,"playtime":332,"items_purged":["Strike_R"],"score":92,"play_id":"8c1d3dd0-d38d-4d31-9618-15c85d601175","local_time":"20190719221507","is_ascension_mode":false,"campfire_choices":[{"data":"Body Slam","floor":6.0,"key":"SMITH"},{"data":"Body Slam","floor":8.0,"key":"SMITH"},{"data":"Entrench","floor":11.0,"key":"SMITH"},{"data":"Body Slam","floor":15.0,"key":"SMITH"}],"neow_cost":"NONE","seed_source_timestamp":6189302577400,"circlet_count":0,"master_deck":["Strike_R","Strike_R","Strike_R","Strike_R","Defend_R","Defend_R","Defend_R","Defend_R","Bash","Body Slam+1","Entrench+1","Body Slam+1","Body Slam+1"],"special_seed":0,"relics":["Burning Blood","Bag of Preparation"],"potions_floor_usage":[16,16],"damage_taken":[{"damage":8.0,"enemies":"2 Louse","floor":1.0,"turns":3.0},{"damage":16.0,"enemies":"Jaw Worm","floor":3.0,"turns":6.0},{"damage":1.0,"enemies":"Cultist","floor":5.0,"turns":4.0},{"damage":4.0,"enemies":"Blue Slaver","floor":7.0,"turns":3.0},{"damage":0.0,"enemies":"Large Slime","floor":12.0,"turns":5.0},{"damage":0.0,"enemies":"3 Louse","floor":13.0,"turns":3.0},{"damage":86,"enemies":"Hexaghost","floor":16,"turns":14}],"seed_played":"5254793992762841635","potions_obtained":[{"floor":1.0,"key":"Fire Potion"},{"floor":3.0,"key":"Weak Potion"},{"floor":13.0,"key":"AttackPotion"}],"is_trial":false,"path_per_floor":["M","$","M","?","M","R","M","R","T","$","R","M","M","?","R","B"],"character_chosen":"IRONCLAD","items_purchased":["Entrench"],"campfire_rested":0,"item_purchase_floors":[2],"current_hp_per_floor":[78,78,68,73,78,78,80,80,80,80,80,85,85,85,85,0],"gold":45,"neow_bonus":"THREE_CARDS","is_prod":false,"is_daily":false,"chose_seed":false,"campfire_upgraded":4,"win_rate":0,"timestamp":1563563707,"path_taken":["M","$","M","?","M","R","M","R","T","$","R","M","M","?","R","BOSS"],"build_version":"2019-07-18","purchased_purges":1,"victory":false,"max_hp_per_floor":[80,80,80,85,85,85,85,85,85,85,85,85,85,85,85,85],"card_choices":[{"not_picked":["Perfected Strike","Shrug It Off"],"picked":"Body Slam","floor":0.0},{"not_picked":["Burning Pact","Rage","Uppercut"],"picked":"SKIP","floor":1.0},{"not_picked":["Wild Strike","Ghostly Armor"],"picked":"Body Slam","floor":3.0},{"not_picked":["Clash","Sword Boomerang","True Grit"],"picked":"SKIP","floor":5.0},{"not_picked":["Rage","Bloodletting","Dropkick"],"picked":"SKIP","floor":7.0},{"not_picked":["Exhume","Pommel Strike","Headbutt"],"picked":"SKIP","floor":12.0},{"not_picked":["Rage","Anger"],"picked":"Body Slam","floor":13.0}],"player_experience":187228,"relics_obtained":[{"floor":9.0,"key":"Bag of Preparation"}],"event_choices":[{"damage_healed":0.0,"max_hp_gain":5.0,"max_hp_loss":0.0,"gold_gain":0.0,"event_name":"Big Fish","player_choice":"Donut","floor":4.0,"gold_loss":0.0,"damage_taken":0.0},{"damage_healed":0.0,"max_hp_gain":0.0,"max_hp_loss":0.0,"gold_gain":0.0,"event_name":"NoteForYourself","player_choice":"Ignored","floor":14.0,"gold_loss":0.0,"damage_taken":0.0}],"is_beta":true,"boss_relics":[],"items_purged_floors":[10],"is_endless":false,"potions_floor_spawned":[1,3,13],"killed_by":"Hexaghost","ascension_level":0}