{"gold_per_floor":[111,111,130,35,51,62,62,82,133,133,133,163,180,196,196,295,295,311,54,71,87,101,101,129,129],"floor_reached":25,"playtime":716,"items_purged":[],"score":227,"play_id":"982d3480-c31f-49a8-8522-dd36f28211bf","local_time":"20190727000744","is_ascension_mode":false,"campfire_choices":[{"data":"Sword Boomerang","floor":10,"key":"SMITH"},{"data":"Evolve","floor":15,"key":"SMITH"},{"floor":23,"key":"REST"}],"neow_cost":"NONE","seed_source_timestamp":6135807707400,"circlet_count":0,"master_deck":["Strike_R","Strike_R","Strike_R","Strike_R","Strike_R","Defend_R","Defend_R","Defend_R+1","Defend_R","Bash","Limit Break+1","Sword Boomerang","Flash of Steel","Sword Boomerang+1","Shrug It Off+1","Evolve+1","Whirlwind","Inflame"],"relics":["Burning Blood","Happy Flower","Mercury Hourglass","Fusion Hammer","Paper Frog","War Paint"],"potions_floor_usage":[12,21,25],"damage_taken":[{"damage":0,"enemies":"2 Louse","floor":1,"turns":3},{"damage":1,"enemies":"Jaw Worm","floor":3,"turns":3},{"damage":0,"enemies":"Cultist","floor":5,"turns":4},{"damage":13,"enemies":"2 Fungi Beasts","floor":6,"turns":3},{"damage":0,"enemies":"Large Slime","floor":8,"turns":5},{"damage":24,"enemies":"Gremlin Nob","floor":12,"turns":5},{"damage":0,"enemies":"3 Louse","floor":13,"turns":2},{"damage":5,"enemies":"Looter","floor":14,"turns":2},{"damage":51,"enemies":"Slime Boss","floor":16,"turns":10},{"damage":0,"enemies":"3 Byrds","floor":18,"turns":5},{"damage":11,"enemies":"Spheric Guardian","floor":20,"turns":4},{"damage":38,"enemies":"Shelled Parasite and Fungi","floor":21,"turns":6},{"damage":32,"enemies":"Cultist and Chosen","floor":22,"turns":6},{"damage":18,"enemies":"Gremlin Leader","floor":24,"turns":5},{"damage":30,"enemies":"Snecko","floor":25,"turns":4}],"seed_played":"-1422183718737209065","potions_obtained":[{"floor":1,"key":"Dexterity Potion"},{"floor":6,"key":"Weak Potion"},{"floor":8,"key":"Block Potion"},{"floor":11,"key":"Energy Potion"},{"floor":20,"key":"Dexterity Potion"},{"floor":22,"key":"Dexterity Potion"}],"is_trial":false,"path_per_floor":["M","?","M","$","M","M","$","M","T","R","?","E","M","M","R","B",null,"M","$","M","M","M","R","E","M"],"character_chosen":"IRONCLAD","items_purchased":["Flash of Steel","Paper Frog"],"campfire_rested":1,"item_purchase_floors":[4,19],"current_hp_per_floor":[80,80,80,80,80,73,73,79,79,79,79,61,67,68,68,23,80,80,80,75,43,17,41,29,0],"gold":129,"neow_bonus":"ONE_RANDOM_RARE_CARD","is_prod":false,"is_daily":false,"chose_seed":false,"campfire_upgraded":2,"win_rate":0,"timestamp":1564175264,"path_taken":["M","?","M","$","M","M","$","M","T","R","?","E","M","M","R","BOSS","M","$","M","?","M","R","E","M"],"build_version":"2019-07-17","purchased_purges":0,"victory":false,"max_hp_per_floor":[80,80,80,80,80,80,80,80,80,80,80,80,80,80,80,80,80,80,80,80,80,80,80,80,80],"card_choices":[{"not_picked":["Shockwave","Bloodletting"],"picked":"Sword Boomerang","floor":1},{"not_picked":["Power Through","Headbutt","Perfected Strike"],"picked":"SKIP","floor":3},{"not_picked":["Metallicize","Reaper","Evolve"],"picked":"SKIP","floor":5},{"not_picked":["Perfected Strike","Body Slam"],"picked":"Sword Boomerang","floor":6},{"not_picked":["Corruption","Warcry"],"picked":"Shrug It Off","floor":8},{"not_picked":["Warcry","Perfected Strike","Power Through"],"picked":"SKIP","floor":12},{"not_picked":["Flame Barrier","Anger"],"picked":"Evolve","floor":13},{"not_picked":["Sever Soul","Clash","Flame Barrier"],"picked":"SKIP","floor":14},{"not_picked":["Anger","Cleave+1","Clothesline"],"picked":"SKIP","floor":18},{"not_picked":["Searing Blow","Carnage","Metallicize"],"picked":"SKIP","floor":20},{"not_picked":["Clash+1","Rage"],"picked":"Whirlwind","floor":21},{"not_picked":["Evolve","Shrug It Off"],"picked":"Inflame","floor":22},{"not_picked":["Second Wind","Headbutt+1","Pummel"],"picked":"SKIP","floor":24}],"player_experience":774968,"relics_obtained":[{"floor":9,"key":"Happy Flower"},{"floor":12,"key":"Mercury Hourglass"},{"floor":24,"key":"War Paint"}],"event_choices":[{"damage_healed":0,"gold_gain":0,"player_choice":"Grow","damage_taken":0,"max_hp_gain":0,"max_hp_loss":0,"event_name":"Living Wall","floor":2,"gold_loss":0,"cards_upgraded":["Limit Break"]},{"damage_healed":0,"gold_gain":0,"player_choice":"Got Potions","damage_taken":0,"max_hp_gain":0,"max_hp_loss":0,"event_name":"Lab","floor":11,"gold_loss":0}],"is_beta":false,"boss_relics":[{"not_picked":["Black Blood","Calling Bell"],"picked":"Fusion Hammer"}],"items_purged_floors":[],"is_endless":false,"potions_floor_spawned":[1,6,8,20,22,24],"killed_by":"Snecko","ascension_level":0}