{"gold_per_floor":[115,115,290,302,321,351,351,367,393,426,443,518,532,314,314,410,410],"floor_reached":17,"playtime":413,"items_purged":["Doubt"],"score":167,"play_id":"aa970367-5b85-41fb-a220-9347eca2e809","local_time":"20190719211703","is_ascension_mode":false,"campfire_choices":[{"data":"Rampage","floor":7.0,"key":"SMITH"},{"data":"Spot Weakness","floor":15,"key":"SMITH"}],"neow_cost":"NONE","seed_source_timestamp":2608926716300,"circlet_count":0,"master_deck":["Strike_R","Strike_R","Strike_R","Strike_R","Strike_R","Defend_R","Defend_R","Defend_R","Defend_R","Bash","Inflame","Rampage+1","Spot Weakness+1","Shrug It Off","Shrug It Off"],"special_seed":0,"relics":["Burning Blood","Oddly Smooth Stone","Centennial Puzzle","Potion Belt","Shuriken","Blood Vial"],"potions_floor_usage":[13,13],"damage_taken":[{"damage":6.0,"enemies":"Cultist","floor":1.0,"turns":4.0},{"damage":2.0,"enemies":"2 Louse","floor":4.0,"turns":3.0},{"damage":4.0,"enemies":"Small Slimes","floor":5.0,"turns":3.0},{"damage":54.0,"enemies":"3 Sentries","floor":6.0,"turns":9.0},{"damage":4.0,"enemies":"Looter","floor":8.0,"turns":3.0},{"damage":28.0,"enemies":"Gremlin Nob","floor":10.0,"turns":4.0},{"damage":7.0,"enemies":"Blue Slaver","floor":11.0,"turns":4.0},{"damage":12,"enemies":"Exordium Thugs","floor":13,"turns":6},{"damage":22,"enemies":"The Guardian","floor":16,"turns":10}],"seed_played":"5496397672788042181","potions_obtained":[{"floor":1.0,"key":"Weak Potion"},{"floor":6.0,"key":"BloodPotion"},{"floor":8.0,"key":"Fire Potion"}],"is_trial":false,"path_per_floor":["M","?","?","M","M","E","R","M","T","E","M","?","M","$","R","B",null],"character_chosen":"IRONCLAD","items_purchased":["Blood Vial"],"campfire_rested":0,"item_purchase_floors":[14],"current_hp_per_floor":[88,85,85,88,88,40,40,42,42,20,19,8,24,24,24,10,10],"gold":410,"neow_bonus":"TEN_PERCENT_HP_BONUS","is_prod":false,"is_daily":false,"chose_seed":false,"campfire_upgraded":2,"win_rate":0,"timestamp":1563560223,"path_taken":["M","?","?","M","M","E","R","M","T","E","M","?","M","$","R","BOSS"],"build_version":"2019-07-18","purchased_purges":1,"victory":false,"max_hp_per_floor":[88,88,88,88,88,88,88,88,88,88,88,88,88,88,88,88,88],"card_choices":[{"not_picked":["Evolve","Body Slam"],"picked":"Inflame","floor":1.0},{"not_picked":["Bloodletting","Armaments"],"picked":"Rampage","floor":4.0},{"not_picked":["Bloodletting","Iron Wave"],"picked":"Spot Weakness","floor":5.0},{"not_picked":["Havoc","Thunderclap","Perfected Strike"],"picked":"SKIP","floor":6.0},{"not_picked":["Headbutt","Clash"],"picked":"Shrug It Off","floor":8.0},{"not_picked":["Fire Breathing","Searing Blow"],"picked":"Shrug It Off","floor":10.0},{"not_picked":["Blood for Blood","True Grit","Burning Pact"],"picked":"SKIP","floor":11.0},{"not_picked":["Thunderclap","Barricade","Ghostly Armor"],"picked":"SKIP","floor":13}],"player_experience":183787,"relics_obtained":[{"floor":6.0,"key":"Centennial Puzzle"},{"floor":9.0,"key":"Potion Belt"},{"floor":10.0,"key":"Shuriken"}],"event_choices":[{"damage_healed":0.0,"max_hp_gain":0.0,"max_hp_loss":0.0,"gold_gain":0.0,"event_name":"Scrap Ooze","player_choice":"Success","floor":2.0,"gold_loss":0.0,"damage_taken":3.0,"relics_obtained":["Oddly Smooth Stone"]},{"damage_healed":0.0,"max_hp_gain":0.0,"max_hp_loss":0.0,"gold_gain":175.0,"event_name":"Liars Game","player_choice":"AGREE","floor":3.0,"gold_loss":0.0,"damage_taken":0.0,"cards_obtained":["Doubt"]},{"damage_healed":0.0,"max_hp_gain":0.0,"max_hp_loss":0.0,"gold_gain":75.0,"event_name":"World of Goop","player_choice":"Gather Gold","floor":12.0,"gold_loss":0.0,"damage_taken":11.0}],"is_beta":true,"boss_relics":[],"items_purged_floors":[14],"is_endless":false,"potions_floor_spawned":[1,6,8],"ascension_level":0}