{"path_per_floor":["M","?","?","?","M","E","M","E","T","E","?","R","E","$","R","B",null,"M","$","M","?","M","R","?","E","T","E","M","?","R","E","R","B",null,"M","M","M","$","?","E","R","E","T","R","E","M","?","$","R","B"],"character_chosen":"THE_SILENT","items_purchased":["Mercury Hourglass","Turnip","Noxious Fumes","Finesse"],"gold_per_floor":[116,216,166,166,178,204,223,250,301,331,331,331,358,54,54,149,149,162,112,125,224,241,241,166,193,267,292,304,304,304,330,330,434,434,447,467,477,43,43,78,78,112,137,137,166,179,179,23,23,23],"floor_reached":51,"campfire_rested":1,"playtime":4970,"item_purchase_floors":[14,38,38,48],"current_hp_per_floor":[70,70,70,56,56,56,56,48,48,34,34,55,49,49,49,31,70,70,70,70,70,51,69,69,52,52,47,44,44,64,64,91,62,91,91,84,66,66,66,68,88,70,70,90,90,90,90,90,90,90],"items_purged":["Underhanded Strike","Concentrate","Phantasmal Killer","Malaise+1"],"gold":23,"score":967,"play_id":"dcd952c3-c411-457e-8f35-e2f2d28876d0","local_time":"20180626104724","daily_mods":["Insanity","Elite Swarm","Binary"],"is_prod":false,"is_daily":false,"chose_seed":true,"is_ascension_mode":false,"campfire_upgraded":3,"win_rate":0,"timestamp":1530002844,"campfire_choices":[{"floor":12,"key":"REST"},{"data":"Tools of the Trade","floor":15,"key":"SMITH"},{"data":"Bullet Time","floor":23,"key":"SMITH"},{"data":"After Image","floor":30,"key":"SMITH"},{"floor":32,"key":"DIG"},{"floor":41,"key":"DIG"},{"floor":44,"key":"DIG"},{"floor":49,"key":"DIG"}],"path_taken":["M","?","?","?","?","E","M","E","T","E","?","R","E","$","R","BOSS","M","$","M","?","M","R","?","E","T","E","?","?","R","E","R","BOSS","M","M","M","$","?","E","R","E","T","R","E","M","?","$","R","BOSS"],"build_version":"2018-06-21","seed_source_timestamp":95190734856687,"purchased_purges":4,"circlet_count":0,"victory":true,"master_deck":["Riddle With Holes+1","Predator+1","Backflip+1","Neutralize+1","Cloak And Dagger+1","Dash+1","Glass Knife+1","Riddle With Holes+1","Expertise+1","Bullet Time+1","Footwork+1","Quick Slash+1","Accuracy+1","Well Laid Plans+1","Bouncing Flask+1","Underhanded Strike+1","Deflect+1","Infinite Blades+1","Crippling Poison+1","Reflex+1","Cloak And Dagger+1","Blade Dance+1","Die Die Die+1","Blur+1","Cloak And Dagger+1","Backflip+1","All Out Attack+1","Backstab+1","Calculated Gamble+1","Survivor+1","Flechettes+1","Deadly Poison+1","Caltrops+1","Survivor+1","Cloak And Dagger+1","Quick Slash+1","Terror+1","Quick Slash+1","Glass Knife+1","Infinite Blades+1","Caltrops+1","Choke+1","Malaise+1","Neutralize+1","A Thousand Cuts+1","Tools of the Trade+1","After Image+1","Adrenaline+1","After Image+1","Blur+1","Noxious Fumes+1","Adrenaline+1","Tactician+1","Deflect+1","Finesse"],"max_hp_per_floor":[70,70,70,70,70,70,70,70,70,70,70,70,70,70,70,70,70,70,70,70,70,70,70,70,84,84,84,84,84,84,84,91,91,91,91,91,91,91,91,91,91,91,91,91,91,91,91,91,91,91],"special_seed":29952015251857,"relics":["Ring of the Snake","Incense Burner","Whetstone","Blood Vial","Centennial Puzzle","Smiling Mask","Mercury Hourglass","Eternal Feather","Mango","Gremlin Horn","Dream Catcher","Shovel","Strawberry","Coffee Dripper","Turnip","War Paint","Prayer Wheel","Omamori","Boot","Bottled Lightning","Vajra","Mark of the Bloom","Calipers"],"card_choices":[{"not_picked":["Deflect","Outmaneuver"],"picked":"SKIP","floor":1},{"not_picked":["Choke","Flying Knee"],"picked":"SKIP","floor":5},{"not_picked":["Unload"],"picked":"A Thousand Cuts","floor":6},{"not_picked":["PiercingWail","Cloak And Dagger"],"picked":"SKIP","floor":7},{"not_picked":["Die Die Die","Storm of Steel"],"picked":"SKIP","floor":8},{"not_picked":["Night Terror","A Thousand Cuts"],"picked":"SKIP","floor":10},{"not_picked":["Tactician"],"picked":"Tools of the Trade","floor":13},{"not_picked":["Poisoned Stab","Acrobatics"],"picked":"SKIP","floor":18},{"not_picked":["Outmaneuver","Crippling Poison"],"picked":"SKIP","floor":20},{"not_picked":["Sucker Punch","Flying Knee+1"],"picked":"SKIP","floor":22},{"not_picked":["Burst"],"picked":"After Image","floor":25},{"not_picked":["Corpse Explosion"],"picked":"Adrenaline","floor":27},{"not_picked":["Malaise","Outmaneuver"],"picked":"SKIP","floor":28},{"not_picked":["Tools of the Trade"],"picked":"After Image","floor":31},{"not_picked":["Sucker Punch"],"picked":"Blur+1","floor":35},{"not_picked":["Dagger Spray+1","Flying Knee"],"picked":"SKIP","floor":36},{"not_picked":["Dodge and Roll+1","Finisher"],"picked":"SKIP","floor":37},{"not_picked":["Glass Knife"],"picked":"Adrenaline","floor":40},{"not_picked":["Storm of Steel"],"picked":"Tactician","floor":42},{"not_picked":["Phantasmal Killer","Doppelganger"],"picked":"SKIP","floor":45},{"not_picked":["Acrobatics+1"],"picked":"Deflect","floor":46},{"not_picked":["Flying Knee+1","Masterful Stab+1"],"picked":"SKIP","floor":46}],"player_experience":501673,"potions_floor_usage":[16,22,27,27,33,33,40,50,50],"damage_taken":[{"damage":0,"enemies":"Small Slimes","floor":1,"turns":2},{"damage":0,"enemies":"Cultist","floor":5,"turns":1},{"damage":0,"enemies":"Gremlin Nob","floor":6,"turns":3},{"damage":0,"enemies":"2 Louse","floor":7,"turns":1},{"damage":8,"enemies":"3 Sentries","floor":8,"turns":5},{"damage":16,"enemies":"Lagavulin","floor":10,"turns":5},{"damage":8,"enemies":"3 Sentries","floor":13,"turns":5},{"damage":20,"enemies":"Hexaghost","floor":16,"turns":7},{"damage":0,"enemies":"Spheric Guardian","floor":18,"turns":3},{"damage":0,"enemies":"Chosen","floor":20,"turns":4},{"damage":19,"enemies":"Slaver and Parasite","floor":22,"turns":6},{"damage":32,"enemies":"Slavers","floor":25,"turns":5},{"damage":7,"enemies":"Gremlin Leader","floor":27,"turns":6},{"damage":5,"enemies":"Centurion and Healer","floor":28,"turns":7},{"damage":2,"enemies":"Slavers","floor":31,"turns":4},{"damage":29,"enemies":"Champ","floor":33,"turns":9},{"damage":0,"enemies":"3 Shapes","floor":35,"turns":5},{"damage":7,"enemies":"Orb Walker","floor":36,"turns":3},{"damage":20,"enemies":"Spire Growth","floor":37,"turns":5},{"damage":0,"enemies":"Nemesis","floor":40,"turns":7},{"damage":20,"enemies":"2 Orb Walkers","floor":42,"turns":6},{"damage":1,"enemies":"Nemesis","floor":45,"turns":6},{"damage":1,"enemies":"Maw","floor":46,"turns":6},{"damage":0,"enemies":"Donu and Deca","floor":50,"turns":5}],"relics_obtained":[{"floor":6,"key":"Incense Burner"},{"floor":8,"key":"Whetstone"},{"floor":9,"key":"Blood Vial"},{"floor":10,"key":"Centennial Puzzle"},{"floor":13,"key":"Smiling Mask"},{"floor":25,"key":"Mango"},{"floor":26,"key":"Gremlin Horn"},{"floor":27,"key":"Dream Catcher"},{"floor":31,"key":"Shovel"},{"floor":32,"key":"Strawberry"},{"floor":40,"key":"War Paint"},{"floor":41,"key":"Prayer Wheel"},{"floor":42,"key":"Omamori"},{"floor":43,"key":"Boot"},{"floor":44,"key":"Bottled Lightning"},{"floor":45,"key":"Vajra"},{"floor":49,"key":"Calipers"}],"event_choices":[{"event_name":"Golden Shrine","player_choice":"Pray","floor":2,"damage_taken":0},{"event_name":"The Cleric","player_choice":"Card Removal","floor":3,"damage_taken":0},{"event_name":"Shining Light","player_choice":"Entered Light","floor":4,"damage_taken":0},{"event_name":"Living Wall","player_choice":"Grow","floor":11,"damage_taken":0},{"event_name":"Nest","player_choice":"Stole From Cult","floor":21,"damage_taken":0},{"event_name":"Beggar","player_choice":"Gave Gold","floor":24,"damage_taken":0},{"event_name":"Vampires","player_choice":"Ignored","floor":29,"damage_taken":0},{"event_name":"Upgrade Shrine","player_choice":"Upgraded","floor":39,"damage_taken":0},{"event_name":"MindBloom","player_choice":"Upgrade","floor":47,"damage_taken":0}],"boss_relics":[{"not_picked":["Astrolabe","Sozu"],"picked":"Eternal Feather"},{"not_picked":["Cursed Key","Empty Cage"],"picked":"Coffee Dripper"}],"items_purged_floors":[14,19,38,48],"is_endless":false,"potions_floor_spawned":[5,8,13,16,18,25,28,37,42,46],"seed_played":"5330121325571076292","ascension_level":0,"potions_obtained":[{"floor":5,"key":"FearPotion"},{"floor":8,"key":"SpeedPotion"},{"floor":13,"key":"LiquidBronze"},{"floor":16,"key":"GhostInAJar"},{"floor":18,"key":"Poison Potion"},{"floor":25,"key":"Strength Potion"},{"floor":28,"key":"Dexterity Potion"},{"floor":37,"key":"EssenceOfSteel"},{"floor":42,"key":"LiquidBronze"},{"floor":46,"key":"GamblersBrew"}],"is_trial":true}