{"gold_per_floor":[212,226,245,257,257,103,103,103,103,127,78,121,134,154,154,275,275,299,299,319,242,261,261,285,310,336,336,336],"floor_reached":28,"playtime":884,"items_purged":["Strike_R"],"score":224,"play_id":"b424a53d-b645-407a-b43d-35e782a350b0","local_time":"20181112010817","is_ascension_mode":false,"campfire_choices":[{"data":"Spot Weakness","floor":7.0,"key":"SMITH"},{"data":"Armaments","floor":15.0,"key":"SMITH"},{"data":"Inflame","floor":23,"key":"SMITH"},{"floor":27,"key":"REST"}],"neow_cost":"NONE","seed_source_timestamp":313172029648221,"circlet_count":0,"master_deck":["Strike_R+1","Strike_R","Strike_R","Strike_R","Defend_R","Defend_R","Defend_R","Defend_R","Bash","Armaments+1","Sword Boomerang+1","Shrug It Off","Spot Weakness+1","Shrug It Off","Inflame+1","Sword Boomerang+1"],"special_seed":0,"relics":["Burning Blood","Golden Idol","Anchor","Gremlin Horn","Eternal Feather","Orichalcum"],"potions_floor_usage":[],"damage_taken":[{"damage":6.0,"enemies":"2 Louse","floor":1.0,"turns":3.0},{"damage":11.0,"enemies":"Jaw Worm","floor":2.0,"turns":5.0},{"damage":0.0,"enemies":"Small Slimes","floor":3.0,"turns":3.0},{"damage":13.0,"enemies":"Exordium Thugs","floor":4.0,"turns":6.0},{"damage":3.0,"enemies":"Lots of Slimes","floor":10.0,"turns":3.0},{"damage":10.0,"enemies":"Lagavulin","floor":12.0,"turns":5.0},{"damage":0.0,"enemies":"Blue Slaver","floor":13.0,"turns":3.0},{"damage":0.0,"enemies":"Large Slime","floor":14.0,"turns":3.0},{"damage":29.0,"enemies":"Hexaghost","floor":16.0,"turns":9.0},{"damage":15.0,"enemies":"2 Thieves","floor":18.0,"turns":4.0},{"damage":31.0,"enemies":"Spheric Guardian","floor":20.0,"turns":6.0},{"damage":10.0,"enemies":"Snake Plant","floor":22.0,"turns":7.0},{"damage":9,"enemies":"Centurion and Healer","floor":24,"turns":7},{"damage":49,"enemies":"Shelled Parasite and Fungi","floor":25,"turns":6},{"damage":49,"enemies":"3 Cultists","floor":28,"turns":5}],"seed_played":"-47413462422404881","potions_obtained":[{"floor":1.0,"key":"Energy Potion"},{"floor":2.0,"key":"AttackPotion"},{"floor":4.0,"key":"Regen Potion"},{"floor":12.0,"key":"LiquidBronze"},{"floor":13.0,"key":"Dexterity Potion"},{"floor":22,"key":"Strength Potion"},{"floor":24,"key":"FairyPotion"}],"is_trial":false,"path_per_floor":["M","M","M","M","?","$","R","?","T","M","$","E","M","M","R","B",null,"M","?","M","$","M","M","R","M","M","T","R","M"],"character_chosen":"IRONCLAD","items_purchased":["Spot Weakness","Shrug It Off","Inflame"],"campfire_rested":1,"item_purchase_floors":[6,11,21],"current_hp_per_floor":[80,75,80,73,57,57,57,57,57,60,60,56,62,68,68,45,74,65,65,40,40,36,45,42,13,13,44,0],"gold":336,"neow_bonus":"HUNDRED_GOLD","is_prod":false,"is_daily":false,"chose_seed":false,"campfire_upgraded":3,"win_rate":0,"timestamp":1541977697,"path_taken":["M","M","M","M","?","$","R","?","T","M","$","E","M","M","R","BOSS","M","?","?","$","M","R","M","M","T","R","M"],"build_version":"2018-11-08","purchased_purges":1,"victory":false,"max_hp_per_floor":[80,80,80,80,80,80,80,74,74,74,74,74,74,74,74,74,74,74,74,74,74,74,74,74,74,74,74,74],"card_choices":[{"not_picked":["Sentinel","Seeing Red"],"picked":"Armaments","floor":1.0},{"not_picked":["Perfected Strike","Rage"],"picked":"Sword Boomerang","floor":2.0},{"not_picked":["Intimidate","Sword Boomerang"],"picked":"Shrug It Off","floor":3.0},{"not_picked":["Heavy Blade","Combust","Flex"],"picked":"SKIP","floor":4.0},{"not_picked":["Dropkick","Sentinel","Clash"],"picked":"SKIP","floor":10.0},{"not_picked":["Second Wind","Wild Strike","Clash"],"picked":"SKIP","floor":12.0},{"not_picked":["Feel No Pain","Headbutt","Anger"],"picked":"SKIP","floor":13.0},{"not_picked":["Disarm","Barricade","Iron Wave"],"picked":"SKIP","floor":14.0},{"not_picked":["Twin Strike","Pommel Strike","Clash+1"],"picked":"SKIP","floor":18.0},{"not_picked":["Havoc","Seeing Red+1","Disarm"],"picked":"SKIP","floor":20.0},{"not_picked":["Rupture","Clash","Clothesline"],"picked":"SKIP","floor":22},{"not_picked":["Blood for Blood","Fire Breathing+1","Twin Strike+1"],"picked":"SKIP","floor":24},{"not_picked":["Thunderclap+1","Second Wind"],"picked":"Sword Boomerang+1","floor":25}],"player_experience":459675,"relics_obtained":[{"floor":9.0,"key":"Anchor"},{"floor":12.0,"key":"Gremlin Horn"},{"floor":26,"key":"Orichalcum"}],"event_choices":[{"damage_healed":0.0,"max_hp_gain":0.0,"max_hp_loss":0.0,"gold_gain":0.0,"event_name":"Shining Light","player_choice":"Entered Light","floor":5.0,"gold_loss":0.0,"damage_taken":16.0,"cards_upgraded":["Strike_R","Sword Boomerang"]},{"damage_healed":0.0,"max_hp_gain":0.0,"max_hp_loss":6.0,"gold_gain":0.0,"event_name":"Golden Idol","player_choice":"Lose Max HP","floor":8.0,"gold_loss":0.0,"damage_taken":0.0,"relics_obtained":["Golden Idol"]},{"damage_healed":0.0,"max_hp_gain":0.0,"max_hp_loss":0.0,"gold_gain":0.0,"event_name":"The Woman in Blue","player_choice":"Bought 0 Potions","floor":19.0,"gold_loss":0.0,"damage_taken":0.0}],"is_beta":false,"boss_relics":[{"not_picked":["Snecko Eye","Empty Cage"],"picked":"Eternal Feather"}],"items_purged_floors":[6],"is_endless":false,"potions_floor_spawned":[1,2,4,12,13,22,24],"killed_by":"3 Cultists","ascension_level":0}