{"gold_per_floor":[114,77,87,162,172,205,205,237,313,330,348,348,378,389,389,389],"floor_reached":16,"playtime":430,"items_purged":[],"score":112,"play_id":"1f8e1560-6d7f-43f7-810f-9efeb7afd2f9","local_time":"20190616102320","is_ascension_mode":false,"campfire_choices":[{"data":"Juggernaut","floor":12,"key":"SMITH"},{"data":"Battle Trance","floor":15,"key":"SMITH"}],"neow_cost":"NONE","seed_source_timestamp":214189531027100,"circlet_count":0,"master_deck":["Strike_R","Strike_R","Strike_R","Strike_R","Strike_R","Defend_R","Defend_R","Defend_R","Defend_R","Bash+1","Sword Boomerang","Battle Trance+1","Shrug It Off","Juggernaut+1"],"relics":["Burning Blood","Dead Branch","Dream Catcher","Kunai","Smiling Mask"],"potions_floor_usage":[14,16,16],"damage_taken":[{"damage":5,"enemies":"Small Slimes","floor":1,"turns":3},{"damage":1,"enemies":"Jaw Worm","floor":3,"turns":3},{"damage":12,"enemies":"2 Louse","floor":5,"turns":2},{"damage":28,"enemies":"3 Sentries","floor":6,"turns":11},{"damage":28,"enemies":"Gremlin Nob","floor":8,"turns":4},{"damage":7,"enemies":"Large Slime","floor":10,"turns":7},{"damage":8,"enemies":"2 Fungi Beasts","floor":11,"turns":4},{"damage":13,"enemies":"3 Louse","floor":14,"turns":4},{"damage":21,"enemies":"The Guardian","floor":16,"turns":2}],"seed_played":"7259765077857120882","potions_obtained":[{"floor":5,"key":"EssenceOfSteel"},{"floor":6,"key":"BloodPotion"},{"floor":8,"key":"Dexterity Potion"},{"floor":11,"key":"GamblersBrew"}],"is_trial":false,"path_per_floor":["M","$","M","?","M","E","$","E","T","M","M","R","?","M","R","B"],"character_chosen":"IRONCLAD","items_purchased":["Battle Trance"],"campfire_rested":0,"item_purchase_floors":[2],"current_hp_per_floor":[80,80,80,69,63,41,41,19,19,18,16,16,16,9,9,0],"gold":389,"neow_bonus":"UPGRADE_CARD","is_prod":false,"is_daily":false,"chose_seed":false,"campfire_upgraded":2,"win_rate":0,"timestamp":1560669800,"path_taken":["M","$","M","?","M","E","$","E","T","M","M","R","?","M","R","BOSS"],"build_version":"2019-01-23","purchased_purges":0,"victory":false,"max_hp_per_floor":[80,80,80,80,80,80,80,80,80,80,80,80,80,80,80,80],"card_choices":[{"not_picked":["Flex","Uppercut"],"picked":"Sword Boomerang","floor":1},{"not_picked":["Dual Wield","Iron Wave"],"picked":"Shrug It Off","floor":3},{"not_picked":["Iron Wave","Clothesline","Thunderclap"],"picked":"SKIP","floor":5},{"not_picked":["Metallicize","Second Wind","Havoc"],"picked":"SKIP","floor":6},{"not_picked":["Headbutt","Havoc","Clothesline"],"picked":"SKIP","floor":8},{"not_picked":["Burning Pact","Blood for Blood"],"picked":"Juggernaut","floor":10},{"not_picked":["Reckless Charge","Anger","Perfected Strike"],"picked":"SKIP","floor":11},{"not_picked":["Cleave","Flex","True Grit"],"picked":"SKIP","floor":14}],"player_experience":621705,"relics_obtained":[{"floor":6,"key":"Dead Branch"},{"floor":8,"key":"Dream Catcher"},{"floor":9,"key":"Kunai"}],"event_choices":[{"damage_healed":0,"gold_gain":75,"player_choice":"Gather Gold","damage_taken":11,"max_hp_gain":0,"max_hp_loss":0,"event_name":"World of Goop","floor":4,"gold_loss":0},{"damage_healed":0,"gold_gain":30,"player_choice":"Searched \u00272\u0027 times","damage_taken":0,"relics_obtained":["Smiling Mask"],"max_hp_gain":0,"max_hp_loss":0,"event_name":"Dead Adventurer","floor":13,"gold_loss":0}],"is_beta":false,"boss_relics":[],"items_purged_floors":[],"is_endless":false,"potions_floor_spawned":[5,6,8,11],"killed_by":"The Guardian","ascension_level":0}