{"gold_per_floor":[115,127,127,127,141,176,196,67,67,82,82,157,157,198,198,319,319,295,295,295,0,20,20,44,44,97,97,112,112,137,153,153,277,277,297,310,333,333,349,349,373,373,373,373,28,28,128,149,149,149],"floor_reached":51,"playtime":1760,"items_purged":["Strike_R","Strike_R"],"score":684,"play_id":"8edb22bc-9458-4c5f-b3b3-f57804a869ab","local_time":"20190616093623","is_ascension_mode":false,"campfire_choices":[{"data":"Armaments","floor":11.0,"key":"SMITH"},{"data":"Demon Form","floor":15.0,"key":"SMITH"},{"data":"Barricade","floor":23.0,"key":"SMITH"},{"data":"Body Slam","floor":25.0,"key":"SMITH"},{"floor":27.0,"key":"DIG"},{"floor":29.0,"key":"DIG"},{"data":"Body Slam","floor":32.0,"key":"SMITH"},{"data":"Demon Form","floor":40,"key":"SMITH"},{"floor":42,"key":"DIG"},{"floor":44,"key":"DIG"},{"floor":49,"key":"DIG"}],"neow_cost":"PERCENT_DAMAGE","seed_source_timestamp":209939407146200,"circlet_count":0,"master_deck":["Defend_R+1","Defend_R+1","Defend_R","Defend_R","Bash","Body Slam+1","Armaments+1","Demon Form+1","Entrench+1","Barricade+1","Body Slam+1","Body Slam+1","Demon Form+1","Shrug It Off+1","Shrug It Off+1","Shrug It Off+1"],"special_seed":0,"relics":["Burning Blood","Golden Idol","Toxic Egg 2","Bottled Lightning","Paper Frog","Empty Cage","MutagenicStrength","Shovel","Potion Belt","Boot","Blue Candle","Coffee Dripper","Art of War","War Paint","Sundial","Gremlin Horn","Bag of Preparation"],"potions_floor_usage":[33,33,41,50,50],"damage_taken":[{"damage":6.0,"enemies":"Cultist","floor":1.0,"turns":4.0},{"damage":2.0,"enemies":"2 Louse","floor":2.0,"turns":3.0},{"damage":1.0,"enemies":"Jaw Worm","floor":5.0,"turns":5.0},{"damage":29.0,"enemies":"3 Sentries","floor":6.0,"turns":8.0},{"damage":9.0,"enemies":"2 Fungi Beasts","floor":7.0,"turns":4.0},{"damage":2.0,"enemies":"Blue Slaver","floor":10.0,"turns":4.0},{"damage":17.0,"enemies":"Gremlin Nob","floor":14.0,"turns":5.0},{"damage":16.0,"enemies":"Slime Boss","floor":16.0,"turns":12.0},{"damage":9.0,"enemies":"2 Thieves","floor":18.0,"turns":5.0},{"damage":31.0,"enemies":"3 Byrds","floor":22.0,"turns":8.0},{"damage":3.0,"enemies":"Snake Plant","floor":24.0,"turns":5.0},{"damage":8.0,"enemies":"Centurion and Healer","floor":28.0,"turns":8.0},{"damage":2.0,"enemies":"Shelled Parasite and Fungi","floor":30.0,"turns":6.0},{"damage":21.0,"enemies":"3 Cultists","floor":31.0,"turns":6.0},{"damage":35,"enemies":"Champ","floor":33,"turns":10},{"damage":35,"enemies":"Orb Walker","floor":35,"turns":4},{"damage":17,"enemies":"3 Shapes","floor":36,"turns":6},{"damage":9,"enemies":"Jaw Worm Horde","floor":37,"turns":4},{"damage":4,"enemies":"4 Shapes","floor":39,"turns":7},{"damage":16,"enemies":"Sphere and 2 Shapes","floor":41,"turns":7},{"damage":0,"enemies":"Maw","floor":48,"turns":6},{"damage":22,"enemies":"Awakened One","floor":50,"turns":7}],"seed_played":"-2357695056976337102","potions_obtained":[{"floor":2.0,"key":"Fire Potion"},{"floor":5.0,"key":"GamblersBrew"},{"floor":6.0,"key":"Weak Potion"},{"floor":7.0,"key":"Swift Potion"},{"floor":16.0,"key":"Block Potion"},{"floor":22.0,"key":"Block Potion"},{"floor":28.0,"key":"Strength Potion"},{"floor":30.0,"key":"Swift Potion"},{"floor":36,"key":"Block Potion"},{"floor":37,"key":"SpeedPotion"}],"is_trial":false,"path_per_floor":["M","M","$","?","M","E","M","$","T","M","R","?","?","E","R","B",null,"M","?","?","$","M","R","M","R","T","R","M","R","M","M","R","B",null,"M","M","M","$","M","R","M","R","T","R","$","?","?","M","R","B",null],"character_chosen":"IRONCLAD","items_purchased":["Shrug It Off+1","Shovel","Gremlin Horn"],"campfire_rested":0,"item_purchase_floors":[8,21,45],"current_hp_per_floor":[72,76,76,76,81,58,55,55,55,59,59,48,48,37,37,27,89,86,86,86,86,61,61,64,64,64,64,62,62,66,51,51,22,89,60,49,46,46,48,48,38,38,38,38,38,38,38,44,44,28],"gold":149,"neow_bonus":"TWENTY_PERCENT_HP_BONUS","is_prod":false,"is_daily":false,"chose_seed":false,"campfire_upgraded":6,"win_rate":0,"timestamp":1560666983,"path_taken":["M","M","$","?","M","E","M","$","T","M","R","?","?","E","R","BOSS","M","?","?","$","M","R","M","R","T","R","M","R","M","?","R","BOSS","M","M","M","$","M","R","M","R","T","R","$","?","?","M","R","BOSS"],"build_version":"2019-01-23","purchased_purges":2,"victory":true,"max_hp_per_floor":[96,96,96,89,89,89,89,89,89,89,89,89,89,89,89,89,89,89,89,89,89,89,89,89,89,89,89,89,89,89,89,89,89,89,89,89,89,89,89,89,89,89,89,89,89,89,89,89,89,89],"card_choices":[{"not_picked":["Iron Wave","Sword Boomerang"],"picked":"Body Slam","floor":1.0},{"not_picked":["Intimidate","Flame Barrier","Searing Blow"],"picked":"SKIP","floor":2.0},{"not_picked":["Anger","Infernal Blade"],"picked":"Armaments","floor":5.0},{"not_picked":["Flame Barrier","Dark Embrace"],"picked":"Demon Form","floor":6.0},{"not_picked":["Iron Wave","Twin Strike","Clothesline"],"picked":"SKIP","floor":7.0},{"not_picked":["Corruption","Burning Pact+1","Twin Strike"],"picked":"SKIP","floor":10.0},{"not_picked":["Double Tap+1","True Grit+1"],"picked":"Entrench+1","floor":14.0},{"not_picked":["Berserk","Demon Form"],"picked":"Barricade","floor":16.0},{"not_picked":["Thunderclap+1","Rage+1"],"picked":"Body Slam","floor":18.0},{"not_picked":["Rupture","Armaments+1","Perfected Strike"],"picked":"SKIP","floor":22.0},{"not_picked":["True Grit+1","Armaments+1","Uppercut"],"picked":"SKIP","floor":24.0},{"not_picked":["Sword Boomerang","Cleave","True Grit+1"],"picked":"SKIP","floor":28.0},{"not_picked":["Ghostly Armor+1","Dual Wield+1"],"picked":"Body Slam","floor":30.0},{"not_picked":["Blood for Blood","Metallicize","True Grit+1"],"picked":"SKIP","floor":31.0},{"not_picked":["Berserk","Offering+1"],"picked":"Demon Form","floor":33},{"not_picked":["Corruption","Disarm+1"],"picked":"Shrug It Off+1","floor":35},{"not_picked":["Headbutt","Iron Wave+1"],"picked":"Shrug It Off+1","floor":36},{"not_picked":["Evolve","Hemokinesis+1","Intimidate+1"],"picked":"SKIP","floor":37},{"not_picked":["Iron Wave+1","Pommel Strike","Clash+1"],"picked":"SKIP","floor":39},{"not_picked":["Clash","Perfected Strike+1"],"picked":"Shrug It Off+1","floor":41},{"not_picked":["Inflame","Immolate","Rupture+1"],"picked":"SKIP","floor":48}],"player_experience":617595,"relics_obtained":[{"floor":6.0,"key":"Toxic Egg 2"},{"floor":9.0,"key":"Bottled Lightning"},{"floor":14.0,"key":"Paper Frog"},{"floor":26.0,"key":"Potion Belt"},{"floor":27.0,"key":"Boot"},{"floor":29.0,"key":"Blue Candle"},{"floor":42,"key":"Art of War"},{"floor":43,"key":"War Paint"},{"floor":44,"key":"Sundial"},{"floor":49,"key":"Bag of Preparation"}],"event_choices":[{"damage_healed":0.0,"max_hp_gain":0.0,"max_hp_loss":7.0,"gold_gain":0.0,"event_name":"Golden Idol","player_choice":"Lose Max HP","floor":4.0,"gold_loss":0.0,"damage_taken":0.0,"relics_obtained":["Golden Idol"]},{"damage_healed":0.0,"max_hp_gain":0.0,"max_hp_loss":0.0,"gold_gain":75.0,"event_name":"World of Goop","player_choice":"Gather Gold","floor":12.0,"gold_loss":0.0,"damage_taken":11.0},{"damage_healed":0.0,"max_hp_gain":0.0,"max_hp_loss":0.0,"gold_gain":0.0,"event_name":"Living Wall","player_choice":"Grow","floor":13.0,"gold_loss":0.0,"damage_taken":0.0,"cards_upgraded":["Body Slam"]},{"damage_healed":0.0,"max_hp_gain":0.0,"max_hp_loss":0.0,"gold_gain":0.0,"event_name":"Drug Dealer","player_choice":"Inject Mutagens","floor":19.0,"gold_loss":0.0,"damage_taken":0.0,"relics_obtained":["MutagenicStrength"]},{"cards_removed":["Strike_R"],"damage_healed":0.0,"max_hp_gain":0.0,"max_hp_loss":0.0,"gold_gain":0.0,"event_name":"Bonfire Elementals","player_choice":"Offered Basic","floor":20.0,"gold_loss":0.0,"damage_taken":0.0},{"cards_removed":["Shrug It Off"],"damage_healed":0,"gold_gain":0,"player_choice":"Removed Skill","damage_taken":0,"max_hp_gain":0,"max_hp_loss":0,"event_name":"Falling","floor":46,"gold_loss":0},{"damage_healed":0,"gold_gain":100,"player_choice":"Pray","damage_taken":0,"max_hp_gain":0,"max_hp_loss":0,"event_name":"Golden Shrine","floor":47,"gold_loss":0}],"is_beta":false,"boss_relics":[{"not_picked":["Philosopher\u0027s Stone","Calling Bell"],"picked":"Empty Cage"},{"not_picked":["Runic Cube","Velvet Choker"],"picked":"Coffee Dripper"}],"items_purged_floors":[8,45],"is_endless":false,"potions_floor_spawned":[2,5,6,7,16,22,28,30,36,37],"ascension_level":0}