{"gold_per_floor":[20,20,20,30,40,40,40,40,40,66,66,93,93,111,111,231,231,254,275,290,134,153,153,173,0,0,0,35,35,35,58,58,58],"floor_reached":33,"playtime":1061,"items_purged":[],"score":408,"play_id":"cbc9343c-5ca3-43af-8265-f736ebc88a7f","local_time":"20181012023613","is_ascension_mode":true,"campfire_choices":[{"data":"Feed","floor":6.0,"key":"SMITH"},{"data":"Battle Trance","floor":8.0,"key":"SMITH"},{"floor":11.0,"key":"REST"},{"data":"Inflame","floor":15,"key":"SMITH"},{"floor":23,"key":"REST"},{"floor":30,"key":"REST"},{"data":"Inflame","floor":32,"key":"SMITH"}],"neow_cost":"NO_GOLD","seed_source_timestamp":138161091466472,"circlet_count":0,"master_deck":["Strike_R","Strike_R","Strike_R","Strike_R","Strike_R","Defend_R","Defend_R","Defend_R","Defend_R","Bash","Feed+1","Battle Trance+1","Inflame+1","Offering","Rage","Shrug It Off","RitualDagger","Inflame+1","Heavy Blade+1"],"special_seed":0,"relics":["Burning Blood","Meat on the Bone","Pen Nib","Dream Catcher","Golden Idol","Sozu","Vajra","Bottled Lightning","Bag of Marbles"],"potions_floor_usage":[16,16,28],"damage_taken":[{"damage":7.0,"enemies":"2 Louse","floor":1.0,"turns":4.0},{"damage":7.0,"enemies":"Small Slimes","floor":4.0,"turns":3.0},{"damage":2.0,"enemies":"Jaw Worm","floor":5.0,"turns":3.0},{"damage":34.0,"enemies":"Gremlin Nob","floor":10.0,"turns":4.0},{"damage":60,"enemies":"3 Sentries","floor":12,"turns":11},{"damage":5,"enemies":"2 Fungi Beasts","floor":14,"turns":3},{"damage":51,"enemies":"Slime Boss","floor":16,"turns":18},{"damage":19,"enemies":"2 Thieves","floor":18,"turns":3},{"damage":22,"enemies":"Shell Parasite","floor":19,"turns":5},{"damage":33,"enemies":"Snecko","floor":20,"turns":4},{"damage":27,"enemies":"Sentry and Sphere","floor":22,"turns":5},{"damage":50,"enemies":"3 Cultists","floor":24,"turns":7},{"damage":14,"enemies":"Book of Stabbing","floor":28,"turns":4},{"damage":6,"enemies":"Snecko","floor":31,"turns":2},{"damage":99,"enemies":"Automaton","floor":33,"turns":6}],"seed_played":"-7851610609543005697","potions_obtained":[{"floor":1.0,"key":"PowerPotion"},{"floor":4.0,"key":"GamblersBrew"},{"floor":14,"key":"GamblersBrew"}],"is_trial":false,"path_per_floor":["M","?","$","M","M","R","$","R","T","E","R","E","?","M","R","B",null,"M","M","M","$","M","R","M","?","T","?","E","?","R","M","R"],"character_chosen":"IRONCLAD","items_purchased":["Vajra"],"campfire_rested":3,"item_purchase_floors":[21],"current_hp_per_floor":[74,79,79,81,85,85,85,85,85,61,89,51,51,56,56,27,82,73,61,46,46,37,69,41,41,41,35,39,39,72,72,72,0],"gold":58,"neow_bonus":"THREE_RARE_CARDS","is_prod":false,"is_daily":false,"chose_seed":false,"campfire_upgraded":4,"win_rate":0,"timestamp":1539300973,"path_taken":["M","?","$","M","M","R","$","R","T","E","R","E","?","M","R","BOSS","M","M","M","$","M","R","M","?","T","?","E","?","R","M","R","BOSS"],"build_version":"2018-10-04v2","purchased_purges":0,"victory":false,"max_hp_per_floor":[83,88,88,91,91,91,91,91,91,95,95,99,92,96,96,100,100,104,108,108,108,108,108,112,112,112,112,112,112,112,112,112,112],"card_choices":[{"not_picked":["Bludgeon","Exhume"],"picked":"Feed","floor":0.0},{"not_picked":["Infernal Blade","Clothesline"],"picked":"Battle Trance","floor":1.0},{"not_picked":["Clothesline","Anger","Headbutt"],"picked":"SKIP","floor":4.0},{"not_picked":["Intimidate","Ghostly Armor","Sever Soul"],"picked":"SKIP","floor":5.0},{"not_picked":["Dropkick","Infernal Blade","Anger"],"picked":"SKIP","floor":10.0},{"not_picked":["Brutality","Heavy Blade","Corruption"],"picked":"SKIP","floor":12},{"not_picked":["Sword Boomerang","Thunderclap"],"picked":"Inflame","floor":14},{"not_picked":["Berserk","Exhume"],"picked":"Offering","floor":16},{"not_picked":["Headbutt+1","Burning Pact+1","Pommel Strike"],"picked":"SKIP","floor":18},{"not_picked":["Burning Pact","Wild Strike"],"picked":"Rage","floor":19},{"not_picked":["Body Slam","Thunderclap+1"],"picked":"Shrug It Off","floor":20},{"not_picked":["Second Wind","Iron Wave","Thunderclap"],"picked":"SKIP","floor":22},{"not_picked":["Clash","Heavy Blade","Blood for Blood+1"],"picked":"SKIP","floor":24},{"not_picked":["Havoc","Clothesline+1","Perfected Strike"],"picked":"SKIP","floor":28},{"not_picked":["Evolve+1","Thunderclap+1"],"picked":"Heavy Blade+1","floor":30},{"not_picked":["Headbutt","Sentinel","Hemokinesis+1"],"picked":"SKIP","floor":31}],"player_experience":396089,"relics_obtained":[{"floor":9.0,"key":"Meat on the Bone"},{"floor":10.0,"key":"Pen Nib"},{"floor":12,"key":"Dream Catcher"},{"floor":26,"key":"Bottled Lightning"},{"floor":28,"key":"Bag of Marbles"}],"event_choices":[{"event_name":"Big Fish","player_choice":"Donut","floor":2.0,"damage_taken":0.0},{"event_name":"Golden Idol","player_choice":"Lose Max HP","floor":13,"damage_taken":0},{"event_name":"Masked Bandits","player_choice":"Paid Fearfully","floor":25,"damage_taken":0},{"event_name":"Nest","player_choice":"Joined the Cult","floor":27,"damage_taken":0},{"event_name":"The Library","player_choice":"Read","floor":29,"damage_taken":0}],"is_beta":false,"boss_relics":[{"not_picked":["Orrery","Ectoplasm"],"picked":"Sozu"}],"items_purged_floors":[],"is_endless":false,"potions_floor_spawned":[1,4,14,20,22,28],"killed_by":"Automaton","ascension_level":6}