{"gold_per_floor":[118,118,118,130,130,162,162,13,66,101,120,135,135,146,146,249,249,269,289,22,22,22,22,34,34,58,58,88,88,88,105,105,202,202,214,214,214,214,230,230,257,269,293,309,324,374,374,474,474,474,474,474,21,47,47],"floor_reached":55,"playtime":1316,"items_purged":["Strike_R"],"score":698,"play_id":"855ce035-ab1a-4e2b-851b-7c8e7d933e25","local_time":"20190728133218","is_ascension_mode":false,"campfire_choices":[{"data":"Sword Boomerang","floor":7.0,"key":"SMITH"},{"data":"Bash","floor":15.0,"key":"SMITH"},{"floor":23.0,"key":"RECALL"},{"floor":25.0,"key":"REST"},{"floor":32.0,"key":"REST"},{"floor":49.0,"key":"DIG"},{"floor":52.0,"key":"DIG"}],"neow_cost":"TEN_PERCENT_HP_LOSS","seed_source_timestamp":53118155930200,"circlet_count":0,"master_deck":["Strike_R","Strike_R+1","Strike_R","Defend_R+1","Defend_R","Defend_R","Defend_R+1","Bash+1","Inflame","Shrug It Off","Sword Boomerang+1","Cleave+1","Inflame","Limit Break","Spot Weakness","Battle Trance+1","Heavy Blade","Sword Boomerang+1","Limit Break","Evolve","Shrug It Off+1"],"special_seed":0,"relics":["Burning Blood","Bird Faced Urn","Oddly Smooth Stone","Pen Nib","Lantern","Vajra","War Paint","Fusion Hammer","Sling","Centennial Puzzle","Gremlin Horn","Coffee Dripper","Shovel","Gambling Chip","Whetstone","Bottled Lightning","Thread and Needle","Art of War","Bag of Marbles"],"potions_floor_usage":[55,55,55,55,55,55],"damage_taken":[{"damage":0.0,"enemies":"Small Slimes","floor":1.0,"turns":3.0},{"damage":5.0,"enemies":"Jaw Worm","floor":4.0,"turns":3.0},{"damage":36.0,"enemies":"Lagavulin","floor":6.0,"turns":5.0},{"damage":6.0,"enemies":"Gremlin Nob","floor":10.0,"turns":3.0},{"damage":0.0,"enemies":"Cultist","floor":11.0,"turns":2.0},{"damage":0.0,"enemies":"3 Louse","floor":12.0,"turns":2.0},{"damage":0.0,"enemies":"Blue Slaver","floor":14.0,"turns":4.0},{"damage":28.0,"enemies":"Hexaghost","floor":16.0,"turns":6.0},{"damage":9.0,"enemies":"2 Thieves","floor":18.0,"turns":3.0},{"damage":4.0,"enemies":"Chosen","floor":19.0,"turns":2.0},{"damage":11.0,"enemies":"Centurion and Healer","floor":24.0,"turns":4.0},{"damage":9.0,"enemies":"Book of Stabbing","floor":28.0,"turns":3.0},{"damage":15.0,"enemies":"Snake Plant","floor":31.0,"turns":2.0},{"damage":25.0,"enemies":"Automaton","floor":33.0,"turns":6.0},{"damage":9.0,"enemies":"3 Darklings","floor":35.0,"turns":2.0},{"damage":16.0,"enemies":"3 Shapes","floor":39.0,"turns":2.0},{"damage":20.0,"enemies":"Nemesis","floor":41.0,"turns":3.0},{"damage":0.0,"enemies":"Maw","floor":42.0,"turns":4.0},{"damage":1.0,"enemies":"Jaw Worm Horde","floor":44.0,"turns":2.0},{"damage":3.0,"enemies":"Sphere and 2 Shapes","floor":45.0,"turns":2.0},{"damage":11.0,"enemies":"2 Orb Walkers","floor":46.0,"turns":2.0},{"damage":36.0,"enemies":"Mind Bloom Boss Battle","floor":48.0,"turns":3.0},{"damage":40.0,"enemies":"Awakened One","floor":50.0,"turns":5.0},{"damage":29,"enemies":"Shield and Spear","floor":54,"turns":3},{"damage":106,"enemies":"The Heart","floor":55,"turns":5}],"seed_played":"-7976792315634887688","potions_obtained":[{"floor":4.0,"key":"Poison Potion"},{"floor":6.0,"key":"Explosive Potion"},{"floor":10.0,"key":"SpeedPotion"},{"floor":11.0,"key":"SmokeBomb"},{"floor":18.0,"key":"Swift Potion"},{"floor":41.0,"key":"FearPotion"},{"floor":45.0,"key":"EntropicBrew"},{"floor":48.0,"key":"Regen Potion"}],"is_trial":false,"path_per_floor":["M","?","?","M","$","E","R","$","T","E","M","M","?","M","R","B",null,"M","M","$","?","?","R","M","R","T","$","E","$","?","M","R","B",null,"M","?","?","$","M","R","E","M","T","M","M","?","$","?","R","B",null,"R","$","E","B"],"character_chosen":"IRONCLAD","items_purchased":["Lantern","Sling","Thread and Needle","Art of War"],"campfire_rested":2,"item_purchase_floors":[8,20,53,53],"current_hp_per_floor":[72,60,60,63,63,35,35,35,35,37,45,53,46,54,54,36,72,72,72,72,72,72,72,69,72,72,72,72,72,59,50,73,58,77,74,73,73,73,63,63,51,63,63,72,73,68,68,43,43,13,73,73,73,50,0],"gold":47,"neow_bonus":"ONE_RARE_RELIC","is_prod":false,"is_daily":false,"chose_seed":false,"campfire_upgraded":2,"win_rate":0,"timestamp":1564309938,"path_taken":["M","?","?","?","$","E","R","$","T","E","M","M","?","M","R","BOSS","M","M","$","?","?","R","M","R","T","$","E","$","?","M","R","BOSS","M","?","?","$","?","R","E","M","T","M","M","?","$","?","R","BOSS","R","$","E","BOSS"],"build_version":"2019-07-17","purchased_purges":1,"victory":false,"max_hp_per_floor":[72,72,72,72,72,72,72,72,72,72,72,72,72,72,72,72,72,72,72,72,72,72,72,72,72,72,72,72,72,77,77,77,77,77,77,73,73,73,73,73,73,73,73,73,73,73,73,73,73,73,73,73,73,73,73],"card_choices":[{"not_picked":["Clash","Sentinel"],"picked":"Inflame","floor":1.0},{"not_picked":["Heavy Blade","Shockwave"],"picked":"Shrug It Off","floor":4.0},{"not_picked":["True Grit","Flame Barrier"],"picked":"Sword Boomerang","floor":6.0},{"not_picked":["Clash","Entrench","Blood for Blood"],"picked":"SKIP","floor":10.0},{"not_picked":["Dropkick","Body Slam","Wild Strike"],"picked":"SKIP","floor":11.0},{"not_picked":["Berserk","Ghostly Armor"],"picked":"Cleave","floor":12.0},{"not_picked":["Armaments","Warcry"],"picked":"Inflame","floor":14.0},{"not_picked":["Feed","Berserk"],"picked":"Limit Break","floor":16.0},{"not_picked":["Seeing Red+1","Body Slam"],"picked":"Spot Weakness","floor":18.0},{"not_picked":["True Grit","Headbutt"],"picked":"Battle Trance+1","floor":19.0},{"not_picked":["Rampage","Warcry"],"picked":"Heavy Blade","floor":24.0},{"not_picked":["Clash","Blood for Blood"],"picked":"Sword Boomerang+1","floor":28.0},{"not_picked":["Shrug It Off","Headbutt","Intimidate+1"],"picked":"SKIP","floor":31.0},{"not_picked":["Bludgeon","Fiend Fire"],"picked":"Limit Break","floor":33.0},{"not_picked":["Sword Boomerang","Thunderclap+1","Armaments"],"picked":"SKIP","floor":35.0},{"not_picked":["Clothesline+1","Evolve","Metallicize"],"picked":"SKIP","floor":39.0},{"not_picked":["Clothesline+1","Metallicize"],"picked":"Evolve","floor":39.0},{"not_picked":["Ghostly Armor+1","Pommel Strike"],"picked":"Shrug It Off+1","floor":41.0},{"not_picked":["Shrug It Off","Sword Boomerang","Sentinel"],"picked":"SKIP","floor":42.0},{"not_picked":["Headbutt+1","Shrug It Off","Corruption+1"],"picked":"SKIP","floor":44.0},{"not_picked":["Bloodletting","Havoc+1","Rampage"],"picked":"SKIP","floor":45.0},{"not_picked":["Perfected Strike+1","Entrench+1","True Grit"],"picked":"SKIP","floor":54}],"player_experience":789237,"relics_obtained":[{"floor":6.0,"key":"Pen Nib"},{"floor":9.0,"key":"Vajra"},{"floor":10.0,"key":"War Paint"},{"floor":26.0,"key":"Centennial Puzzle"},{"floor":28.0,"key":"Gremlin Horn"},{"floor":41.0,"key":"Shovel"},{"floor":48.0,"key":"Gambling Chip"},{"floor":49.0,"key":"Whetstone"},{"floor":52.0,"key":"Bottled Lightning"},{"floor":54,"key":"Bag of Marbles"}],"event_choices":[{"damage_healed":0.0,"max_hp_gain":0.0,"max_hp_loss":0.0,"gold_gain":0.0,"event_name":"Scrap Ooze","player_choice":"Success","floor":2.0,"gold_loss":0.0,"damage_taken":12.0,"relics_obtained":["Oddly Smooth Stone"]},{"damage_healed":0.0,"max_hp_gain":0.0,"max_hp_loss":0.0,"gold_gain":0.0,"event_name":"NoteForYourself","player_choice":"Ignored","floor":3.0,"gold_loss":0.0,"damage_taken":0.0},{"cards_removed":["Strike_R"],"damage_healed":0.0,"max_hp_gain":0.0,"max_hp_loss":0.0,"gold_gain":0.0,"event_name":"Golden Wing","player_choice":"Card Removal","floor":13.0,"gold_loss":0.0,"damage_taken":7.0},{"damage_healed":0.0,"max_hp_gain":0.0,"max_hp_loss":0.0,"gold_gain":0.0,"event_name":"Vampires","player_choice":"Ignored","floor":21.0,"gold_loss":0.0,"damage_taken":0.0},{"damage_healed":0.0,"max_hp_gain":0.0,"max_hp_loss":0.0,"gold_gain":0.0,"event_name":"Cursed Tome","player_choice":"Ignored","floor":22.0,"gold_loss":0.0,"damage_taken":0.0},{"damage_healed":0.0,"max_hp_gain":5.0,"max_hp_loss":0.0,"gold_gain":0.0,"event_name":"Forgotten Altar","player_choice":"Shed Blood","floor":30.0,"gold_loss":0.0,"damage_taken":18.0},{"damage_healed":0.0,"max_hp_gain":0.0,"max_hp_loss":4.0,"gold_gain":0.0,"event_name":"Winding Halls","player_choice":"Max HP","floor":36.0,"gold_loss":0.0,"damage_taken":0.0},{"damage_healed":0.0,"max_hp_gain":0.0,"max_hp_loss":0.0,"gold_gain":0.0,"event_name":"Transmorgrifier","player_choice":"Ignored","floor":37.0,"gold_loss":0.0,"damage_taken":0.0},{"damage_healed":0.0,"max_hp_gain":0.0,"max_hp_loss":0.0,"gold_gain":0.0,"event_name":"Mysterious Sphere","player_choice":"Fight","floor":46.0,"gold_loss":0.0,"damage_taken":0.0},{"damage_healed":0.0,"max_hp_gain":0.0,"max_hp_loss":0.0,"gold_gain":0.0,"event_name":"MindBloom","player_choice":"Fight","floor":48.0,"gold_loss":0.0,"damage_taken":0.0}],"is_beta":false,"boss_relics":[{"not_picked":["White Beast Statue","Empty Cage"],"picked":"Fusion Hammer"},{"not_picked":["Pandora\u0027s Box","Calling Bell"],"picked":"Coffee Dripper"}],"items_purged_floors":[20],"is_endless":false,"potions_floor_spawned":[4,6,10,11,14,16,18,19,39,41,45,46,48,54],"killed_by":"The Heart","ascension_level":0}