{"gold_per_floor":[365,365,118,138,138,138,171,189,236,236,251,268,268,287,287,386,386,396,325,341,341,359,359,385,385,441,473,483,494,130,147,147,244,244,254,110,110,129,146,176,202,214,226,257,33,63,81,93,93,93],"floor_reached":51,"playtime":1802,"items_purged":[],"score":803,"play_id":"de7c9e0c-dfb7-49de-ab1b-2a032de1a684","local_time":"20181021141420","is_ascension_mode":false,"campfire_choices":[{"data":"Zap","floor":6.0,"key":"SMITH"},{"floor":10.0,"key":"REST"},{"data":"Dualcast","floor":15.0,"key":"SMITH"},{"floor":23.0,"key":"REST"},{"floor":32.0,"key":"REST"},{"data":"1","floor":42.0,"key":"LIFT"},{"floor":49,"key":"REST"}],"neow_cost":"TEN_PERCENT_HP_LOSS","seed_source_timestamp":37791140290400,"circlet_count":0,"master_deck":["Strike_B","Strike_B","Defend_B","Defend_B","Defend_B","Defend_B","Zap+1","Dualcast+1","Self Repair+1","Static Discharge+1","Buffer+1","Ball Lightning+1","Defragment+1","Auto Shields+1","Hologram+1","Steam","Defragment+1","Finesse","Leap+1","Echo Form+1","Defragment+1","Storm+1","Static Discharge+1","Defragment+1","Leap+1","Loop+1","BootSequence"],"special_seed":0,"relics":["Cracked Core","Frozen Egg 2","Regal Pillow","Vajra","Fusion Hammer","Lantern","Tiny Chest","Girya","TheAbacus","Empty Cage","Bag of Preparation","MawBank","The Courier","Thread and Needle","Shuriken"],"potions_floor_usage":[46,50,50],"damage_taken":[{"damage":1.0,"enemies":"Jaw Worm","floor":1.0,"turns":4.0},{"damage":6.0,"enemies":"2 Louse","floor":4.0,"turns":2.0},{"damage":28.0,"enemies":"Gremlin Nob","floor":7.0,"turns":4.0},{"damage":0.0,"enemies":"Cultist","floor":8.0,"turns":3.0},{"damage":8.0,"enemies":"Red Slaver","floor":11.0,"turns":3.0},{"damage":6.0,"enemies":"Blue Slaver","floor":12.0,"turns":4.0},{"damage":5.0,"enemies":"Large Slime","floor":14.0,"turns":5.0},{"damage":18.0,"enemies":"Slime Boss","floor":16.0,"turns":11.0},{"damage":0.0,"enemies":"Chosen","floor":18.0,"turns":7.0},{"damage":15.0,"enemies":"2 Thieves","floor":20.0,"turns":4.0},{"damage":16.0,"enemies":"Snake Plant","floor":22.0,"turns":2.0},{"damage":29.0,"enemies":"Book of Stabbing","floor":24.0,"turns":4.0},{"damage":41.0,"enemies":"Slavers","floor":27.0,"turns":5.0},{"damage":7.0,"enemies":"Shelled Parasite and Fungi","floor":28.0,"turns":6.0},{"damage":4.0,"enemies":"Cultist and Chosen","floor":29.0,"turns":6.0},{"damage":11.0,"enemies":"Snake Plant","floor":31.0,"turns":4.0},{"damage":26.0,"enemies":"Champ","floor":33.0,"turns":13.0},{"damage":0.0,"enemies":"Orb Walker","floor":35.0,"turns":5.0},{"damage":5.0,"enemies":"3 Shapes","floor":38.0,"turns":5.0},{"damage":0.0,"enemies":"Transient","floor":39.0,"turns":5.0},{"damage":18.0,"enemies":"Nemesis","floor":40.0,"turns":7.0},{"damage":0.0,"enemies":"Maw","floor":41.0,"turns":6.0},{"damage":14,"enemies":"Writhing Mass","floor":44,"turns":4},{"damage":21,"enemies":"Reptomancer","floor":46,"turns":4},{"damage":17,"enemies":"Jaw Worm Horde","floor":47,"turns":4},{"damage":1,"enemies":"Sphere and 2 Shapes","floor":48,"turns":4},{"damage":22,"enemies":"Time Eater","floor":50,"turns":6}],"seed_played":"545721257235960387","potions_obtained":[{"floor":4.0,"key":"Regen Potion"},{"floor":8.0,"key":"Ancient Potion"},{"floor":12.0,"key":"LiquidBronze"},{"floor":22.0,"key":"LiquidBronze"},{"floor":24.0,"key":"SkillPotion"},{"floor":25.0,"key":"Regen Potion"},{"floor":28.0,"key":"LiquidBronze"},{"floor":38.0,"key":"Weak Potion"},{"floor":44,"key":"Block Potion"},{"floor":48,"key":"FearPotion"}],"is_trial":false,"path_per_floor":["M","?","$","M","$","R","E","M","T","R","M","M","$","M","R","B",null,"M","$","M","?","M","R","E","?","T","E","M","M","$","M","R","B",null,"M","$","?","M","M","E","M","R","T","M","$","E","M","M","R","B"],"character_chosen":"DEFECT","items_purchased":["Frozen Egg 2","Defragment+1","Defragment+1","TheAbacus","Finesse","Bag of Preparation","Thread and Needle"],"campfire_rested":4,"item_purchase_floors":[3,19,30,30,30,36,45],"current_hp_per_floor":[67,67,67,61,61,61,33,33,33,68,60,64,64,68,68,60,68,68,68,63,51,35,71,52,52,52,35,38,44,44,43,73,57,73,73,73,66,71,73,65,73,73,73,59,59,48,31,50,73,70],"gold":93,"neow_bonus":"TWO_FIFTY_GOLD","is_prod":false,"is_daily":false,"chose_seed":false,"campfire_upgraded":2,"win_rate":0,"timestamp":1540120460,"path_taken":["M","?","$","M","?","R","E","?","T","R","M","M","$","M","R","BOSS","M","$","M","?","M","R","E","?","T","E","M","M","$","M","R","BOSS","M","$","?","?","M","E","M","R","T","M","$","E","M","M","R","BOSS"],"build_version":"2018-10-18","purchased_purges":0,"victory":true,"max_hp_per_floor":[68,68,68,68,68,68,68,68,68,68,68,68,68,68,68,68,68,68,68,68,73,73,73,73,73,73,73,73,73,73,73,73,73,73,73,73,73,73,73,73,73,73,73,73,73,73,73,73,73,73],"card_choices":[{"not_picked":["Barrage","Turbo","Sweeping Beam"],"picked":"SKIP","floor":1.0},{"not_picked":["Hologram","Coolheaded","Barrage"],"picked":"SKIP","floor":4.0},{"not_picked":["Redo","Chaos","Beam Cell"],"picked":"SKIP","floor":7.0},{"not_picked":["Meteor Strike","Capacitor+1","Streamline"],"picked":"SKIP","floor":8.0},{"not_picked":["Leap","Sunder"],"picked":"Self Repair+1","floor":11.0},{"not_picked":["Self Repair+1","Melter"],"picked":"Static Discharge+1","floor":12.0},{"not_picked":["Redo","Amplify","Gash"],"picked":"SKIP","floor":14.0},{"not_picked":["Seek","Thunder Strike"],"picked":"Buffer+1","floor":16.0},{"not_picked":["Hologram","Go for the Eyes"],"picked":"Ball Lightning+1","floor":18.0},{"not_picked":["Gash","Heatsinks+1"],"picked":"Auto Shields+1","floor":20.0},{"not_picked":["Turbo+1","Gash+1","Redo"],"picked":"SKIP","floor":22.0},{"not_picked":["Ball Lightning","Double Energy+1"],"picked":"Hologram+1","floor":24.0},{"not_picked":["Chill","Thunder Strike","Beam Cell+1"],"picked":"SKIP","floor":27.0},{"not_picked":["Leap","Rebound"],"picked":"Steam","floor":28.0},{"not_picked":["Steam","Hologram","Hello World+1"],"picked":"SKIP","floor":29.0},{"not_picked":["Go for the Eyes","Biased Cognition+1"],"picked":"Leap+1","floor":31.0},{"not_picked":["Reboot","All For One"],"picked":"Echo Form+1","floor":33.0},{"not_picked":["Redo","Skim"],"picked":"Defragment+1","floor":35.0},{"not_picked":["Scrape","Ball Lightning"],"picked":"Storm+1","floor":38.0},{"not_picked":["Conserve Battery","Beam Cell"],"picked":"Static Discharge+1","floor":39.0},{"not_picked":["Coolheaded","Hello World+1"],"picked":"Defragment+1","floor":40.0},{"not_picked":["Hyperbeam","Gash+1"],"picked":"Leap+1","floor":41.0},{"not_picked":["Blizzard","Steam+1"],"picked":"Loop+1","floor":44},{"not_picked":["Steam","Barrage","White Noise"],"picked":"SKIP","floor":46},{"not_picked":["FTL+1","Glacier+1","Gash"],"picked":"SKIP","floor":47},{"not_picked":["Sweeping Beam","Self Repair+1"],"picked":"BootSequence","floor":48}],"player_experience":417509,"relics_obtained":[{"floor":7.0,"key":"Regal Pillow"},{"floor":9.0,"key":"Vajra"},{"floor":24.0,"key":"Lantern"},{"floor":26.0,"key":"Tiny Chest"},{"floor":27.0,"key":"Girya"},{"floor":40.0,"key":"MawBank"},{"floor":43.0,"key":"The Courier"},{"floor":46,"key":"Shuriken"}],"event_choices":[{"damage_healed":0.0,"max_hp_gain":0.0,"max_hp_loss":0.0,"gold_gain":0.0,"event_name":"Golden Wing","player_choice":"Ignored","floor":2.0,"gold_loss":0.0,"damage_taken":0.0},{"damage_healed":0.0,"max_hp_gain":5.0,"max_hp_loss":0.0,"gold_gain":0.0,"event_name":"Forgotten Altar","player_choice":"Shed Blood","floor":21.0,"gold_loss":0.0,"damage_taken":17.0},{"damage_healed":0.0,"max_hp_gain":0.0,"max_hp_loss":0.0,"gold_gain":0.0,"event_name":"The Lab","player_choice":"Got Potions","floor":25.0,"gold_loss":0.0,"damage_taken":0.0},{"damage_healed":0.0,"max_hp_gain":0.0,"max_hp_loss":0.0,"gold_gain":0.0,"event_name":"Wheel of Change","player_choice":"Damaged","floor":37.0,"gold_loss":0.0,"damage_taken":7.0}],"is_beta":false,"boss_relics":[{"not_picked":["Runic Dome","Calling Bell"],"picked":"Fusion Hammer"},{"not_picked":["Coffee Dripper","Velvet Choker"],"picked":"Empty Cage"}],"items_purged_floors":[],"is_endless":false,"potions_floor_spawned":[4,8,12,14,22,24,28,31,35,38,44,48],"ascension_level":0}