{"path_per_floor":["M","M","M","M","M","R","?","M","T","?","R","M","R","?","R","B",null,"M","$","M","?","?","R","M","M","T","$","?","M","R","M","R","B",null,"M","M","?"],"character_chosen":"THE_SILENT","items_purchased":["Noxious Fumes","War Paint","Finesse"],"gold_per_floor":[19,37,51,64,76,76,76,88,141,141,141,158,158,158,158,258,258,276,47,64,64,64,64,83,97,175,10,10,26,26,39,39,139,139,158,174,174],"floor_reached":38,"campfire_rested":2,"playtime":3903,"current_hp_per_floor":[68,67,67,57,53,53,53,53,53,39,39,39,60,60,60,45,70,48,48,39,39,39,47,19,24,24,24,24,10,18,11,35,3,49,45,44,34],"items_purged":["Bite_G"],"gold":174,"play_id":"0a7282e8-8b3f-4852-b6df-d1ee05975843","is_prod":false,"is_daily":false,"campfire_rituals":0,"campfire_upgraded":5,"is_hardmode":false,"path_taken":["M","M","?","M","M","R","?","M","T","?","R","M","R","?","R","BOSS","M","$","M","?","?","R","M","M","T","$","?","?","R","M","R","BOSS","M","M","?","M"],"build_version":"2018-01-18-PROD4","purchased_purges":1,"victory":false,"master_deck":["Defend_G","Defend_G","Defend_G","Defend_G","Survivor","Neutralize","Finisher","Accuracy","Glass Knife","Prepared","Noxious Fumes","Storm of Steel","Acrobatics","Escape Plan","Envenom","Backflip","Noxious Fumes","Cloak And Dagger","Bite_G","Bite_G","Bite_G","Cloak And Dagger","Infinite Blades","Finesse","Cloak And Dagger","After Image","Well Laid Plans","Madness","Madness"],"max_hp_per_floor":[70,70,70,70,70,70,70,70,70,70,70,70,70,70,70,70,70,70,70,70,49,49,49,49,49,49,49,49,49,49,49,49,49,49,49,49,49],"relics":["Ring of the Snake","Bronze Scales","Eternal Feather","War Paint","Bottled Flame","Cursed Key"],"campfire_meditates":0,"card_choices":[{"not_picked":["Deflect","Sucker Punch"],"picked":"Glass Knife"},{"not_picked":["Bane","Flechettes"],"picked":"Prepared"},{"not_picked":["Dagger Spray","Quick Slash"],"picked":"Noxious Fumes"},{"not_picked":["Underhanded Strike","Outmaneuver"],"picked":"Storm of Steel"},{"not_picked":["Outmaneuver","Prepared"],"picked":"Acrobatics"},{"not_picked":["Sucker Punch","Slice"],"picked":"Escape Plan"},{"not_picked":["Tactician","Storm of Steel"],"picked":"Envenom"},{"not_picked":["Quick Slash","Flying Knee"],"picked":"Backflip"},{"not_picked":["Dagger Throw","Outmaneuver"],"picked":"Cloak And Dagger"},{"not_picked":["Prepared","Burst"],"picked":"Cloak And Dagger"},{"not_picked":["Backflip","Bane"],"picked":"Infinite Blades"},{"not_picked":["Acrobatics","Sucker Punch"],"picked":"Cloak And Dagger"},{"not_picked":["Tactician","Die Die Die"],"picked":"After Image"},{"not_picked":["Blur","Backflip"],"picked":"Well Laid Plans"}],"player_experience":80293,"potions_floor_usage":[12,16,18,24,25,33,38],"damage_taken":[{"damage":2,"enemies":"Blue Slaver","floor":1,"turns":6},{"damage":1,"enemies":"Jaw Worm","floor":2,"turns":4},{"damage":0,"enemies":"Cultist","floor":3,"turns":2},{"damage":10,"enemies":"Looter","floor":4,"turns":2},{"damage":4,"enemies":"Exordium Wildlife","floor":5,"turns":4},{"damage":0,"enemies":"3 Louse","floor":8,"turns":4},{"damage":0,"enemies":"2 Fungi Beasts","floor":12,"turns":1},{"damage":30,"enemies":"Slime Boss","floor":16,"turns":10},{"damage":22,"enemies":"2 Thieves","floor":18,"turns":4},{"damage":9,"enemies":"Spheric Guardian","floor":20,"turns":7},{"damage":32,"enemies":"Chosen and Byrds","floor":24,"turns":5},{"damage":16,"enemies":"Centurion and Healer","floor":25,"turns":5},{"damage":14,"enemies":"Snake Plant","floor":29,"turns":4},{"damage":11,"enemies":"3 Cultists","floor":31,"turns":5},{"damage":40,"enemies":"Automaton","floor":33,"turns":9},{"damage":8,"enemies":"3 Shapes","floor":35,"turns":5},{"damage":3,"enemies":"Orb Walker","floor":36,"turns":3},{"damage":46,"enemies":"3 Darklings","floor":38,"turns":2}],"event_choices":[{"event_name":"Purifier","player_choice":"One Purge","floor":7,"damage_taken":0},{"event_name":"Shining Light","player_choice":"Entered Light","floor":10,"damage_taken":0},{"event_name":"The Cleric","player_choice":"Leave","floor":14,"damage_taken":0},{"event_name":"Vampires","player_choice":"Became a vampire","floor":21,"damage_taken":0},{"event_name":"Back to Basics","player_choice":"Elegance","floor":22,"damage_taken":0},{"event_name":"Beggar","player_choice":"Ignored","floor":28,"damage_taken":0},{"event_name":"Winding Halls","player_choice":"Embrace Madness","floor":37,"damage_taken":0}],"boss_relics":[{"not_picked":["Tiny House","Philosopher\u0027s Stone"],"picked":"Eternal Feather"},{"not_picked":["Lizard Tail","Question Card"],"picked":"Cursed Key"}],"potions_floor_spawned":[2,3,5,12,18,24,29,33,36],"seed_played":"-1813603843332793217","killed_by":"3 Darklings","is_trial":false}