{"gold_per_floor":[119,131,131,7,18,51,51,69,123,123,141,141,216,228,228,332,332,349,366,41,57,72,72,131,148,172,172,172,271,74,99,99,202,202,220,240,161,161,176,176,206,206,206,219,232,77,131,54,54,54],"floor_reached":51,"playtime":2171,"items_purged":[],"score":772,"play_id":"caafb218-7761-4e26-a751-3441b599645d","local_time":"20181112175441","is_ascension_mode":false,"campfire_choices":[{"data":"Self Repair","floor":7.0,"key":"SMITH"},{"data":"Chill","floor":10.0,"key":"SMITH"},{"data":"Defragment","floor":12.0,"key":"SMITH"},{"floor":15.0,"key":"REST"},{"data":"Machine Learning","floor":23.0,"key":"SMITH"},{"data":"Hologram","floor":27.0,"key":"SMITH"},{"data":"Defragment","floor":32.0,"key":"SMITH"},{"data":"Coolheaded","floor":40.0,"key":"SMITH"},{"data":"Go for the Eyes","floor":42.0,"key":"SMITH"},{"data":"1","floor":49,"key":"LIFT"}],"neow_cost":"NONE","seed_source_timestamp":372238083514334,"circlet_count":0,"master_deck":["Strike_B","Strike_B","Strike_B","Strike_B","Defend_B","Defend_B","Defend_B","Defend_B","Zap+1","Dualcast","Defragment+1","Self Repair+1","Gash","Conserve Battery","Chill+1","Cold Snap","Go for the Eyes+1","Hologram+1","Cold Snap","Hologram+1","Machine Learning+1","Force Field","Rebound+1","Reboot+1","Gash","Defragment+1","Coolheaded+1","Auto Shields","Undo","Gash+1","Beam Cell","Barrage","Loop"],"special_seed":0,"relics":["Cracked Core","Mercury Hourglass","Vajra","Coffee Dripper","Dodecahedron","Tiny Chest","Omamori","Red Mask","Sozu","Bottled Tornado","Bottled Lightning","Oddly Smooth Stone","Girya"],"potions_floor_usage":[50,50,50],"damage_taken":[{"damage":7.0,"enemies":"Small Slimes","floor":1.0,"turns":3.0},{"damage":3.0,"enemies":"Jaw Worm","floor":2.0,"turns":3.0},{"damage":7.0,"enemies":"2 Louse","floor":5.0,"turns":2.0},{"damage":34.0,"enemies":"Lagavulin","floor":6.0,"turns":8.0},{"damage":7.0,"enemies":"Looter","floor":8.0,"turns":4.0},{"damage":0.0,"enemies":"3 Louse","floor":11.0,"turns":3.0},{"damage":9.0,"enemies":"Red Slaver","floor":14.0,"turns":2.0},{"damage":14.0,"enemies":"Slime Boss","floor":16.0,"turns":7.0},{"damage":0.0,"enemies":"3 Byrds","floor":18.0,"turns":5.0},{"damage":10.0,"enemies":"Shell Parasite","floor":19.0,"turns":7.0},{"damage":0.0,"enemies":"Centurion and Healer","floor":21.0,"turns":9.0},{"damage":0.0,"enemies":"3 Cultists","floor":22.0,"turns":5.0},{"damage":0.0,"enemies":"Book of Stabbing","floor":24.0,"turns":6.0},{"damage":8.0,"enemies":"Snake Plant","floor":25.0,"turns":6.0},{"damage":5.0,"enemies":"Masked Bandits","floor":31.0,"turns":4.0},{"damage":3.0,"enemies":"Champ","floor":33.0,"turns":16.0},{"damage":4.0,"enemies":"Orb Walker","floor":35.0,"turns":4.0},{"damage":2.0,"enemies":"3 Darklings","floor":36.0,"turns":7.0},{"damage":1.0,"enemies":"Jaw Worm Horde","floor":39.0,"turns":5.0},{"damage":1.0,"enemies":"Nemesis","floor":41.0,"turns":9.0},{"damage":5.0,"enemies":"Maw","floor":44.0,"turns":8.0},{"damage":2.0,"enemies":"3 Darklings","floor":45.0,"turns":5.0},{"damage":18.0,"enemies":"2 Orb Walkers","floor":47.0,"turns":6.0},{"damage":0,"enemies":"Time Eater","floor":50,"turns":13}],"seed_played":"3012660415263285293","potions_obtained":[{"floor":2.0,"key":"FearPotion"},{"floor":11.0,"key":"Swift Potion"},{"floor":16.0,"key":"EssenceOfSteel"},{"floor":18.0,"key":"Dexterity Potion"},{"floor":24.0,"key":"Strength Potion"}],"is_trial":false,"path_per_floor":["M","M","?","$","M","E","R","M","T","R","M","R","?","M","R","B",null,"M","M","$","M","M","R","E","M","T","R","?","?","$","?","R","B",null,"M","M","$","?","M","R","E","R","T","M","M","$","?","$","R","B",null],"character_chosen":"DEFECT","items_purchased":["Self Repair","Gash","Dodecahedron","Machine Learning","Reboot","Gash","Defragment","Undo","Oddly Smooth Stone","Loop"],"campfire_rested":1,"item_purchase_floors":[4,4,20,20,30,30,30,37,46,48],"current_hp_per_floor":[68,65,65,65,65,38,38,41,41,41,41,41,30,21,43,39,75,75,75,75,75,75,75,75,75,75,75,75,75,75,75,75,75,75,75,75,75,75,75,75,75,75,75,75,75,75,67,67,67,75],"gold":54,"neow_bonus":"UPGRADE_CARD","is_prod":false,"is_daily":false,"chose_seed":false,"campfire_upgraded":8,"win_rate":0,"timestamp":1542038081,"path_taken":["M","M","?","$","M","E","R","M","T","R","M","R","?","M","R","BOSS","M","M","$","M","M","R","E","M","T","R","?","?","$","?","R","BOSS","M","M","$","?","M","R","E","R","T","M","?","$","?","?","R","BOSS"],"build_version":"2018-11-08","purchased_purges":0,"victory":true,"max_hp_per_floor":[75,75,75,75,75,75,75,75,75,75,75,75,75,75,75,75,75,75,75,75,75,75,75,75,75,75,75,75,75,75,75,75,75,75,75,75,75,75,75,75,75,75,75,75,75,75,75,75,75,75],"card_choices":[{"not_picked":["Compile Driver","Streamline"],"picked":"Defragment","floor":1.0},{"not_picked":["Steam","Cold Snap","Coolheaded"],"picked":"SKIP","floor":2.0},{"not_picked":["Stack","Static Discharge"],"picked":"Conserve Battery","floor":5.0},{"not_picked":["Capacitor","Rebound"],"picked":"Chill","floor":6.0},{"not_picked":["Reprogram","Streamline"],"picked":"Cold Snap","floor":8.0},{"not_picked":["Melter","Steam"],"picked":"Go for the Eyes","floor":11.0},{"not_picked":["Steam Power","FTL"],"picked":"Hologram","floor":14.0},{"not_picked":["Barrage","Stack"],"picked":"Cold Snap","floor":18.0},{"not_picked":["Blizzard","Cold Snap+1"],"picked":"Hologram+1","floor":19.0},{"not_picked":["Chill","Steam Power","Steam"],"picked":"SKIP","floor":21.0},{"not_picked":["Conserve Battery","Turbo","Storm"],"picked":"SKIP","floor":22.0},{"not_picked":["Steam","Streamline+1"],"picked":"Force Field","floor":24.0},{"not_picked":["Barrage","Beam Cell"],"picked":"Rebound+1","floor":25.0},{"not_picked":["Stack","Blizzard"],"picked":"Coolheaded","floor":31.0},{"not_picked":["Ball Lightning+1","Beam Cell+1"],"picked":"Auto Shields","floor":35.0},{"not_picked":["Sunder","Streamline+1","Turbo"],"picked":"SKIP","floor":36.0},{"not_picked":["Storm+1","Steam"],"picked":"Gash+1","floor":39.0},{"not_picked":["Beam Cell+1","Streamline+1","Chill+1"],"picked":"SKIP","floor":41.0},{"not_picked":["Streamline+1","Steam"],"picked":"Beam Cell","floor":44.0},{"not_picked":["Meteor Strike","Steam Power+1"],"picked":"Barrage","floor":45.0}],"player_experience":461429,"relics_obtained":[{"floor":6.0,"key":"Mercury Hourglass"},{"floor":9.0,"key":"Vajra"},{"floor":24.0,"key":"Tiny Chest"},{"floor":26.0,"key":"Omamori"},{"floor":31.0,"key":"Red Mask"},{"floor":41.0,"key":"Bottled Tornado"},{"floor":43.0,"key":"Bottled Lightning"},{"floor":47.0,"key":"Girya"}],"event_choices":[{"damage_healed":0.0,"max_hp_gain":0.0,"max_hp_loss":0.0,"gold_gain":0.0,"event_name":"The Cleric","player_choice":"Leave","floor":3.0,"gold_loss":0.0,"damage_taken":0.0},{"damage_healed":0.0,"max_hp_gain":0.0,"max_hp_loss":0.0,"gold_gain":75.0,"event_name":"World of Goop","player_choice":"Gather Gold","floor":13.0,"gold_loss":0.0,"damage_taken":11.0},{"damage_healed":0.0,"max_hp_gain":0.0,"max_hp_loss":0.0,"gold_gain":99.0,"event_name":"Nest","player_choice":"Stole From Cult","floor":29.0,"gold_loss":0.0,"damage_taken":0.0},{"damage_healed":0.0,"max_hp_gain":0.0,"max_hp_loss":0.0,"gold_gain":0.0,"event_name":"Masked Bandits","player_choice":"Fought Bandits","floor":31.0,"gold_loss":0.0,"damage_taken":0.0},{"damage_healed":0.0,"max_hp_gain":0.0,"max_hp_loss":0.0,"gold_gain":0.0,"event_name":"Upgrade Shrine","player_choice":"Upgraded","floor":38.0,"gold_loss":0.0,"damage_taken":0.0,"cards_upgraded":["Reboot"]},{"damage_healed":0.0,"max_hp_gain":0.0,"max_hp_loss":0.0,"gold_gain":0.0,"event_name":"Mysterious Sphere","player_choice":"Fight","floor":47.0,"gold_loss":0.0,"damage_taken":0.0}],"is_beta":false,"boss_relics":[{"not_picked":["Empty Cage","Snecko Eye"],"picked":"Coffee Dripper"},{"not_picked":["Calling Bell","Nuclear Battery"],"picked":"Sozu"}],"items_purged_floors":[],"is_endless":false,"potions_floor_spawned":[2,11,16,18,21,24,36,41,44,45,47],"ascension_level":0}