{"path_per_floor":["M","M","$","M","?","$","R","E","T","$","?","M","M","M","R","B",null,"M","$","M","?","M","E","$","M","T","E","R","M","M","M","R","B",null,"M","M","M","M","$","R","M","R","T","$","R","M","M","$","R","B"],"character_chosen":"DEFECT","items_purchased":["Redo","Doom and Gloom","Apotheosis","Lantern","Ball Lightning","Reinforced Body","Storm","Mummified Hand","Static Discharge"],"gold_per_floor":[115,133,19,32,282,3,3,30,30,30,30,46,67,87,87,217,217,240,45,63,99,124,163,83,108,132,166,166,187,210,234,234,363,363,381,404,429,452,370,370,393,393,393,393,393,407,430,150,150,150],"floor_reached":51,"campfire_rested":2,"playtime":2611,"item_purchase_floors":[],"current_hp_per_floor":[75,74,74,74,74,74,74,54,54,54,54,50,45,43,43,18,69,69,69,61,55,39,39,39,40,40,39,39,36,38,29,49,18,69,66,67,69,60,60,60,50,50,50,50,50,57,46,46,66,53],"items_purged":["Regret"],"gold":150,"score":770,"play_id":"bbc88ddb-4376-4226-bf51-1c43ca01eae1","local_time":"20180611025416","is_prod":false,"is_daily":false,"chose_seed":false,"is_ascension_mode":false,"campfire_upgraded":6,"win_rate":0,"timestamp":1528674856,"campfire_choices":[{"data":"Apotheosis","floor":7.0,"key":"SMITH"},{"data":"Static Discharge","floor":15.0,"key":"SMITH"},{"data":"Defragment","floor":28.0,"key":"SMITH"},{"floor":32.0,"key":"REST"},{"data":"Storm","floor":40.0,"key":"SMITH"},{"data":"Echo Form","floor":42.0,"key":"SMITH"},{"data":"Machine Learning","floor":45.0,"key":"SMITH"},{"floor":49,"key":"REST"}],"path_taken":["M","?","$","M","?","$","R","E","T","$","?","M","M","M","R","BOSS","M","$","M","?","?","E","$","M","T","E","R","M","M","M","R","BOSS","M","M","M","M","$","R","?","R","T","$","R","?","M","$","R","BOSS"],"build_version":"2018-06-07v3","seed_source_timestamp":780098255347775,"purchased_purges":1,"victory":true,"master_deck":["Strike_B","Defend_B","Defend_B","Defend_B","Defend_B","Zap","Dualcast","Doom and Gloom","Conserve Battery","Redo","Doom and Gloom","Loop","Apotheosis+1","Tempest+1","Static Discharge+1","Coolheaded","Redo+1","FTL+1","Meteor Strike+1","Fusion","Ball Lightning","Glacier+1","Conserve Battery+1","Machine Learning+1","Self Repair","Reinforced Body","Defragment+1","Static Discharge","Reinforced Body","Conserve Battery","Leap","Stack","Echo Form+1","White Noise","Ball Lightning+1","Reinforced Body","Storm+1","White Noise+1","Loop","Static Discharge"],"max_hp_per_floor":[75,75,75,75,75,75,75,75,75,75,69,69,69,69,69,69,69,69,69,69,69,69,69,69,69,69,69,69,69,69,69,69,69,69,69,69,69,69,69,69,69,69,69,69,69,69,69,69,69,69],"relics":["Nuclear Battery","Sundial","Question Card","Golden Idol","Astrolabe","Lantern","Red Mask","War Paint","Dream Catcher","Potion Belt","Inserter","Torii","Mummified Hand"],"card_choices":[{"not_picked":["Ball Lightning","Aggregate"],"picked":"Doom and Gloom","floor":1.0},{"not_picked":["Hologram","Compile Driver"],"picked":"Conserve Battery","floor":2.0},{"not_picked":["Reinforced Body","Turbo"],"picked":"Loop","floor":4.0},{"not_picked":["Streamline","Sweeping Beam"],"picked":"Tempest","floor":8.0},{"not_picked":["Gash","Rip and Tear","Compile Driver"],"picked":"Static Discharge","floor":12.0},{"not_picked":["Barrage","Compile Driver","Fusion","Rebound"],"picked":"SKIP","floor":13.0},{"not_picked":["Rebound","Barrage","Lockon"],"picked":"Coolheaded","floor":14.0},{"not_picked":["Reprogram+1","Beam Cell+1","Conserve Battery"],"picked":"Fusion","floor":18.0},{"not_picked":["Hello World","Hologram","Undo"],"picked":"Glacier","floor":20.0},{"not_picked":["Sweeping Beam+1","Self Repair+1","Cold Snap"],"picked":"Conserve Battery+1","floor":21.0},{"not_picked":["Blizzard","Cold Snap","Streamline"],"picked":"Machine Learning","floor":22.0},{"not_picked":["Streamline+1","Cold Snap","Rebound"],"picked":"Self Repair","floor":23.0},{"not_picked":["Melter+1","Auto Shields+1","Fusion+1"],"picked":"Defragment","floor":25.0},{"not_picked":["Ball Lightning","Auto Shields+1","Self Repair"],"picked":"Static Discharge","floor":27.0},{"not_picked":["Rebound","Go for the Eyes+1","Gash+1"],"picked":"Reinforced Body","floor":29.0},{"not_picked":["Barrage","Tempest+1","Capacitor+1"],"picked":"Conserve Battery","floor":30.0},{"not_picked":["Turbo","Storm","Redo"],"picked":"Leap","floor":31.0},{"not_picked":["Melter+1","Cold Snap","Compile Driver"],"picked":"Stack","floor":32.0},{"not_picked":["Meteor Strike","All For One","Multi-Cast"],"picked":"Echo Form","floor":33.0},{"not_picked":["Double Energy","Barrage","Redo"],"picked":"White Noise","floor":35.0},{"not_picked":["Turbo","Compile Driver+1","Double Energy","Genetic Algorithm+1"],"picked":"SKIP","floor":36.0},{"not_picked":["Streamline","Leap","Conserve Battery"],"picked":"Ball Lightning+1","floor":37.0},{"not_picked":["Turbo+1","Steam","Leap"],"picked":"Reinforced Body","floor":38.0},{"not_picked":["Coolheaded","Ball Lightning+1","Barrage"],"picked":"White Noise+1","floor":41.0},{"not_picked":["Coolheaded+1","Compile Driver","Rip and Tear","Barrage"],"picked":"SKIP","floor":46.0},{"not_picked":["Core Surge","Barrage","Streamline"],"picked":"Loop","floor":47.0}],"player_experience":113286,"potions_floor_usage":[50,50,50],"damage_taken":[{"damage":0.0,"enemies":"Cultist","floor":1.0,"turns":4.0},{"damage":1.0,"enemies":"Jaw Worm","floor":2.0,"turns":3.0},{"damage":0.0,"enemies":"Small Slimes","floor":4.0,"turns":2.0},{"damage":20.0,"enemies":"Lagavulin","floor":8.0,"turns":4.0},{"damage":4.0,"enemies":"2 Fungi Beasts","floor":12.0,"turns":2.0},{"damage":5.0,"enemies":"Looter","floor":13.0,"turns":2.0},{"damage":2.0,"enemies":"Exordium Thugs","floor":14.0,"turns":4.0},{"damage":25.0,"enemies":"The Guardian","floor":16.0,"turns":8.0},{"damage":0.0,"enemies":"Shell Parasite","floor":18.0,"turns":3.0},{"damage":8.0,"enemies":"Spheric Guardian","floor":20.0,"turns":3.0},{"damage":6.0,"floor":21.0,"turns":3.0},{"damage":16.0,"enemies":"Snecko","floor":22.0,"turns":5.0},{"damage":0.0,"enemies":"Gremlin Leader","floor":23.0,"turns":7.0},{"damage":6.0,"enemies":"Snake Plant","floor":25.0,"turns":3.0},{"damage":11.0,"enemies":"Slavers","floor":27.0,"turns":5.0},{"damage":10.0,"enemies":"Chosen and Byrds","floor":29.0,"turns":8.0},{"damage":8.0,"enemies":"Centurion and Healer","floor":30.0,"turns":4.0},{"damage":16.0,"enemies":"Snake Plant","floor":31.0,"turns":4.0},{"damage":41.0,"enemies":"Champ","floor":33.0,"turns":15.0},{"damage":13.0,"enemies":"Orb Walker","floor":35.0,"turns":4.0},{"damage":6.0,"enemies":"3 Darklings","floor":36.0,"turns":5.0},{"damage":0.0,"enemies":"Maw","floor":37.0,"turns":9.0},{"damage":19.0,"enemies":"4 Shapes","floor":38.0,"turns":5.0},{"damage":10.0,"enemies":"3 Darklings","floor":41.0,"turns":6.0},{"damage":0.0,"enemies":"Maw","floor":46.0,"turns":7.0},{"damage":21.0,"enemies":"4 Shapes","floor":47.0,"turns":4.0},{"damage":23,"enemies":"Awakened One","floor":50,"turns":12}],"relics_obtained":[{"floor":8.0,"key":"Sundial"},{"floor":9.0,"key":"Question Card"},{"floor":21.0,"key":"Red Mask"},{"floor":23.0,"key":"War Paint"},{"floor":26.0,"key":"Dream Catcher"},{"floor":27.0,"key":"Potion Belt"},{"floor":43.0,"key":"Torii"}],"event_choices":[{"event_name":"Golden Shrine","player_choice":"Desecrate","floor":5.0,"damage_taken":0.0},{"event_name":"Golden Idol","player_choice":"Lose Max HP","floor":11.0,"damage_taken":0.0},{"event_name":"Masked Bandits","player_choice":"Fought over 63 gold","floor":21.0,"damage_taken":0.0}],"boss_relics":[{"not_picked":["Runic Dome","Pandora\u0027s Box"],"picked":"Astrolabe"},{"not_picked":["Orrery","Snecko Eye"],"picked":"Inserter"}],"items_purged_floors":[],"potions_floor_spawned":[1,2,13,16,18,20,21,25,29,30,36,38,46,47],"seed_played":"-421855946384245250","ascension_level":0,"potions_obtained":[{"floor":1.0,"key":"Weak Potion"},{"floor":2.0,"key":"LiquidBronze"},{"floor":13.0,"key":"Poison Potion"},{"floor":16.0,"key":"Energy Potion"},{"floor":20.0,"key":"Explosive Potion"},{"floor":21.0,"key":"EssenceOfSteel"},{"floor":29.0,"key":"Energy Potion"},{"floor":30.0,"key":"SteroidPotion"},{"floor":36.0,"key":"Poison Potion"},{"floor":38.0,"key":"Energy Potion"}],"is_trial":false}