{"gold_per_floor":[216,66,66,66,66,102,102,118,118,134,134,178,202,226,226,345,345,365,143,143,143,58,58,83,119,187,187,202,2,101,376,376,495,558,574,590,275,275,293,293,293,178,178,209,209,245,245,268,268,268],"floor_reached":51,"playtime":3871,"items_purged":["Strike_R","Strike_R"],"score":860,"play_id":"b57dede5-4df8-4010-8087-f39a00d417f0","local_time":"20190729220805","is_ascension_mode":true,"campfire_choices":[{"floor":7,"key":"REST"},{"data":"Injury","floor":15,"key":"PURGE"},{"floor":23,"key":"REST"},{"data":"Writhe","floor":27,"key":"PURGE"},{"data":"Regret","floor":32,"key":"PURGE"},{"data":"Demon Form","floor":40,"key":"SMITH"},{"floor":45,"key":"REST"},{"data":"Bludgeon","floor":47,"key":"SMITH"},{"data":"Barricade","floor":49,"key":"SMITH"}],"neow_cost":"NONE","seed_source_timestamp":2471713886300,"circlet_count":0,"master_deck":["Strike_R","Strike_R","Strike_R","Defend_R+1","Defend_R","Defend_R+1","Bash","Thunderclap","Fire Breathing","Immolate","Rage","Anger","Clothesline","Spot Weakness","Bludgeon+1","Armaments+1","Necronomicurse","Inflame+1","Shrug It Off+1","Demon Form+1","Wild Strike+1","Shrug It Off","Pommel Strike","Barricade+1","Clothesline+1"],"relics":["Burning Blood","PreservedInsect","Lantern","Golden Idol","Pantograph","Incense Burner","Gremlin Horn","GremlinMask","Peace Pipe","Busted Crown","Bronze Scales","Necronomicon","Art of War","Regal Pillow","Boot","Blue Candle","Membership Card","Tiny House","ClockworkSouvenir","Mummified Hand","Anchor","Dodecahedron","War Paint","Bag of Marbles"],"potions_floor_usage":[12,16,25,33,44,46,46,48],"damage_taken":[{"damage":13,"enemies":"Small Slimes","floor":1,"turns":3},{"damage":42,"enemies":"Lagavulin","floor":6,"turns":6},{"damage":7,"enemies":"Jaw Worm","floor":8,"turns":3},{"damage":2,"enemies":"Cultist","floor":10,"turns":4},{"damage":5,"enemies":"3 Sentries","floor":12,"turns":2},{"damage":7,"enemies":"Exordium Wildlife","floor":13,"turns":4},{"damage":0,"enemies":"Lots of Slimes","floor":14,"turns":3},{"damage":33,"enemies":"The Guardian","floor":16,"turns":9},{"damage":27,"enemies":"2 Thieves","floor":18,"turns":3},{"damage":6,"enemies":"3 Byrds","floor":24,"turns":3},{"damage":0,"enemies":"Gremlin Leader","floor":25,"turns":2},{"damage":18,"enemies":"Snake Plant","floor":28,"turns":3},{"damage":55,"enemies":"Automaton","floor":33,"turns":9},{"damage":0,"enemies":"3 Shapes","floor":35,"turns":3},{"damage":5,"enemies":"Orb Walker","floor":36,"turns":3},{"damage":13,"enemies":"Sphere and 2 Shapes","floor":39,"turns":3},{"damage":40,"enemies":"Nemesis","floor":44,"turns":5},{"damage":13,"enemies":"Giant Head","floor":46,"turns":6},{"damage":0,"enemies":"4 Shapes","floor":48,"turns":1},{"damage":59,"enemies":"Awakened One","floor":50,"turns":6}],"seed_played":"-358204415274648003","potions_obtained":[{"floor":6,"key":"FearPotion"},{"floor":8,"key":"Explosive Potion"},{"floor":13,"key":"SkillPotion"},{"floor":14,"key":"Swift Potion"},{"floor":28,"key":"FearPotion"},{"floor":33,"key":"SpeedPotion"},{"floor":34,"key":"Explosive Potion"},{"floor":46,"key":"Swift Potion"},{"floor":48,"key":"Explosive Potion"}],"is_trial":false,"path_per_floor":["M","$","?","?","T","E","R","M","T","M","?","E","M","M","R","B",null,"M","$","?","?","?","R","M","E","T","R","M","$","?","?","R","B",null,"M","M","$","?","M","R","?","$","T","E","R","E","R","M","R","B",null],"character_chosen":"IRONCLAD","items_purchased":["PreservedInsect","Bronze Scales","Membership Card","ClockworkSouvenir","Mummified Hand","Shrug It Off","Pommel Strike","Anchor","Barricade"],"campfire_rested":3,"item_purchase_floors":[2,19,29,37,37,37,37,42,42],"current_hp_per_floor":[73,73,61,61,61,25,49,48,48,52,52,53,52,58,58,53,80,59,59,43,43,43,80,80,80,80,80,68,68,68,68,68,31,85,85,85,85,85,78,78,78,78,78,44,84,77,77,83,83,32],"gold":268,"neow_bonus":"HUNDRED_GOLD","is_prod":false,"is_daily":false,"chose_seed":false,"campfire_upgraded":3,"win_rate":0,"timestamp":1564430885,"path_taken":["M","$","?","?","?","E","R","?","T","?","?","E","?","M","R","BOSS","M","$","?","?","?","R","M","E","T","R","?","?","?","?","R","BOSS","M","M","$","?","M","R","?","$","T","E","R","E","R","M","R","BOSS"],"build_version":"2019-07-17","purchased_purges":2,"victory":true,"max_hp_per_floor":[80,80,80,80,80,80,80,80,80,80,80,80,80,80,80,80,80,80,80,80,80,80,80,80,80,80,80,80,80,80,80,80,80,85,85,85,85,85,85,85,85,85,85,85,85,85,85,85,85,85],"card_choices":[{"not_picked":["Warcry","Twin Strike"],"picked":"Thunderclap","floor":1},{"not_picked":["Wild Strike","Shockwave"],"picked":"Fire Breathing","floor":6},{"not_picked":["Rupture","Headbutt"],"picked":"Immolate","floor":8},{"not_picked":["Headbutt","Perfected Strike"],"picked":"Rage","floor":10},{"not_picked":["Dark Embrace","Carnage"],"picked":"Anger","floor":12},{"not_picked":["Pommel Strike","True Grit"],"picked":"Clothesline","floor":13},{"not_picked":["Whirlwind","Clash"],"picked":"Spot Weakness","floor":14},{"not_picked":["Double Tap","Fiend Fire"],"picked":"Bludgeon","floor":16},{"not_picked":[],"picked":"Armaments+1","floor":18},{"not_picked":[],"picked":"Inflame+1","floor":24},{"not_picked":[],"picked":"Shrug It Off+1","floor":25},{"not_picked":["Wild Strike"],"picked":"SKIP","floor":28},{"not_picked":[],"picked":"Demon Form","floor":33},{"not_picked":[],"picked":"Wild Strike+1","floor":34},{"not_picked":["Evolve"],"picked":"SKIP","floor":35},{"not_picked":["Dual Wield"],"picked":"SKIP","floor":36},{"not_picked":["Warcry"],"picked":"SKIP","floor":39},{"not_picked":["Battle Trance"],"picked":"SKIP","floor":44},{"not_picked":["Berserk"],"picked":"SKIP","floor":46},{"not_picked":[],"picked":"Clothesline+1","floor":48}],"player_experience":191136,"relics_obtained":[{"floor":5,"key":"Pantograph"},{"floor":6,"key":"Incense Burner"},{"floor":9,"key":"Gremlin Horn"},{"floor":12,"key":"Peace Pipe"},{"floor":20,"key":"Necronomicon"},{"floor":25,"key":"Boot"},{"floor":26,"key":"Blue Candle"},{"floor":43,"key":"Dodecahedron"},{"floor":44,"key":"War Paint"},{"floor":46,"key":"Bag of Marbles"}],"event_choices":[{"damage_healed":0,"gold_gain":0,"player_choice":"Success","damage_taken":12,"relics_obtained":["Lantern"],"max_hp_gain":0,"max_hp_loss":0,"event_name":"Scrap Ooze","floor":3,"gold_loss":0},{"damage_healed":0,"gold_gain":0,"player_choice":"Take Wound","damage_taken":0,"relics_obtained":["Golden Idol"],"max_hp_gain":0,"max_hp_loss":0,"event_name":"Golden Idol","floor":4,"gold_loss":0,"cards_obtained":["Injury"]},{"damage_healed":0,"gold_gain":0,"player_choice":"Trade","damage_taken":0,"relics_obtained":["GremlinMask"],"max_hp_gain":0,"max_hp_loss":0,"event_name":"FaceTrader","floor":11,"gold_loss":0},{"damage_healed":0,"gold_gain":0,"player_choice":"Obtained Book","damage_taken":16,"max_hp_gain":0,"max_hp_loss":0,"event_name":"Cursed Tome","floor":20,"gold_loss":0},{"damage_healed":0,"gold_gain":0,"player_choice":"Opened","damage_taken":0,"relics_obtained":["Art of War"],"max_hp_gain":0,"max_hp_loss":0,"event_name":"The Mausoleum","floor":21,"gold_loss":0,"cards_obtained":["Writhe"]},{"damage_healed":0,"gold_gain":0,"player_choice":"Obtained Relic","damage_taken":0,"relics_obtained":["Regal Pillow"],"max_hp_gain":0,"max_hp_loss":0,"event_name":"Addict","floor":22,"gold_loss":85},{"damage_healed":0,"gold_gain":99,"player_choice":"Stole From Cult","damage_taken":0,"max_hp_gain":0,"max_hp_loss":0,"event_name":"Nest","floor":30,"gold_loss":0},{"damage_healed":0,"gold_gain":275,"player_choice":"Desecrate","damage_taken":0,"max_hp_gain":0,"max_hp_loss":0,"event_name":"Golden Shrine","floor":31,"gold_loss":0,"cards_obtained":["Regret"]},{"cards_removed":["Defend_R"],"damage_healed":0,"gold_gain":0,"player_choice":"Removed Skill","damage_taken":0,"max_hp_gain":0,"max_hp_loss":0,"event_name":"Falling","floor":38,"gold_loss":0},{"damage_healed":0,"gold_gain":0,"player_choice":"Bought 0 Potions","damage_taken":0,"max_hp_gain":0,"max_hp_loss":0,"event_name":"The Woman in Blue","floor":41,"gold_loss":0}],"is_beta":false,"boss_relics":[{"not_picked":["Fusion Hammer","Philosopher\u0027s Stone"],"picked":"Busted Crown"},{"not_picked":["Empty Cage","Sozu"],"picked":"Tiny House"}],"items_purged_floors":[19,37],"is_endless":false,"potions_floor_spawned":[6,8,13,14,28,33,39,46,48],"ascension_level":3}