{"gold_per_floor":[214,234,248,248,248,280,280,89,89,89,89,51,51,51,51,51],"floor_reached":16,"playtime":342,"items_purged":[],"score":96,"play_id":"e1694e39-bea0-4268-a139-21a41f6ab88c","local_time":"20190523065902","is_ascension_mode":false,"campfire_choices":[{"floor":11,"key":"REST"},{"data":"Metallicize","floor":13,"key":"SMITH"},{"data":"Inflame","floor":15,"key":"SMITH"}],"neow_cost":"NONE","seed_source_timestamp":10246096765700,"circlet_count":0,"master_deck":["Strike_R+1","Strike_R","Strike_R","Strike_R+1","Defend_R","Defend_R","Defend_R","Defend_R","Bash","Sword Boomerang","Sword Boomerang+1","Inflame+1","Metallicize+1"],"relics":["Burning Blood","Gremlin Horn","Orichalcum","Question Card","Ginger"],"potions_floor_usage":[6],"damage_taken":[{"damage":11,"enemies":"Jaw Worm","floor":1,"turns":4},{"damage":12,"enemies":"Small Slimes","floor":2,"turns":4},{"damage":7,"enemies":"2 Louse","floor":3,"turns":3},{"damage":44,"enemies":"Lagavulin","floor":6,"turns":8},{"damage":35,"enemies":"The Guardian","floor":16,"turns":8}],"seed_played":"1512823690610519604","potions_obtained":[{"floor":1,"key":"Weak Potion"}],"is_trial":false,"path_per_floor":["M","M","M","?","?","E","?","$","T","?","R","$","R","?","R","B"],"character_chosen":"IRONCLAD","items_purchased":["Inflame","Orichalcum","Metallicize"],"campfire_rested":1,"item_purchase_floors":[8,8,12],"current_hp_per_floor":[75,69,68,68,68,30,23,23,23,7,31,31,31,31,31,0],"gold":51,"neow_bonus":"HUNDRED_GOLD","is_prod":false,"is_daily":false,"chose_seed":false,"campfire_upgraded":2,"win_rate":0,"timestamp":1558583942,"path_taken":["M","M","M","?","?","E","?","$","T","?","R","$","R","?","R","BOSS"],"build_version":"2019-01-23","purchased_purges":0,"victory":false,"max_hp_per_floor":[80,80,80,80,80,80,80,80,80,80,80,80,80,80,80,80],"card_choices":[{"not_picked":["Heavy Blade","Twin Strike"],"picked":"Sword Boomerang","floor":1},{"not_picked":["Intimidate","Clash","Perfected Strike"],"picked":"SKIP","floor":2},{"not_picked":["Rampage","Twin Strike"],"picked":"Sword Boomerang","floor":3},{"not_picked":["Pommel Strike","Shockwave","Offering"],"picked":"SKIP","floor":6}],"player_experience":607199,"relics_obtained":[{"floor":6,"key":"Gremlin Horn"},{"floor":9,"key":"Question Card"}],"event_choices":[{"damage_healed":0,"gold_gain":0,"player_choice":"Leave","damage_taken":0,"max_hp_gain":0,"max_hp_loss":0,"event_name":"The Cleric","floor":4,"gold_loss":0},{"damage_healed":0,"gold_gain":0,"player_choice":"Grow","damage_taken":0,"max_hp_gain":0,"max_hp_loss":0,"event_name":"Living Wall","floor":5,"gold_loss":0,"cards_upgraded":["Sword Boomerang"]},{"cards_removed":["Strike_R"],"damage_healed":0,"gold_gain":0,"player_choice":"Card Removal","damage_taken":7,"max_hp_gain":0,"max_hp_loss":0,"event_name":"Golden Wing","floor":7,"gold_loss":0},{"damage_healed":0,"gold_gain":0,"player_choice":"Entered Light","damage_taken":16,"max_hp_gain":0,"max_hp_loss":0,"event_name":"Shining Light","floor":10,"gold_loss":0,"cards_upgraded":["Strike_R","Strike_R"]},{"damage_healed":0,"gold_gain":0,"player_choice":"Searched \u00271\u0027 times","damage_taken":0,"relics_obtained":["Ginger"],"max_hp_gain":0,"max_hp_loss":0,"event_name":"Dead Adventurer","floor":14,"gold_loss":0}],"is_beta":false,"boss_relics":[],"items_purged_floors":[],"is_endless":false,"potions_floor_spawned":[1],"killed_by":"The Guardian","ascension_level":0}