{"path_per_floor":["M","$","M","M","?","E","?","E","T","R","M","R","M","?","R","B",null,"M","M","M","$","M"],"character_chosen":"IRONCLAD","items_purchased":["Cleave","Shuriken"],"gold_per_floor":[115,69,87,103,103,128,128,163,210,210,224,224,235,235,235,335,335,346,361,371,114,124,124],"floor_reached":23,"campfire_rested":0,"playtime":581,"item_purchase_floors":[],"current_hp_per_floor":[80,80,80,80,80,50,50,42,42,42,42,42,46,46,46,29,80,66,51,36,36,12,0],"items_purged":[],"gold":124,"score":203,"play_id":"24f094be-281a-4123-88a8-d107dc778740","local_time":"20180615223832","is_prod":false,"is_daily":false,"chose_seed":false,"is_ascension_mode":false,"campfire_upgraded":3,"win_rate":0,"timestamp":1529091512,"campfire_choices":[{"data":"Battle Trance","floor":10.0,"key":"SMITH"},{"data":"Bash","floor":12,"key":"SMITH"},{"data":"Pommel Strike","floor":15,"key":"SMITH"}],"path_taken":["M","$","M","M","?","E","?","E","T","R","M","R","M","?","R","BOSS","M","M","M","$","M","E"],"build_version":"2018-06-14v2","seed_source_timestamp":19039722556997,"purchased_purges":0,"victory":false,"master_deck":["Strike_R+1","Strike_R+1","Strike_R","Strike_R","Strike_R","Defend_R","Defend_R","Defend_R","Bash+1","Perfected Strike+1","Cleave","Thunderclap","Battle Trance+1","Pommel Strike+1","Double Tap","Rampage","Perfected Strike","Perfected Strike"],"max_hp_per_floor":[80,80,80,80,80,80,80,80,80,80,80,80,80,80,80,80,80,80,80,80,80,80,80],"special_seed":0,"relics":["Burning Blood","Dodecahedron","Juzu Bracelet","Whetstone","Black Star","Shuriken"],"card_choices":[{"not_picked":["Pommel Strike","Armaments"],"picked":"Perfected Strike","floor":1.0},{"not_picked":["Clothesline","True Grit"],"picked":"Thunderclap","floor":3.0},{"not_picked":["Body Slam","Combust","Blood for Blood"],"picked":"SKIP","floor":4.0},{"not_picked":["Anger","Havoc","Cleave"],"picked":"SKIP","floor":6.0},{"not_picked":["Pommel Strike","Juggernaut"],"picked":"Battle Trance","floor":8.0},{"not_picked":["Sentinel","Anger","Flex"],"picked":"SKIP","floor":11},{"not_picked":["Body Slam","Reckless Charge"],"picked":"Pommel Strike","floor":13},{"not_picked":["Limit Break","Dark Embrace"],"picked":"Double Tap","floor":16},{"not_picked":["Shrug It Off+1","Heavy Blade"],"picked":"Rampage","floor":18},{"not_picked":["True Grit+1","Ghostly Armor"],"picked":"Perfected Strike","floor":19},{"not_picked":["Cleave","Anger","Iron Wave+1"],"picked":"SKIP","floor":20},{"not_picked":["Corruption","Bloodletting"],"picked":"Perfected Strike","floor":22}],"player_experience":136057,"potions_floor_usage":[23],"damage_taken":[{"damage":6.0,"enemies":"Jaw Worm","floor":1.0,"turns":3.0},{"damage":6.0,"enemies":"Cultist","floor":3.0,"turns":3.0},{"damage":5.0,"enemies":"2 Louse","floor":4.0,"turns":2.0},{"damage":36.0,"enemies":"Lagavulin","floor":6.0,"turns":4.0},{"damage":14.0,"enemies":"Gremlin Nob","floor":8.0,"turns":3.0},{"damage":6,"enemies":"2 Fungi Beasts","floor":11,"turns":2},{"damage":2,"enemies":"Large Slime","floor":13,"turns":5},{"damage":23,"enemies":"Slime Boss","floor":16,"turns":7},{"damage":20,"enemies":"2 Thieves","floor":18,"turns":3},{"damage":21,"enemies":"3 Byrds","floor":19,"turns":4},{"damage":21,"enemies":"3 Cultists","floor":20,"turns":4},{"damage":30,"enemies":"Sentry and Sphere","floor":22,"turns":4},{"damage":24,"enemies":"Book of Stabbing","floor":23,"turns":3}],"relics_obtained":[{"floor":6.0,"key":"Dodecahedron"},{"floor":8.0,"key":"Juzu Bracelet"},{"floor":9.0,"key":"Whetstone"}],"event_choices":[{"event_name":"Transmorgrifier","player_choice":"Skipped","floor":5.0,"damage_taken":0.0},{"event_name":"Living Wall","player_choice":"Grow","floor":7.0,"damage_taken":0.0},{"event_name":"Purifier","player_choice":"One Purge","floor":14,"damage_taken":0}],"boss_relics":[{"not_picked":["Tiny House","Eternal Feather"],"picked":"Black Star"}],"items_purged_floors":[],"is_endless":false,"potions_floor_spawned":[3,6,16,22],"seed_played":"-6065704182224034901","killed_by":"Book of Stabbing","ascension_level":0,"potions_obtained":[{"floor":3.0,"key":"Regen Potion"},{"floor":6.0,"key":"Regen Potion"}],"is_trial":false}