{"gold_per_floor":[114,129,404,81,96,111,126,141,141,156,186,186,201,19,19,119,169,184,199,124,4,4,34,49,49,49,49,49,64,79,6,6,106,106,121,136,148,0,27,79,121,133,145,172,8,23,23,23,23,23],"floor_reached":51,"playtime":4080,"items_purged":["Regret"],"score":776,"play_id":"ee1a2028-1534-4d59-80cb-50e10f51799e","local_time":"20190728233954","daily_mods":["Heirloom","Vintage","Terminal"],"is_ascension_mode":false,"campfire_choices":[{"data":"Rupture","floor":12,"key":"SMITH"},{"data":"Metallicize","floor":15,"key":"SMITH"},{"data":"Bludgeon","floor":25,"key":"SMITH"},{"data":"Metallicize","floor":27,"key":"SMITH"},{"data":"Inflame","floor":32,"key":"SMITH"},{"data":"Dark Embrace","floor":42,"key":"SMITH"},{"data":"Bash","floor":47,"key":"SMITH"},{"data":"Evolve","floor":49,"key":"SMITH"}],"neow_cost":"","seed_source_timestamp":1323365214594955,"circlet_count":0,"master_deck":["Strike_R+1","Strike_R+1","Strike_R+1","Strike_R+1","Strike_R+1","Defend_R+1","Bash+1","Offering+1","Rupture+1","Whirlwind+1","Dark Embrace+1","Metallicize+1","Dropkick","Intimidate","Bludgeon+1","Metallicize+1","Battle Trance","Inflame+1","Necronomicurse","Twin Strike+1","Rampage+1","Feed+1","Headbutt+1","Immolate+1","Evolve+1","Headbutt+1","Pommel Strike+1"],"special_seed":18106,"relics":["Burning Blood","Incense Burner","Thread and Needle","Mummified Hand","Centennial Puzzle","Orichalcum","Bag of Marbles","Red Skull","War Paint","Matryoshka","Darkstone Periapt","Self Forming Clay","Tiny House","Question Card","PreservedInsect","Necronomicon","Bronze Scales","Strawberry","Bag of Preparation","Molten Egg 2","Sundial","Ancient Tea Set","Empty Cage","Potion Belt","MawBank","Red Mask","Prayer Wheel","StoneCalendar","Anchor","Vajra","Mercury Hourglass","Omamori","Art of War"],"potions_floor_usage":[50,50],"damage_taken":[{"damage":1,"enemies":"Jaw Worm","floor":1,"turns":4},{"damage":0,"enemies":"Cultist","floor":2,"turns":3},{"damage":0,"enemies":"Small Slimes","floor":5,"turns":3},{"damage":3,"enemies":"3 Louse","floor":6,"turns":3},{"damage":2,"enemies":"Large Slime","floor":7,"turns":6},{"damage":0,"enemies":"Blue Slaver","floor":8,"turns":3},{"damage":6,"enemies":"Looter","floor":10,"turns":2},{"damage":6,"enemies":"3 Sentries","floor":11,"turns":6},{"damage":6,"enemies":"Exordium Wildlife","floor":13,"turns":3},{"damage":21,"enemies":"The Guardian","floor":16,"turns":11},{"damage":6,"enemies":"Chosen","floor":18,"turns":4},{"damage":6,"enemies":"Shell Parasite","floor":19,"turns":3},{"damage":0,"enemies":"Book of Stabbing","floor":23,"turns":3},{"damage":0,"enemies":"Snake Plant","floor":24,"turns":2},{"damage":6,"enemies":"Chosen and Byrds","floor":29,"turns":1},{"damage":6,"enemies":"Cultist and Chosen","floor":30,"turns":3},{"damage":17,"enemies":"Champ","floor":33,"turns":5},{"damage":6,"enemies":"3 Darklings","floor":35,"turns":4},{"damage":6,"enemies":"3 Shapes","floor":36,"turns":3},{"damage":20,"enemies":"Sphere and 2 Shapes","floor":39,"turns":4},{"damage":1,"enemies":"2 Orb Walkers","floor":40,"turns":4},{"damage":12,"enemies":"Giant Head","floor":41,"turns":7},{"damage":6,"enemies":"Maw","floor":44,"turns":3},{"damage":26,"enemies":"4 Shapes","floor":46,"turns":4},{"damage":45,"enemies":"Awakened One","floor":50,"turns":7}],"seed_played":"-1077660895192141243","potions_obtained":[{"floor":1,"key":"AttackPotion"},{"floor":7,"key":"SkillPotion"},{"floor":10,"key":"FearPotion"},{"floor":11,"key":"Strength Potion"},{"floor":18,"key":"Explosive Potion"},{"floor":29,"key":"SteroidPotion"},{"floor":35,"key":"SkillPotion"},{"floor":36,"key":"Swift Potion"},{"floor":44,"key":"PowerPotion"}],"is_trial":false,"path_per_floor":["M","M","?","$","M","M","M","M","T","M","E","R","M","$","R","B",null,"M","M","?","$","?","E","M","R","T","R","?","M","M","$","R","B",null,"M","M","$","?","M","?","E","R","T","M","$","M","R","?","R","B",null],"character_chosen":"IRONCLAD","items_purchased":["Offering","Rupture","Whirlwind","Metallicize","Dropkick","Intimidate","Battle Trance","Inflame","Rampage+1","Evolve","Headbutt+1","Pommel Strike+1"],"campfire_rested":0,"item_purchase_floors":[4,4,4,14,14,14,21,21,31,45,45,45],"current_hp_per_floor":[78,77,76,75,74,73,72,71,70,69,68,67,66,65,64,49,67,66,65,64,63,53,59,72,72,71,70,69,68,67,66,65,54,63,62,65,64,63,53,62,60,60,60,60,60,44,44,62,62,23],"gold":23,"neow_bonus":"","is_prod":false,"is_daily":true,"chose_seed":false,"campfire_upgraded":8,"win_rate":0,"timestamp":1564375194,"path_taken":["M","M","?","$","?","M","M","M","T","M","E","R","M","$","R","BOSS","M","M","?","$","?","E","M","R","T","R","?","M","M","$","R","BOSS","M","M","$","?","M","?","E","R","T","M","$","M","R","?","R","BOSS"],"build_version":"2019-07-17","purchased_purges":1,"victory":true,"max_hp_per_floor":[78,77,76,75,74,73,72,71,70,69,68,67,66,65,64,63,67,66,65,64,63,68,67,73,72,71,70,69,68,67,66,65,64,63,62,65,64,63,66,69,72,71,70,69,68,71,70,69,68,67],"card_choices":[{"not_picked":["Flex","True Grit"],"picked":"Dark Embrace","floor":11},{"not_picked":["Feed","Offering"],"picked":"Bludgeon","floor":16},{"not_picked":["Heavy Blade","Sword Boomerang"],"picked":"Metallicize","floor":17},{"not_picked":["Flame Barrier+1","Pommel Strike","Iron Wave"],"picked":"Twin Strike+1","floor":23},{"not_picked":["Limit Break","Juggernaut","Impervious"],"picked":"Feed+1","floor":33},{"not_picked":["Reckless Charge+1","Shrug It Off+1","Havoc"],"picked":"Headbutt+1","floor":40},{"not_picked":["Anger+1","Havoc+1","Disarm+1"],"picked":"Immolate+1","floor":41}],"player_experience":106751,"relics_obtained":[{"floor":1,"key":"Thread and Needle"},{"floor":2,"key":"Mummified Hand"},{"floor":5,"key":"Centennial Puzzle"},{"floor":6,"key":"Orichalcum"},{"floor":7,"key":"Bag of Marbles"},{"floor":8,"key":"Red Skull"},{"floor":9,"key":"War Paint"},{"floor":10,"key":"Matryoshka"},{"floor":11,"key":"Darkstone Periapt"},{"floor":13,"key":"Self Forming Clay"},{"floor":18,"key":"Question Card"},{"floor":19,"key":"PreservedInsect"},{"floor":22,"key":"Necronomicon"},{"floor":23,"key":"Bronze Scales"},{"floor":24,"key":"Strawberry"},{"floor":26,"key":"Bag of Preparation"},{"floor":26,"key":"Molten Egg 2"},{"floor":29,"key":"Sundial"},{"floor":30,"key":"Ancient Tea Set"},{"floor":35,"key":"Potion Belt"},{"floor":36,"key":"MawBank"},{"floor":39,"key":"Prayer Wheel"},{"floor":40,"key":"StoneCalendar"},{"floor":41,"key":"Anchor"},{"floor":43,"key":"Vajra"},{"floor":43,"key":"Mercury Hourglass"},{"floor":44,"key":"Omamori"},{"floor":46,"key":"Art of War"}],"event_choices":[{"damage_healed":0,"gold_gain":275,"player_choice":"Desecrate","damage_taken":0,"max_hp_gain":0,"max_hp_loss":0,"event_name":"Golden Shrine","floor":3,"gold_loss":0,"cards_obtained":["Regret"]},{"cards_removed":["Defend_R"],"damage_healed":0,"gold_gain":0,"player_choice":"Gave Gold","damage_taken":0,"max_hp_gain":0,"max_hp_loss":0,"event_name":"Beggar","floor":20,"gold_loss":75},{"damage_healed":0,"gold_gain":0,"player_choice":"Obtained Book","damage_taken":16,"max_hp_gain":0,"max_hp_loss":0,"event_name":"Cursed Tome","floor":22,"gold_loss":0},{"damage_healed":0,"gold_gain":0,"player_choice":"Simplicity","damage_taken":0,"max_hp_gain":0,"max_hp_loss":0,"event_name":"Back to Basics","floor":28,"gold_loss":0,"cards_upgraded":["Strike_R","Strike_R","Strike_R","Strike_R","Strike_R","Defend_R","Defend_R"]},{"damage_healed":0,"gold_gain":0,"player_choice":"Paid","damage_taken":0,"relics_obtained":["Red Mask"],"max_hp_gain":0,"max_hp_loss":0,"event_name":"Tomb of Lord Red Mask","floor":38,"gold_loss":160},{"damage_healed":0,"gold_gain":0,"player_choice":"Fight","damage_taken":0,"max_hp_gain":0,"max_hp_loss":0,"event_name":"Mysterious Sphere","floor":40,"gold_loss":0},{"damage_healed":18,"gold_gain":0,"player_choice":"Writhe","damage_taken":0,"max_hp_gain":0,"max_hp_loss":0,"event_name":"Winding Halls","floor":48,"gold_loss":0,"cards_obtained":["Writhe"]}],"is_beta":false,"boss_relics":[{"not_picked":["Lizard Tail","Runic Dome"],"picked":"Tiny House"},{"not_picked":["Runic Pyramid","Eternal Feather"],"picked":"Empty Cage"}],"items_purged_floors":[4],"is_endless":false,"potions_floor_spawned":[1,7,10,11,18,29,35,36,40,44],"ascension_level":0}