{"gold_per_floor":[110,125,125,140,152,178,178,128,151,167,181,206,217,231,231,326,326,341,341,356,0,0,27,42,71,71,87,105,305,332,348,348,453,453,466,466,69,79,92,123,143,153,180,232,258,275,70,90,90,90,90,90,4,35,35],"floor_reached":55,"playtime":7654,"items_purged":[],"score":974,"play_id":"7f58e003-063e-4a5d-b6b3-3b7a2358a56c","local_time":"20190726172957","is_ascension_mode":true,"campfire_choices":[{"data":"Uppercut","floor":7,"key":"SMITH"},{"floor":15,"key":"RECALL"},{"data":"Bludgeon","floor":32,"key":"SMITH"},{"floor":49,"key":"REST"},{"data":"Demon Form","floor":52,"key":"SMITH"}],"neow_cost":"NONE","seed_source_timestamp":1127439317084216,"circlet_count":0,"master_deck":["Strike_R+1","Strike_R+1","Strike_R+1","Strike_R+1","Defend_R+1","Defend_R+1","Defend_R+1","Defend_R+1","Bash","Feed","Warcry","Infernal Blade","Ghostly Armor","Uppercut+1","Feed","Pommel Strike","Seeing Red","Seeing Red","Rampage","Infernal Blade","Bludgeon+1","Dual Wield+1","Headbutt+1","Spot Weakness+1","Disarm","Anger","Warcry+1","Dropkick","Intimidate+1","Carnage+1","Demon Form+1","Dual Wield+1","Headbutt+1","Entrench+1","Inflame+1","Uppercut+1","Parasite","Shrug It Off+1","Perfected Strike+1","Shrug It Off","Spot Weakness+1","Ghostly Armor+1","Blood for Blood","Armaments","Pommel Strike+1"],"relics":["Burning Blood","PreservedInsect","Regal Pillow","Centennial Puzzle","Sozu","Oddly Smooth Stone","TheAbacus","Sundial","Strawberry","Thread and Needle","Philosopher\u0027s Stone","Shuriken","Blood Vial","Bag of Preparation","Orichalcum","Bird Faced Urn","Magic Flower","Strange Spoon","Vajra"],"potions_floor_usage":[6,6,6,16,16,16,23],"damage_taken":[{"damage":0,"enemies":"2 Louse","floor":1,"turns":3},{"damage":0,"enemies":"Cultist","floor":2,"turns":4},{"damage":5,"enemies":"Small Slimes","floor":4,"turns":4},{"damage":15,"enemies":"Exordium Wildlife","floor":5,"turns":4},{"damage":40,"enemies":"Lagavulin","floor":6,"turns":7},{"damage":14,"enemies":"Blue Slaver","floor":10,"turns":3},{"damage":1,"enemies":"Large Slime","floor":11,"turns":3},{"damage":0,"enemies":"Gremlin Nob","floor":12,"turns":2},{"damage":9,"enemies":"Red Slaver","floor":13,"turns":2},{"damage":1,"enemies":"Exordium Thugs","floor":14,"turns":5},{"damage":45,"enemies":"The Guardian","floor":16,"turns":7},{"damage":13,"enemies":"3 Byrds","floor":18,"turns":5},{"damage":0,"enemies":"Chosen","floor":20,"turns":4},{"damage":45,"enemies":"Book of Stabbing","floor":23,"turns":6},{"damage":13,"enemies":"Snake Plant","floor":24,"turns":4},{"damage":11,"enemies":"Slavers","floor":25,"turns":4},{"damage":3,"enemies":"Centurion and Healer","floor":27,"turns":2},{"damage":3,"enemies":"Shelled Parasite and Fungi","floor":28,"turns":4},{"damage":0,"enemies":"Gremlin Leader","floor":30,"turns":6},{"damage":5,"enemies":"Snake Plant","floor":31,"turns":4},{"damage":56,"enemies":"Champ","floor":33,"turns":9},{"damage":29,"enemies":"3 Darklings","floor":35,"turns":6},{"damage":7,"enemies":"Orb Walker","floor":38,"turns":2},{"damage":21,"enemies":"Spire Growth","floor":39,"turns":5},{"damage":52,"enemies":"Nemesis","floor":40,"turns":5},{"damage":31,"enemies":"Maw","floor":41,"turns":7},{"damage":0,"enemies":"Writhing Mass","floor":42,"turns":5},{"damage":5,"enemies":"2 Orb Walkers","floor":44,"turns":4},{"damage":0,"enemies":"Giant Head","floor":45,"turns":5},{"damage":11,"enemies":"Transient","floor":46,"turns":5},{"damage":9,"enemies":"Maw","floor":48,"turns":6},{"damage":59,"enemies":"Time Eater","floor":50,"turns":10},{"damage":83,"enemies":"Shield and Spear","floor":54,"turns":7},{"damage":61,"enemies":"The Heart","floor":55,"turns":5}],"seed_played":"-8295529370384690553","potions_obtained":[{"floor":2,"key":"AttackPotion"},{"floor":3,"key":"FearPotion"},{"floor":3,"key":"SteroidPotion"},{"floor":10,"key":"FearPotion"},{"floor":11,"key":"SkillPotion"},{"floor":13,"key":"SkillPotion"},{"floor":16,"key":"BloodPotion"}],"is_trial":false,"path_per_floor":["M","M","?","M","M","E","R","?","T","M","M","E","M","M","R","B",null,"M","?","M","$","?","E","M","E","T","M","M","?","E","M","R","B",null,"M","?","$","M","M","E","M","M","T","?","E","M","$","M","R","B",null,"R","$","E","B"],"character_chosen":"IRONCLAD","items_purchased":["Oddly Smooth Stone","TheAbacus","Shuriken","Blood Vial","Strange Spoon","Blood for Blood","Armaments"],"campfire_rested":1,"item_purchase_floors":[21,21,37,37,47,53,53],"current_hp_per_floor":[83,83,83,86,77,43,43,43,43,38,46,55,55,60,60,21,98,94,94,100,100,100,86,79,84,84,87,93,93,99,100,100,50,114,91,91,91,95,82,38,15,23,23,29,39,43,43,54,105,64,123,123,123,52,0],"gold":35,"neow_bonus":"ONE_RANDOM_RARE_CARD","is_prod":false,"is_daily":false,"chose_seed":false,"campfire_upgraded":3,"win_rate":0,"timestamp":1564180197,"path_taken":["M","M","?","M","?","E","R","?","T","M","M","E","M","M","R","BOSS","M","?","M","$","?","E","M","E","T","M","M","?","E","?","R","BOSS","M","?","?","M","M","E","M","M","T","?","E","?","$","M","R","BOSS","R","$","E","BOSS"],"build_version":"2019-07-17","purchased_purges":0,"victory":false,"max_hp_per_floor":[83,83,83,86,86,86,86,86,86,89,92,95,98,98,98,98,98,101,101,101,101,101,101,101,111,111,111,114,114,114,114,114,114,114,114,114,114,117,117,117,117,117,117,120,120,120,120,123,123,123,123,123,123,123,123],"card_choices":[{"not_picked":["Body Slam","Blood for Blood"],"picked":"Warcry","floor":1},{"not_picked":["Flex","True Grit"],"picked":"Infernal Blade","floor":2},{"not_picked":["Rupture","Sword Boomerang"],"picked":"Ghostly Armor","floor":4},{"not_picked":["Heavy Blade","Clothesline"],"picked":"Uppercut","floor":5},{"not_picked":["Flex","Combust"],"picked":"Feed","floor":6},{"not_picked":["Heavy Blade","Clash"],"picked":"Pommel Strike","floor":10},{"not_picked":["Metallicize","Flex"],"picked":"Seeing Red","floor":11},{"not_picked":["Armaments","Clothesline"],"picked":"Seeing Red","floor":12},{"not_picked":["Berserk","Headbutt"],"picked":"Rampage","floor":13},{"not_picked":["Headbutt","Body Slam"],"picked":"Infernal Blade","floor":14},{"not_picked":["Berserk","Double Tap"],"picked":"Bludgeon","floor":16},{"not_picked":["Warcry+1","Pommel Strike"],"picked":"Dual Wield+1","floor":18},{"not_picked":["Power Through","Iron Wave"],"picked":"Headbutt+1","floor":20},{"not_picked":["Twin Strike","Anger"],"picked":"Spot Weakness+1","floor":23},{"not_picked":["Reckless Charge","Dropkick"],"picked":"Disarm","floor":24},{"not_picked":["Blood for Blood","Rampage"],"picked":"Anger","floor":25},{"not_picked":["Pummel","Sword Boomerang"],"picked":"Warcry+1","floor":27},{"not_picked":["Armaments","Twin Strike"],"picked":"Dropkick","floor":28},{"not_picked":["Thunderclap","Disarm"],"picked":"Intimidate+1","floor":30},{"not_picked":["Limit Break","Flex"],"picked":"Carnage+1","floor":31},{"not_picked":["Barricade","Double Tap"],"picked":"Demon Form","floor":33},{"not_picked":["Iron Wave","Pommel Strike"],"picked":"Dual Wield+1","floor":35},{"not_picked":["True Grit","Pommel Strike"],"picked":"Headbutt+1","floor":38},{"not_picked":["Pommel Strike","Warcry"],"picked":"Entrench+1","floor":39},{"not_picked":["Twin Strike","Headbutt"],"picked":"Inflame+1","floor":40},{"not_picked":["Impervious","Shrug It Off+1"],"picked":"Uppercut+1","floor":41},{"not_picked":["Clothesline+1","Infernal Blade+1"],"picked":"Shrug It Off+1","floor":42},{"not_picked":["Pummel","Clash"],"picked":"Perfected Strike+1","floor":44},{"not_picked":["Whirlwind","True Grit"],"picked":"Shrug It Off","floor":45},{"not_picked":["Intimidate","Armaments"],"picked":"Spot Weakness+1","floor":46},{"not_picked":["Entrench","Feel No Pain"],"picked":"Ghostly Armor+1","floor":48},{"not_picked":["Brutality","Demon Form"],"picked":"Pommel Strike+1","floor":54}],"player_experience":48854,"relics_obtained":[{"floor":6,"key":"PreservedInsect"},{"floor":9,"key":"Regal Pillow"},{"floor":12,"key":"Centennial Puzzle"},{"floor":23,"key":"Sundial"},{"floor":25,"key":"Strawberry"},{"floor":30,"key":"Thread and Needle"},{"floor":40,"key":"Bag of Preparation"},{"floor":43,"key":"Orichalcum"},{"floor":44,"key":"Bird Faced Urn"},{"floor":45,"key":"Magic Flower"},{"floor":54,"key":"Vajra"}],"event_choices":[{"damage_healed":0,"gold_gain":0,"player_choice":"Got Potions","damage_taken":0,"max_hp_gain":0,"max_hp_loss":0,"event_name":"Lab","floor":3,"gold_loss":0},{"cards_removed":["Strike_R"],"damage_healed":0,"gold_gain":0,"player_choice":"Card Removal","damage_taken":0,"max_hp_gain":0,"max_hp_loss":0,"event_name":"The Cleric","floor":8,"gold_loss":50},{"damage_healed":0,"gold_gain":0,"player_choice":"Ignored","damage_taken":0,"max_hp_gain":0,"max_hp_loss":0,"event_name":"Beggar","floor":19,"gold_loss":0},{"damage_healed":0,"gold_gain":0,"player_choice":"Simplicity","damage_taken":0,"max_hp_gain":0,"max_hp_loss":0,"event_name":"Back to Basics","floor":22,"gold_loss":0,"cards_upgraded":["Strike_R","Strike_R","Strike_R","Strike_R","Defend_R","Defend_R","Defend_R","Defend_R"]},{"damage_healed":0,"gold_gain":250,"player_choice":"Bet on Owner","damage_taken":0,"max_hp_gain":0,"max_hp_loss":0,"event_name":"The Joust","floor":29,"gold_loss":50},{"damage_healed":0,"gold_gain":0,"player_choice":"Bought 0 Potions","damage_taken":0,"max_hp_gain":0,"max_hp_loss":0,"event_name":"The Woman in Blue","floor":36,"gold_loss":0},{"damage_healed":0,"gold_gain":0,"player_choice":"Fight","damage_taken":0,"max_hp_gain":0,"max_hp_loss":0,"event_name":"Mysterious Sphere","floor":44,"gold_loss":0}],"is_beta":false,"boss_relics":[{"not_picked":["White Beast Statue","Cursed Key"],"picked":"Sozu"},{"not_picked":["Runic Dome","Eternal Feather"],"picked":"Philosopher\u0027s Stone"}],"items_purged_floors":[],"is_endless":false,"potions_floor_spawned":[2,5,10,11,13,16,18,20,25,31,35,39,44,45,48],"killed_by":"The Heart","ascension_level":1}