{"gold_per_floor":[114,133,151,96,21,47,47,72,97,116,151,151,34,68,68,165,165,183,196,121,36,1,27,27,55,55,55,67,101,147,161,161,258,258,273,52,67,167,184,216,216,216,216,233,285,19,33,53,53,53],"floor_reached":51,"playtime":4564,"items_purged":["Strike_G","Strike_G"],"score":881,"play_id":"b4a68fe7-6205-402f-b52d-902f9ffcf84e","local_time":"20190521055837","is_ascension_mode":true,"campfire_choices":[{"data":"After Image","floor":7,"key":"SMITH"},{"floor":12,"key":"REST"},{"data":"Envenom","floor":15,"key":"SMITH"},{"data":"Footwork","floor":27,"key":"SMITH"},{"floor":32,"key":"REST"},{"data":"1","floor":41,"key":"LIFT"},{"floor":49,"key":"REST"}],"neow_cost":"NONE","seed_source_timestamp":23582615716429,"circlet_count":0,"master_deck":["Defend_G","Defend_G","Defend_G","Defend_G","Strike_G+1","Survivor","Neutralize+1","After Image+1","Blade Dance","Backflip","Sucker Punch","Envenom+1","Slice","Deflect","Accuracy","Footwork+1","All Out Attack","Storm of Steel","Adrenaline","Flying Knee+1","Accuracy","Backstab+1","Dagger Spray+1","Poisoned Stab+1","Leg Sweep+1","Expertise+1","Escape Plan+1","Glass Knife+1","Footwork+1","Bandage Up+1","Dagger Spray+1","Prepared+1","Madness+1","Madness+1","Well Laid Plans+1","Adrenaline+1","Footwork+1","Blade Dance+1","Dodge and Roll+1","Predator+1"],"special_seed":0,"relics":["Ring of the Snake","Potion Belt","Bronze Scales","Thread and Needle","Bag of Preparation","Whetstone","Molten Egg 2","Empty Cage","Toxic Egg 2","Frozen Egg 2","Shuriken","Ancient Tea Set","Tough Bandages","Strawberry","Busted Crown","Girya","Pen Nib","Meat on the Bone","Torii"],"potions_floor_usage":[23,23,23,33,45,50,50,50,50,50],"damage_taken":[{"damage":0,"enemies":"Jaw Worm","floor":1,"turns":7},{"damage":1,"enemies":"Cultist","floor":2,"turns":3},{"damage":0,"enemies":"2 Louse","floor":3,"turns":4},{"damage":23,"enemies":"3 Sentries","floor":6,"turns":12},{"damage":8,"enemies":"Lagavulin","floor":8,"turns":9},{"damage":0,"enemies":"Exordium Wildlife","floor":10,"turns":3},{"damage":11,"enemies":"Gremlin Nob","floor":11,"turns":5},{"damage":9,"enemies":"Lagavulin","floor":14,"turns":7},{"damage":3,"enemies":"The Guardian","floor":16,"turns":14},{"damage":1,"enemies":"Chosen","floor":18,"turns":5},{"damage":0,"enemies":"Shell Parasite","floor":19,"turns":4},{"damage":11,"enemies":"Gremlin Leader","floor":23,"turns":5},{"damage":15,"enemies":"Book of Stabbing","floor":25,"turns":5},{"damage":1,"enemies":"Centurion and Healer","floor":28,"turns":3},{"damage":15,"enemies":"Gremlin Leader","floor":29,"turns":8},{"damage":1,"enemies":"3 Cultists","floor":31,"turns":5},{"damage":17,"enemies":"Collector","floor":33,"turns":9},{"damage":7,"enemies":"3 Darklings","floor":35,"turns":3},{"damage":0,"enemies":"Orb Walker","floor":37,"turns":3},{"damage":3,"enemies":"Mind Bloom Boss Battle","floor":38,"turns":8},{"damage":12,"enemies":"Transient","floor":39,"turns":5},{"damage":3,"enemies":"Giant Head","floor":40,"turns":9},{"damage":16,"enemies":"Jaw Worm Horde","floor":44,"turns":3},{"damage":29,"enemies":"2 Orb Walkers","floor":45,"turns":3},{"damage":0,"enemies":"Maw","floor":47,"turns":6},{"damage":9,"enemies":"Spire Growth","floor":48,"turns":5},{"damage":6,"enemies":"Donu and Deca","floor":50,"turns":6}],"seed_played":"4713982620240875748","potions_obtained":[{"floor":2,"key":"Dexterity Potion"},{"floor":10,"key":"Weak Potion"},{"floor":14,"key":"Block Potion"},{"floor":16,"key":"Poison Potion"},{"floor":18,"key":"SteroidPotion"},{"floor":19,"key":"FearPotion"},{"floor":31,"key":"Energy Potion"},{"floor":35,"key":"Energy Potion"},{"floor":37,"key":"LiquidBronze"},{"floor":44,"key":"AttackPotion"},{"floor":47,"key":"AttackPotion"}],"is_trial":false,"path_per_floor":["M","M","M","?","$","E","R","E","T","M","E","R","$","E","R","B",null,"M","M","?","?","$","E","$","E","T","R","M","E","T","M","R","B",null,"M","$","M","?","M","E","R","?","T","M","?","$","M","M","R","B",null],"character_chosen":"THE_SILENT","items_purchased":["Footwork","All Out Attack","Backstab+1","Footwork+1","Bandage Up+1","Adrenaline+1","Footwork+1","Blade Dance+1"],"campfire_rested":3,"item_purchase_floors":[13,13,22,36,36,46,46,46],"current_hp_per_floor":[70,69,69,69,69,46,46,38,38,38,27,48,48,39,39,36,70,69,69,69,69,69,58,58,43,43,43,42,27,34,33,56,39,77,70,70,76,77,67,70,70,60,60,50,39,39,45,42,65,65],"gold":53,"neow_bonus":"ONE_RANDOM_RARE_CARD","is_prod":false,"is_daily":false,"chose_seed":false,"campfire_upgraded":3,"win_rate":0,"timestamp":1558411117,"path_taken":["M","M","M","?","$","E","R","E","T","?","E","R","$","E","R","BOSS","M","M","?","?","$","E","?","E","T","R","M","E","?","M","R","BOSS","M","$","M","?","M","E","R","?","T","M","?","$","M","?","R","BOSS"],"build_version":"2019-01-23","purchased_purges":2,"victory":true,"max_hp_per_floor":[70,70,70,70,70,70,70,70,70,70,70,70,70,70,70,70,70,70,70,70,70,70,70,70,70,70,70,70,70,77,77,77,77,77,77,77,77,77,77,77,77,77,77,77,77,77,77,77,77,77],"card_choices":[{"not_picked":["Outmaneuver","Calculated Gamble"],"picked":"Blade Dance","floor":1},{"not_picked":["Outmaneuver","Quick Slash"],"picked":"Backflip","floor":2},{"not_picked":["Slice","Quick Slash"],"picked":"Sucker Punch","floor":3},{"not_picked":["Expertise","Dodge and Roll"],"picked":"Envenom","floor":6},{"not_picked":["Poisoned Stab","Expertise"],"picked":"Slice","floor":8},{"not_picked":["Predator","Acrobatics"],"picked":"Deflect","floor":10},{"not_picked":["Prepared","Deflect"],"picked":"Accuracy","floor":11},{"not_picked":["Prepared","Phantasmal Killer"],"picked":"Storm of Steel","floor":14},{"not_picked":["Storm of Steel","Wraith Form v2"],"picked":"Adrenaline","floor":16},{"not_picked":["Dagger Throw+1","Caltrops"],"picked":"Flying Knee+1","floor":18},{"not_picked":["Riddle With Holes+1","Flying Knee+1"],"picked":"Accuracy","floor":19},{"not_picked":["Unload+1","Tactician+1"],"picked":"Dagger Spray+1","floor":23},{"not_picked":["Masterful Stab+1","Poisoned Stab+1","Flying Knee+1"],"picked":"SKIP","floor":25},{"not_picked":["Masterful Stab+1","Flying Knee+1"],"picked":"Poisoned Stab+1","floor":25},{"not_picked":["PiercingWail+1","Flying Knee+1"],"picked":"Leg Sweep+1","floor":28},{"not_picked":["Acrobatics+1","Quick Slash+1"],"picked":"Expertise+1","floor":29},{"not_picked":["Bane+1","Skewer+1"],"picked":"Escape Plan+1","floor":31},{"not_picked":["Storm of Steel+1","Wraith Form v2+1"],"picked":"Glass Knife+1","floor":33},{"not_picked":["Outmaneuver+1"],"picked":"SKIP","floor":35},{"not_picked":["Underhanded Strike+1"],"picked":"SKIP","floor":37},{"not_picked":[],"picked":"Dagger Spray+1","floor":38},{"not_picked":["Flying Knee+1"],"picked":"SKIP","floor":39},{"not_picked":[],"picked":"Prepared+1","floor":40},{"not_picked":[],"picked":"Well Laid Plans+1","floor":44},{"not_picked":[],"picked":"Dodge and Roll+1","floor":47},{"not_picked":[],"picked":"Predator+1","floor":48}],"player_experience":299843,"relics_obtained":[{"floor":6,"key":"Bronze Scales"},{"floor":8,"key":"Thread and Needle"},{"floor":9,"key":"Bag of Preparation"},{"floor":11,"key":"Whetstone"},{"floor":14,"key":"Molten Egg 2"},{"floor":23,"key":"Frozen Egg 2"},{"floor":25,"key":"Shuriken"},{"floor":26,"key":"Ancient Tea Set"},{"floor":29,"key":"Tough Bandages"},{"floor":30,"key":"Strawberry"},{"floor":38,"key":"Girya"},{"floor":40,"key":"Pen Nib"},{"floor":43,"key":"Meat on the Bone"},{"floor":45,"key":"Torii"}],"event_choices":[{"damage_healed":0,"gold_gain":0,"player_choice":"Paid Gold","damage_taken":0,"relics_obtained":["Potion Belt"],"max_hp_gain":0,"max_hp_loss":0,"event_name":"WeMeetAgain","floor":4,"gold_loss":55},{"cards_removed":["Defend_G"],"damage_healed":0,"gold_gain":0,"player_choice":"Gave Gold","damage_taken":0,"max_hp_gain":0,"max_hp_loss":0,"event_name":"Beggar","floor":20,"gold_loss":75},{"damage_healed":0,"gold_gain":0,"player_choice":"Obtained Relic","damage_taken":0,"relics_obtained":["Toxic Egg 2"],"max_hp_gain":0,"max_hp_loss":0,"event_name":"Addict","floor":21,"gold_loss":85},{"damage_healed":0,"gold_gain":0,"player_choice":"Fight","damage_taken":0,"max_hp_gain":0,"max_hp_loss":0,"event_name":"MindBloom","floor":38,"gold_loss":0},{"damage_healed":0,"gold_gain":0,"player_choice":"Embrace Madness","damage_taken":10,"max_hp_gain":0,"max_hp_loss":0,"event_name":"Winding Halls","floor":42,"gold_loss":0,"cards_obtained":["Madness","Madness"]},{"damage_healed":0,"gold_gain":0,"player_choice":"Fight","damage_taken":0,"max_hp_gain":0,"max_hp_loss":0,"event_name":"Mysterious Sphere","floor":45,"gold_loss":0}],"is_beta":false,"boss_relics":[{"not_picked":["Snecko Eye","Lizard Tail"],"picked":"Empty Cage"},{"not_picked":["Orrery","Philosopher\u0027s Stone"],"picked":"Busted Crown"}],"items_purged_floors":[5,36],"is_endless":false,"potions_floor_spawned":[2,10,14,16,18,19,31,35,37,44,47],"ascension_level":4}