{"path_per_floor":["M","?","M","M","M","R","$","?","T","M","R","M","R","?","R","B",null,"M","?","$","M","?","R","M"],"character_chosen":"THE_SILENT","items_purchased":["Noxious Fumes","Noxious Fumes","Reflex"],"gold_per_floor":[111,111,123,140,152,152,1,1,80,92,92,109,109,109,109,214,214,233,233,26,44,44,44,58],"floor_reached":25,"campfire_rested":1,"playtime":2271,"current_hp_per_floor":[68,43,43,43,43,43,43,43,43,55,55,52,52,38,70,27,70,45,45,45,40,40,40,9],"items_purged":["Strike_G","Regret"],"gold":58,"play_id":"e5269e6d-bc95-4ce9-ba4d-f09bb0f03177","is_prod":false,"is_daily":false,"campfire_rituals":0,"campfire_upgraded":4,"is_hardmode":false,"path_taken":["M","?","M","M","M","R","$","?","T","?","R","M","R","?","R","BOSS","M","?","$","M","?","R","M","E"],"build_version":"2018-01-18-PROD4","purchased_purges":2,"victory":false,"master_deck":["Defend_G","Defend_G","Defend_G","Defend_G","Defend_G","Survivor","Neutralize","Infinite Blades","Dagger Throw","Prepared","Distraction","Noxious Fumes","Backflip","Dagger Spray","Writhe","Parasite","Acrobatics","Noxious Fumes","Reflex","Bite_G","Bite_G","Bite_G","Bite_G","Bite_G"],"max_hp_per_floor":[70,70,70,70,70,70,70,70,70,70,70,70,70,70,70,70,70,70,70,70,70,49,49,49],"relics":["Ring of the Snake","Regal Pillow","Torii","Paper Crane","Calling Bell","Bag of Preparation","Happy Flower","Bronze Scales","Spirit Poop"],"campfire_meditates":0,"card_choices":[{"not_picked":["Backflip","Deadly Poison"],"picked":"Infinite Blades"},{"not_picked":["Bane","Catalyst"],"picked":"Dagger Throw"},{"not_picked":["Dodge and Roll","Poisoned Stab"],"picked":"Prepared"},{"not_picked":["Crippling Poison","Venomology"],"picked":"Distraction"},{"not_picked":["Deadly Poison","Slice"],"picked":"Backflip"},{"not_picked":["Predator","Bane"],"picked":"Dagger Spray"},{"not_picked":["Dash","PiercingWail"],"picked":"Acrobatics"}],"player_experience":58806,"potions_floor_usage":[10,16,25],"damage_taken":[{"damage":2,"enemies":"Small Slimes","floor":1,"turns":5},{"damage":0,"enemies":"2 Louse","floor":3,"turns":4},{"damage":0,"enemies":"Cultist","floor":4,"turns":4},{"damage":0,"enemies":"2 Fungi Beasts","floor":5,"turns":5},{"damage":3,"enemies":"Large Slime","floor":10,"turns":9},{"damage":3,"enemies":"Gremlin Gang","floor":12,"turns":6},{"damage":43,"enemies":"Hexaghost","floor":16,"turns":11},{"damage":25,"enemies":"Spheric Guardian","floor":18,"turns":6},{"damage":5,"enemies":"3 Byrds","floor":21,"turns":3},{"damage":41,"enemies":"Sentry and Sphere","floor":24,"turns":7},{"damage":16,"enemies":"Book of Stabbing","floor":25,"turns":1}],"event_choices":[{"event_name":"Scrap Ooze","player_choice":"success","floor":2,"damage_taken":25},{"event_name":"Big Fish","player_choice":"Box","floor":8,"damage_taken":0},{"event_name":"Shining Light","player_choice":"Entered Light","floor":14,"damage_taken":0},{"event_name":"Bonfire Elementals","player_choice":"CURSE","floor":19,"damage_taken":0},{"event_name":"Vampires","player_choice":"Became a vampire","floor":22,"damage_taken":0}],"boss_relics":[{"not_picked":["Lizard Tail","Question Card"],"picked":"Calling Bell"}],"potions_floor_spawned":[3,5,16,24],"seed_played":"9119031209470520159","killed_by":"Book of Stabbing","is_trial":false}