{"gold_per_floor":[118,68,143,68,83,113,113,138,138,152,172,186,204,220,220,325,325,335,0,11,29,45,45,64,64],"floor_reached":25,"playtime":4459,"items_purged":["Strike_R"],"score":317,"play_id":"d0c1fb22-60af-4763-923c-4778fde6935f","local_time":"20190727220852","is_ascension_mode":true,"campfire_choices":[{"data":"Armaments","floor":7.0,"key":"SMITH"},{"data":"Body Slam","floor":15,"key":"SMITH"},{"floor":23,"key":"REST"}],"neow_cost":"NONE","seed_source_timestamp":35670547711118,"circlet_count":0,"master_deck":["Bash","Armaments+1","Body Slam","Feel No Pain","Battle Trance","Thunderclap","Body Slam+1","Brutality","Juggernaut","Fire Breathing","Rampage","Feel No Pain","Exhume","Seeing Red","Impervious","Demon Form","Warcry","Feed","Reckless Charge","Burning Pact","Flash of Steel","Havoc","Intimidate+1","True Grit","Reckless Charge+1"],"special_seed":0,"relics":["Burning Blood","NeowsBlessing","Bottled Lightning","StoneCalendar","Darkstone Periapt","Pandora\u0027s Box"],"potions_floor_usage":[13,21,21,22,25],"damage_taken":[{"damage":0.0,"enemies":"2 Louse","floor":1.0,"turns":1.0},{"damage":0.0,"enemies":"Small Slimes","floor":5.0,"turns":1.0},{"damage":0.0,"enemies":"Gremlin Nob","floor":6.0,"turns":1.0},{"damage":16.0,"enemies":"3 Sentries","floor":8.0,"turns":15.0},{"damage":0.0,"enemies":"Jaw Worm","floor":10.0,"turns":2.0},{"damage":8,"enemies":"Blue Slaver","floor":11,"turns":5},{"damage":6,"enemies":"Large Slime","floor":12,"turns":7},{"damage":8,"enemies":"Exordium Thugs","floor":13,"turns":7},{"damage":3,"enemies":"Exordium Wildlife","floor":14,"turns":4},{"damage":35,"enemies":"The Guardian","floor":16,"turns":10},{"damage":38,"enemies":"Shell Parasite","floor":18,"turns":5},{"damage":27,"enemies":"Spheric Guardian","floor":20,"turns":6},{"damage":13,"enemies":"Chosen and Byrds","floor":21,"turns":4},{"damage":3,"enemies":"Cultist and Chosen","floor":22,"turns":5},{"damage":19,"enemies":"Shelled Parasite and Fungi","floor":24,"turns":5},{"damage":28,"enemies":"Gremlin Leader","floor":25,"turns":7}],"seed_played":"-7130785815710212443","potions_obtained":[{"floor":6.0,"key":"Swift Potion"},{"floor":8.0,"key":"LiquidBronze"},{"floor":11,"key":"Block Potion"},{"floor":12,"key":"Weak Potion"},{"floor":13,"key":"Fire Potion"},{"floor":22,"key":"Explosive Potion"}],"is_trial":false,"path_per_floor":["M","?","?","$","M","E","R","E","T","M","M","M","M","M","R","B",null,"M","$","M","M","M","R","M","E"],"character_chosen":"IRONCLAD","items_purchased":["Feed","Reckless Charge","Burning Pact","Flash of Steel"],"campfire_rested":1,"item_purchase_floors":[19,19,19,19],"current_hp_per_floor":[78,78,67,67,73,79,79,69,69,75,73,73,71,74,74,45,71,39,39,18,11,17,41,28,0],"gold":64,"neow_bonus":"THREE_ENEMY_KILL","is_prod":false,"is_daily":false,"chose_seed":false,"campfire_upgraded":2,"win_rate":0,"timestamp":1564283332,"path_taken":["M","?","?","$","M","E","R","E","T","M","M","M","M","M","R","BOSS","M","$","M","M","M","R","M","E"],"build_version":"2019-07-17","purchased_purges":1,"victory":false,"max_hp_per_floor":[80,80,80,80,80,80,80,80,80,80,80,80,80,80,80,80,80,80,80,80,80,83,83,83,83],"card_choices":[{"not_picked":["Disarm","Pommel Strike"],"picked":"Armaments","floor":1.0},{"not_picked":["Armaments","Flex"],"picked":"Body Slam","floor":5.0},{"not_picked":["Perfected Strike","Thunderclap"],"picked":"Feel No Pain","floor":6.0},{"not_picked":["Flame Barrier","Heavy Blade"],"picked":"Battle Trance","floor":8.0},{"not_picked":["Inflame","Flex"],"picked":"Thunderclap","floor":10.0},{"not_picked":["Twin Strike","Uppercut"],"picked":"Body Slam","floor":11},{"not_picked":["Anger","Clash","Warcry"],"picked":"SKIP","floor":12},{"not_picked":["Body Slam","Cleave"],"picked":"Brutality","floor":13},{"not_picked":["Bloodletting","Sentinel","Body Slam"],"picked":"SKIP","floor":14},{"not_picked":["Bludgeon","Offering"],"picked":"Juggernaut","floor":16},{"not_picked":["Body Slam","Hemokinesis+1"],"picked":"Warcry","floor":18},{"not_picked":["Twin Strike","Armaments"],"picked":"Havoc","floor":20},{"not_picked":["Inflame+1","Battle Trance"],"picked":"Intimidate+1","floor":21},{"not_picked":["Headbutt","Combust+1"],"picked":"True Grit","floor":22},{"not_picked":["Shrug It Off","Anger"],"picked":"Reckless Charge+1","floor":24}],"player_experience":729507,"relics_obtained":[{"floor":6.0,"key":"Bottled Lightning"},{"floor":8.0,"key":"StoneCalendar"},{"floor":9.0,"key":"Darkstone Periapt"}],"event_choices":[{"cards_removed":["Strike_R"],"damage_healed":0.0,"max_hp_gain":0.0,"max_hp_loss":0.0,"gold_gain":0.0,"event_name":"The Cleric","player_choice":"Card Removal","floor":2.0,"gold_loss":50.0,"damage_taken":0.0},{"damage_healed":0.0,"max_hp_gain":0.0,"max_hp_loss":0.0,"gold_gain":75.0,"event_name":"World of Goop","player_choice":"Gather Gold","floor":3.0,"gold_loss":0.0,"damage_taken":11.0}],"is_beta":false,"boss_relics":[{"not_picked":["Runic Dome","Astrolabe"],"picked":"Pandora\u0027s Box"}],"items_purged_floors":[4],"is_endless":false,"potions_floor_spawned":[6,8,11,12,13,14,20,22],"killed_by":"Gremlin Leader","ascension_level":6}