{"gold_per_floor":[113,113,131,146,96,96,96,115,140,163,163,16,16,35,35,154,154,177,192,192,206,229,229,273,273],"floor_reached":25,"playtime":1986,"items_purged":[],"score":247,"play_id":"eebcf00d-7de3-4532-b913-51b9719ccd9b","local_time":"20190728222053","is_ascension_mode":true,"campfire_choices":[{"floor":6,"key":"RECALL"},{"data":"Fire Breathing","floor":13,"key":"SMITH"},{"data":"Blind","floor":15,"key":"SMITH"},{"data":"Juggernaut","floor":23,"key":"SMITH"}],"neow_cost":"NONE","seed_source_timestamp":1323365214594955,"circlet_count":0,"master_deck":["Strike_R","Strike_R","Strike_R","Defend_R","Defend_R","Defend_R","Defend_R","Bash","Blind+1","Anger","Fire Breathing+1","Wild Strike","Ghostly Armor","Inflame","Battle Trance","Reaper","Anger+1","Body Slam","Shrug It Off+1","Juggernaut+1","Pummel+1"],"relics":["Burning Blood","Golden Idol","Anchor","Omamori","Philosopher\u0027s Stone","Regal Pillow"],"potions_floor_usage":[16,24],"damage_taken":[{"damage":9,"enemies":"Jaw Worm","floor":1,"turns":2},{"damage":1,"enemies":"Small Slimes","floor":3,"turns":4},{"damage":0,"enemies":"2 Louse","floor":4,"turns":2},{"damage":18,"enemies":"Exordium Thugs","floor":8,"turns":6},{"damage":8,"enemies":"Gremlin Gang","floor":10,"turns":6},{"damage":6,"enemies":"Blue Slaver","floor":14,"turns":3},{"damage":26,"enemies":"Slime Boss","floor":16,"turns":9},{"damage":34,"enemies":"3 Byrds","floor":18,"turns":6},{"damage":23,"enemies":"Spheric Guardian","floor":19,"turns":4},{"damage":23,"enemies":"3 Cultists","floor":21,"turns":5},{"damage":25,"enemies":"Snecko","floor":22,"turns":6},{"damage":24,"enemies":"Slavers","floor":24,"turns":5},{"damage":21,"enemies":"Sentry and Sphere","floor":25,"turns":3}],"seed_played":"-34189029115665621","potions_obtained":[{"floor":8,"key":"Swift Potion"},{"floor":10,"key":"Block Potion"},{"floor":22,"key":"SkillPotion"}],"is_trial":false,"path_per_floor":["M","?","M","M","?","R","?","M","T","M","T","$","R","M","R","B",null,"M","M","?","M","M","R","E","M"],"character_chosen":"IRONCLAD","items_purchased":["Omamori"],"campfire_rested":0,"item_purchase_floors":[12],"current_hp_per_floor":[77,82,85,85,85,85,64,52,52,50,50,50,50,50,50,30,85,63,46,46,41,31,31,13,0],"gold":273,"neow_bonus":"RANDOM_COLORLESS","is_prod":false,"is_daily":false,"chose_seed":false,"campfire_upgraded":3,"win_rate":0,"timestamp":1564370453,"path_taken":["M","?","M","M","?","R","?","M","T","M","?","$","R","?","R","BOSS","M","?","?","M","M","R","E","M"],"build_version":"2019-07-17","purchased_purges":0,"victory":false,"max_hp_per_floor":[80,85,85,85,85,85,85,85,85,85,85,85,85,85,85,85,85,85,85,85,85,85,85,85,85],"card_choices":[{"not_picked":["Sword Boomerang","Body Slam"],"picked":"Anger","floor":1},{"not_picked":["Wild Strike","True Grit"],"picked":"Fire Breathing","floor":3},{"not_picked":["Body Slam","Heavy Blade"],"picked":"Wild Strike","floor":4},{"not_picked":["Warcry","Clothesline"],"picked":"Ghostly Armor","floor":8},{"not_picked":["Reckless Charge","Body Slam"],"picked":"Inflame","floor":10},{"not_picked":["Spot Weakness","Headbutt"],"picked":"Battle Trance","floor":14},{"not_picked":["Feed","Barricade"],"picked":"Reaper","floor":16},{"not_picked":["Combust","Warcry"],"picked":"Anger+1","floor":18},{"not_picked":["Clash","Searing Blow"],"picked":"Body Slam","floor":19},{"not_picked":["Disarm","Thunderclap"],"picked":"Shrug It Off+1","floor":21},{"not_picked":["Rage","Rampage"],"picked":"Juggernaut","floor":22},{"not_picked":["Whirlwind","Berserk"],"picked":"Pummel+1","floor":24}],"player_experience":104175,"relics_obtained":[{"floor":11,"key":"Anchor"},{"floor":24,"key":"Regal Pillow"}],"event_choices":[{"damage_healed":0,"gold_gain":0,"player_choice":"Donut","damage_taken":0,"max_hp_gain":5,"max_hp_loss":0,"event_name":"Big Fish","floor":2,"gold_loss":0},{"cards_removed":["Strike_R"],"damage_healed":0,"gold_gain":0,"player_choice":"Card Removal","damage_taken":0,"max_hp_gain":0,"max_hp_loss":0,"event_name":"The Cleric","floor":5,"gold_loss":50},{"damage_healed":0,"gold_gain":0,"player_choice":"Take Damage","damage_taken":21,"relics_obtained":["Golden Idol"],"max_hp_gain":0,"max_hp_loss":0,"event_name":"Golden Idol","floor":7,"gold_loss":0},{"cards_removed":["Strike_R"],"damage_healed":0,"gold_gain":0,"player_choice":"Purged","damage_taken":0,"max_hp_gain":0,"max_hp_loss":0,"event_name":"Purifier","floor":20,"gold_loss":0}],"is_beta":false,"boss_relics":[{"not_picked":["White Beast Statue","Tiny House"],"picked":"Philosopher\u0027s Stone"}],"items_purged_floors":[],"is_endless":false,"potions_floor_spawned":[8,10,22],"killed_by":"Sentry and Sphere","ascension_level":3}