{"path_per_floor":["M","?","$","M","M","R","M","R","T","?","R","?","M","M","R","B",null,"M","$","M","?","?","R","?","R","T","R","M","R","E","?","R","B",null,"M"],"character_chosen":"IRONCLAD","items_purchased":["Metallicize"],"gold_per_floor":[119,119,4,19,32,32,52,52,124,182,182,182,192,212,212,307,307,325,225,244,244,244,244,144,144,198,198,215,215,248,278,278,375,375,391],"floor_reached":36,"campfire_rested":3,"playtime":5023,"current_hp_per_floor":[75,75,75,80,80,80,80,80,80,65,65,53,50,54,54,65,80,63,63,61,46,46,46,46,46,46,71,64,85,50,50,75,68,85,84],"items_purged":["Decay","Pain"],"gold":391,"play_id":"f8a20c17-91a6-4051-b481-c9009bddc9b2","is_prod":false,"is_daily":false,"campfire_rituals":0,"campfire_upgraded":4,"is_hardmode":false,"path_taken":["M","?","$","M","M","R","M","R","T","?","R","?","?","?","R","BOSS","M","$","M","?","?","R","?","R","T","R","?","R","E","?","R","BOSS","M","?"],"build_version":"2018-01-18-PROD4","purchased_purges":2,"victory":false,"master_deck":["Strike_R","Strike_R","Strike_R","Strike_R","Defend_R","Defend_R","Defend_R","Defend_R","Bash","Iron Wave","Metallicize","Headbutt","Flex","Armaments","Warcry","Cleave","Demon Form","Iron Wave","Feel No Pain","J.A.X.","Battle Trance","Writhe","Offering","Pommel Strike"],"max_hp_per_floor":[80,80,80,80,80,80,80,80,80,80,80,80,80,80,80,80,80,80,80,80,85,85,85,85,85,85,85,85,85,85,85,85,85,85,85],"relics":["Burning Blood","Peace Pipe","Pantograph","Dodecahedron","Oddly Smooth Stone","Calling Bell","Bird Faced Urn","Toolbox","War Paint","Whetstone","Centennial Puzzle","Tiny Chest","Lizard Tail"],"campfire_meditates":0,"card_choices":[{"not_picked":["Pommel Strike","Sword Boomerang"],"picked":"Iron Wave"},{"not_picked":["Sword Boomerang","Clash"],"picked":"Headbutt"},{"not_picked":["Searing Blow","Brutality"],"picked":"Flex"},{"not_picked":["Twin Strike","Cleave"],"picked":"Armaments"},{"not_picked":["Reckless Charge","Flex"],"picked":"Warcry"},{"not_picked":["Searing Blow","Thunderclap"],"picked":"Cleave"},{"not_picked":["Bludgeon","Double Tap"],"picked":"Demon Form"},{"not_picked":["Second Wind","Twin Strike"],"picked":"Iron Wave"},{"not_picked":["Sever Soul","Armaments"],"picked":"Battle Trance"},{"not_picked":["Impervious","Juggernaut"],"picked":"Offering"},{"not_picked":["Corruption","Iron Wave"],"picked":"Pommel Strike"}],"player_experience":70947,"potions_floor_usage":[10,16,18,20,35,36],"damage_taken":[{"damage":11,"enemies":"Jaw Worm","floor":1,"turns":5},{"damage":0,"enemies":"Cultist","floor":4,"turns":4},{"damage":0,"enemies":"Small Slimes","floor":5,"turns":4},{"damage":5,"enemies":"2 Fungi Beasts","floor":7,"turns":3},{"damage":21,"enemies":"Gremlin Nob","floor":10,"turns":4},{"damage":9,"enemies":"Exordium Wildlife","floor":13,"turns":7},{"damage":2,"enemies":"Large Slime","floor":14,"turns":9},{"damage":21,"enemies":"The Guardian","floor":16,"turns":9},{"damage":24,"enemies":"Chosen","floor":18,"turns":8},{"damage":10,"enemies":"Shell Parasite","floor":20,"turns":11},{"damage":19,"enemies":"Centurion and Healer","floor":28,"turns":8},{"damage":41,"enemies":"Book of Stabbing","floor":30,"turns":7},{"damage":26,"enemies":"Champ","floor":33,"turns":13},{"damage":7,"enemies":"3 Shapes","floor":35,"turns":9},{"damage":138,"enemies":"Mysterious Sphere","floor":36,"turns":9}],"event_choices":[{"event_name":"Liars Game","player_choice":"disagreed","floor":2,"damage_taken":0},{"event_name":"Dead Adventurer","player_choice":"Searched \u00272\u0027 times","floor":10,"damage_taken":0},{"event_name":"Scrap Ooze","player_choice":"success","floor":12,"damage_taken":12},{"event_name":"Forgotten Altar","player_choice":"Shed Blood","floor":21,"damage_taken":0},{"event_name":"Transmorgrifier","player_choice":"Transform","floor":22,"damage_taken":0},{"event_name":"Drug Dealer","player_choice":"Got JAXXED","floor":24,"damage_taken":0},{"event_name":"The Mausoleum","player_choice":"Yes","floor":31,"damage_taken":0},{"event_name":"Mysterious Sphere","player_choice":"Fight","floor":36,"damage_taken":0}],"boss_relics":[{"not_picked":["Black Star","Runic Cube"],"picked":"Calling Bell"},{"not_picked":["Orrery","Tiny House"],"picked":"Lizard Tail"}],"potions_floor_spawned":[7,13,14,16,18,30],"seed_played":"-8454776316738437705","killed_by":"Mysterious Sphere","is_trial":false}