{"gold_per_floor":[118,67,242,242,167,198,52,68,68,82,82,97,116,128,128,230,230,247,9,21,21],"floor_reached":21,"playtime":550,"items_purged":["Doubt"],"score":181,"play_id":"8e5f23b3-cf08-4ad1-838e-9b25f7c4f39a","local_time":"20180630222034","is_ascension_mode":false,"campfire_choices":[{"data":"Shrug It Off","floor":11,"key":"SMITH"},{"data":"Armaments","floor":15,"key":"SMITH"}],"neow_cost":"","seed_source_timestamp":911585358409,"circlet_count":0,"master_deck":["Strike_R","Strike_R","Strike_R","Strike_R","Strike_R","Defend_R","Defend_R","Defend_R","Defend_R","Bash+1","Cleave","Shrug It Off+1","Thunderclap","Iron Wave","Armaments+1","Twin Strike","Demon Form+1"],"relics":["Burning Blood","Toolbox","Singing Bowl","Frozen Egg 2","Philosopher\u0027s Stone","Paper Frog"],"potions_floor_usage":[16,16,16,18],"damage_taken":[{"damage":0,"enemies":"Small Slimes","floor":1,"turns":3},{"damage":20,"enemies":"3 Sentries","floor":6,"turns":9},{"damage":8,"enemies":"2 Louse","floor":8,"turns":2},{"damage":6,"enemies":"Cultist","floor":10,"turns":4},{"damage":8,"enemies":"2 Fungi Beasts","floor":12,"turns":3},{"damage":0,"enemies":"Gremlin Gang","floor":13,"turns":3},{"damage":6,"enemies":"Exordium Thugs","floor":14,"turns":3},{"damage":71,"enemies":"Hexaghost","floor":16,"turns":13},{"damage":31,"enemies":"2 Thieves","floor":18,"turns":3},{"damage":50,"enemies":"Spheric Guardian","floor":20,"turns":6},{"damage":0,"enemies":"Snake Plant","floor":21,"turns":1}],"seed_played":"-2783858474733011691","potions_obtained":[{"floor":1,"key":"Energy Potion"},{"floor":13,"key":"EssenceOfSteel"},{"floor":14,"key":"Block Potion"},{"floor":16,"key":"Explosive Potion"}],"is_trial":false,"path_per_floor":["M","$","?","?","$","E","$","M","T","M","R","M","M","M","R","B",null,"M","$","M"],"character_chosen":"IRONCLAD","items_purchased":["Shrug It Off","Singing Bowl","Paper Frog"],"campfire_rested":0,"item_purchase_floors":[2,7,19],"current_hp_per_floor":[80,80,80,80,80,66,66,64,64,64,64,64,70,74,74,9,82,59,59,17,17],"gold":21,"neow_bonus":"","is_prod":false,"is_daily":false,"chose_seed":false,"campfire_upgraded":2,"win_rate":0,"timestamp":1530386434,"path_taken":["M","$","?","?","$","E","$","M","T","M","R","M","M","M","R","BOSS","M","$","M","?"],"build_version":"2018-06-28","purchased_purges":1,"victory":false,"max_hp_per_floor":[80,80,80,80,80,80,80,80,80,80,80,82,82,82,82,82,82,84,84,86,86],"card_choices":[{"not_picked":["Metallicize","Heavy Blade"],"picked":"Cleave","floor":1},{"not_picked":["Havoc","Warcry","Corruption"],"picked":"SKIP","floor":6},{"not_picked":["Flex","Perfected Strike"],"picked":"Thunderclap","floor":8},{"not_picked":["Carnage","Searing Blow"],"picked":"Iron Wave","floor":10},{"not_picked":["Combust+1","Bloodletting","Warcry"],"picked":"Singing Bowl","floor":12},{"not_picked":["Pommel Strike","Perfected Strike"],"picked":"Armaments","floor":13},{"not_picked":["Clash","Rage"],"picked":"Twin Strike","floor":14},{"not_picked":["Reaper","Berserk+1"],"picked":"Demon Form+1","floor":16},{"not_picked":["Body Slam","Shockwave","Sword Boomerang+1"],"picked":"Singing Bowl","floor":18},{"not_picked":["Second Wind+1","Clash","Armaments"],"picked":"Singing Bowl","floor":20}],"player_experience":175309,"relics_obtained":[{"floor":6,"key":"Toolbox"},{"floor":9,"key":"Frozen Egg 2"}],"event_choices":[{"event_name":"Liars Game","player_choice":"agreed","floor":3,"damage_taken":0},{"event_name":"Upgrade Shrine","player_choice":"Upgraded","floor":4,"damage_taken":0}],"boss_relics":[{"not_picked":["Runic Cube","Astrolabe"],"picked":"Philosopher\u0027s Stone"}],"items_purged_floors":[5],"is_endless":false,"potions_floor_spawned":[1,13,14,16],"killed_by":"Snake Plant","ascension_level":0}