{"path_per_floor":["M","$","?","M","M","R","E","R","T","$","M","M","R","$","R","B",null,"M","M","M","$","M","R","M","$","T","R","M","M","M","M","R","B",null,"M","?","T","M","?","R","M","R","T","M","?","R","M","M","R","B"],"character_chosen":"THE_SILENT","items_purchased":["Noxious Fumes","Backflip"],"gold_per_floor":[18,18,18,35,55,55,119,119,145,1,13,23,23,23,23,119,119,134,152,162,62,77,77,95,41,41,41,53,73,90,104,104,199,199,212,0,52,65,65,65,78,78,78,93,93,93,105,119,119,119],"floor_reached":51,"campfire_rested":1,"playtime":6283,"current_hp_per_floor":[70,70,70,70,70,70,53,53,53,53,50,50,50,50,50,40,70,68,61,54,54,54,54,54,54,54,54,54,46,45,45,45,49,70,70,70,70,70,60,60,60,60,60,47,47,47,46,39,70,39],"items_purged":["Strike_G","Strike_G"],"gold":119,"play_id":"9c518e0c-353b-41c0-b2bc-8480e57c5264","is_prod":false,"is_daily":false,"is_ascension_mode":true,"campfire_upgraded":10,"path_taken":["M","$","?","M","M","R","E","R","T","$","?","M","R","$","R","BOSS","M","M","M","$","M","R","M","$","T","R","M","M","M","M","R","BOSS","M","?","?","M","?","R","?","R","T","M","?","R","M","?","R","BOSS"],"build_version":"2018-01-26-BETA1","purchased_purges":2,"victory":true,"master_deck":["Defend_G","Defend_G","Defend_G","Defend_G","Strike_G","Survivor","Neutralize+1","Acrobatics+1","Calculated Gamble+1","Deadly Poison+1","Dagger Throw","Poisoned Stab","Bane","Underhanded Strike","Noxious Fumes+1","Footwork+1","After Image","Backflip+1","Footwork+1","Blur+1","Malaise+1","Backflip","Well Laid Plans+1","Backstab+1","Reflex","Venomology","Clumsy","Madness","Madness","Blur+1","Clumsy","Tools of the Trade","Noxious Fumes+1"],"max_hp_per_floor":[70,70,70,70,70,70,70,70,70,70,70,70,70,70,70,70,70,70,70,70,70,70,70,70,70,70,70,70,70,70,70,70,70,70,70,70,70,70,70,70,70,70,70,70,70,70,70,70,70,70],"relics":["Ring of the Snake","Tiny Chest","Bag of Marbles","Velvet Choker","Frozen Eye","Cursed Key","Red Mask","Regal Pillow","Ginger"],"card_choices":[{"not_picked":["Burst","Underhanded Strike"],"picked":"Deadly Poison"},{"not_picked":["Finisher","Malaise"],"picked":"Poisoned Stab"},{"not_picked":["Prepared","Cloak And Dagger"],"picked":"Bane"},{"not_picked":["Bane","Acrobatics"],"picked":"Underhanded Strike"},{"not_picked":["Bane","Predator"],"picked":"Footwork"},{"not_picked":["A Thousand Cuts","Wraith Form"],"picked":"After Image"},{"not_picked":["Escape Plan","Acrobatics"],"picked":"Backflip"},{"not_picked":["Bane","Dagger Throw"],"picked":"Footwork"},{"not_picked":["Flechettes","Dodge and Roll"],"picked":"Blur"},{"not_picked":["Flying Knee","Outmaneuver"],"picked":"Malaise"},{"not_picked":["Slice","Riddle With Holes"],"picked":"Well Laid Plans"},{"not_picked":["Deadly Poison","Caltrops"],"picked":"Backstab"},{"not_picked":["Skewer","Terror"],"picked":"Reflex"},{"not_picked":["Bullet Time","After Image"],"picked":"Venomology"},{"not_picked":["Endless Agony","Dagger Spray"],"picked":"Blur"},{"not_picked":["Dagger Throw","PiercingWail"],"picked":"Tools of the Trade"}],"player_experience":62669,"potions_floor_usage":[16,22,30,33,35,41,41,44,47,47,48,48,50,50],"damage_taken":[{"damage":0,"enemies":"2 Louse","floor":1,"turns":4},{"damage":0,"enemies":"Jaw Worm","floor":4,"turns":5},{"damage":0,"enemies":"Blue Slaver","floor":5,"turns":7},{"damage":17,"enemies":"Gremlin Nob","floor":7,"turns":4},{"damage":3,"enemies":"Gremlin Gang","floor":11,"turns":4},{"damage":0,"enemies":"Exordium Wildlife","floor":12,"turns":3},{"damage":10,"enemies":"The Guardian","floor":16,"turns":9},{"damage":2,"enemies":"Shell Parasite","floor":18,"turns":5},{"damage":7,"enemies":"Spheric Guardian","floor":19,"turns":4},{"damage":7,"enemies":"Centurion and Healer","floor":20,"turns":7},{"damage":0,"enemies":"Snecko","floor":22,"turns":5},{"damage":0,"enemies":"3 Cultists","floor":24,"turns":5},{"damage":0,"enemies":"Centurion and Healer","floor":28,"turns":7},{"damage":8,"enemies":"Snecko","floor":29,"turns":7},{"damage":1,"enemies":"Chosen and Byrds","floor":30,"turns":6},{"damage":0,"enemies":"Sentry and Sphere","floor":31,"turns":5},{"damage":11,"enemies":"Automaton","floor":33,"turns":12},{"damage":0,"enemies":"Orb Walker","floor":35,"turns":5},{"damage":0,"enemies":"3 Shapes","floor":38,"turns":6},{"damage":0,"enemies":"Sphere and 2 Shapes","floor":41,"turns":7},{"damage":13,"enemies":"4 Shapes","floor":44,"turns":7},{"damage":1,"enemies":"Flame Bruiser 2 Orb","floor":47,"turns":8},{"damage":7,"enemies":"Spire Growth","floor":48,"turns":5},{"damage":31,"enemies":"Donu and Deca","floor":50,"turns":11}],"event_choices":[{"event_name":"Living Wall","player_choice":"Change","floor":3,"damage_taken":0},{"event_name":"Tomb of Lord Red Mask","player_choice":"Paid","floor":36,"damage_taken":0},{"event_name":"Winding Halls","player_choice":"Embrace Madness","floor":39,"damage_taken":0},{"event_name":"Duplicator","player_choice":"One dupe","floor":45,"damage_taken":0}],"boss_relics":[{"not_picked":["The Specimen","Astrolabe"],"picked":"Velvet Choker"},{"not_picked":["Black Star","Orrery"],"picked":"Cursed Key"}],"potions_floor_spawned":[1,4,11,20,29,30,31,41,47],"seed_played":"544464563565354916","ascension_level":4,"is_trial":false}