{"gold_per_floor":[117,66,141,92,112,147,147,178,178,178,188,202,214,234,234,339,339,355,375,391,85,100,125,125,139,139,139,154,164,19,29,29,129,129,141,161,175,175,175,175,27,78,78,92,58,74,88,88],"floor_reached":48,"playtime":2136,"items_purged":[],"score":495,"play_id":"0aa1a3e1-c8f3-4293-bd15-7b42c8db7725","local_time":"20180727112546","is_ascension_mode":false,"campfire_choices":[{"data":"Rainbow","floor":7.0,"key":"SMITH"},{"data":"Zap","floor":10.0,"key":"SMITH"},{"floor":15.0,"key":"REST"},{"data":"Echo Form","floor":24.0,"key":"SMITH"},{"data":"Seek","floor":27.0,"key":"SMITH"},{"data":"Fusion","floor":32.0,"key":"SMITH"},{"data":"Seek","floor":40,"key":"SMITH"}],"neow_cost":"NONE","seed_source_timestamp":53112460095607,"circlet_count":0,"master_deck":["Strike_B","Strike_B","Strike_B","Strike_B","Defend_B","Defend_B","Defend_B","Defend_B","Zap+1","Dualcast","Rainbow+1","Self Repair","Barrage","Ball Lightning","Conserve Battery","Hologram","Barrage","Steam","Coolheaded","Glacier","Echo Form+1","Conserve Battery","Glacier","Seek+1","Redo+1","Compile Driver","Fusion+1","Seek+1","Leap+1","Static Discharge","Madness","Madness","Cold Snap+1","Static Discharge","Machine Learning","Leap"],"special_seed":0,"relics":["Cracked Core","Cables","Bag of Preparation","Omamori","Sozu","Bronze Scales","Vajra","DataDisk","Blood Vial","White Beast Statue","Dodecahedron","Boot","Unceasing Top","Blue Candle"],"potions_floor_usage":[],"damage_taken":[{"damage":0.0,"enemies":"2 Louse","floor":1.0,"turns":3.0},{"damage":7.0,"enemies":"Small Slimes","floor":5.0,"turns":3.0},{"damage":23.0,"enemies":"3 Sentries","floor":6.0,"turns":6.0},{"damage":15.0,"enemies":"Gremlin Nob","floor":8.0,"turns":4.0},{"damage":0.0,"enemies":"Cultist","floor":11.0,"turns":2.0},{"damage":6.0,"enemies":"3 Louse","floor":12.0,"turns":2.0},{"damage":17.0,"enemies":"Lots of Slimes","floor":13.0,"turns":4.0},{"damage":10.0,"enemies":"Blue Slaver","floor":14.0,"turns":3.0},{"damage":28.0,"enemies":"Hexaghost","floor":16.0,"turns":11.0},{"damage":9.0,"enemies":"3 Byrds","floor":18.0,"turns":4.0},{"damage":13.0,"enemies":"2 Thieves","floor":19.0,"turns":3.0},{"damage":5.0,"enemies":"Chosen and Byrds","floor":20.0,"turns":8.0},{"damage":0.0,"enemies":"Centurion and Healer","floor":22.0,"turns":7.0},{"damage":22.0,"enemies":"Book of Stabbing","floor":23.0,"turns":5.0},{"damage":0.0,"enemies":"Snecko","floor":25.0,"turns":4.0},{"damage":12.0,"enemies":"3 Cultists","floor":28.0,"turns":4.0},{"damage":11.0,"enemies":"Slaver and Parasite","floor":29.0,"turns":4.0},{"damage":0.0,"enemies":"Snecko","floor":31.0,"turns":4.0},{"damage":9,"enemies":"Champ","floor":33,"turns":11},{"damage":25,"enemies":"3 Darklings","floor":35,"turns":6},{"damage":4,"enemies":"Flame Bruiser 1 Orb","floor":36,"turns":7},{"damage":6,"enemies":"Maw","floor":37,"turns":9},{"damage":38,"floor":42,"turns":3},{"damage":0,"enemies":"3 Darklings","floor":44,"turns":6},{"damage":18,"enemies":"Spire Growth","floor":46,"turns":6},{"damage":15,"enemies":"4 Shapes","floor":47,"turns":7},{"damage":40,"enemies":"Transient","floor":48,"turns":5}],"seed_played":"7621200812449324582","potions_obtained":[{"floor":1.0,"key":"Weak Potion"},{"floor":6.0,"key":"PowerPotion"},{"floor":14.0,"key":"SpeedPotion"}],"is_trial":false,"path_per_floor":["M","$","?","$","M","E","R","E","T","R","M","M","M","M","R","B",null,"M","M","M","$","M","E","R","M","T","R","M","M","$","M","R","B",null,"M","M","M","?","?","R","$","?","T","M","$","M","M"],"character_chosen":"DEFECT","items_purchased":["Barrage","Ball Lightning","Seek","Bronze Scales","Blood Vial","Boot","Static Discharge"],"campfire_rested":1,"item_purchase_floors":[2,4,21,21,30,41,45],"current_hp_per_floor":[75,75,64,64,64,48,48,40,40,40,40,41,31,28,50,29,75,73,60,62,62,69,47,47,54,54,54,42,38,38,47,47,47,75,57,62,72,72,63,63,63,34,34,43,43,34,35,0],"gold":88,"neow_bonus":"ONE_RANDOM_RARE_CARD","is_prod":false,"is_daily":false,"chose_seed":false,"campfire_upgraded":6,"win_rate":0,"timestamp":1532679946,"path_taken":["M","$","?","$","M","E","R","E","T","R","M","M","M","M","R","BOSS","M","M","M","$","M","E","R","M","T","R","M","M","$","M","R","BOSS","M","M","M","?","?","R","$","?","T","?","$","M","M","M"],"build_version":"2018-07-26","purchased_purges":0,"victory":false,"max_hp_per_floor":[75,75,75,75,75,75,75,75,75,75,75,75,75,75,75,75,75,75,75,75,75,75,75,75,75,75,75,75,75,75,75,75,75,75,75,75,75,75,75,75,75,75,75,75,75,75,75,75],"card_choices":[{"not_picked":["Consume","Sweeping Beam"],"picked":"Self Repair","floor":1.0},{"not_picked":["Blizzard","Darkness"],"picked":"Conserve Battery","floor":5.0},{"not_picked":["Creative AI","Reinforced Body"],"picked":"Hologram","floor":6.0},{"not_picked":["Skim","Turbo"],"picked":"Barrage","floor":8.0},{"not_picked":["White Noise","Sweeping Beam"],"picked":"Steam","floor":11.0},{"not_picked":["Steam Power","Barrage","Lockon"],"picked":"SKIP","floor":12.0},{"not_picked":["Aggregate","Go for the Eyes"],"picked":"Coolheaded","floor":13.0},{"not_picked":["Steam","Sunder"],"picked":"Glacier","floor":14.0},{"not_picked":["Core Surge","Amplify"],"picked":"Echo Form","floor":16.0},{"not_picked":["Beam Cell+1","Cold Snap"],"picked":"Conserve Battery","floor":18.0},{"not_picked":["Streamline","Force Field+1","Go for the Eyes"],"picked":"SKIP","floor":19.0},{"not_picked":["Reinforced Body","Leap"],"picked":"Glacier","floor":20.0},{"not_picked":["Beam Cell","Steam Power"],"picked":"Redo+1","floor":22.0},{"not_picked":["Chaos","Leap+1"],"picked":"Compile Driver","floor":23.0},{"not_picked":["Beam Cell","Darkness","Coolheaded"],"picked":"SKIP","floor":25.0},{"not_picked":["Beam Cell","Tempest","Streamline+1"],"picked":"SKIP","floor":28.0},{"not_picked":["Turbo","Creative AI"],"picked":"Fusion","floor":29.0},{"not_picked":["Go for the Eyes","Leap","Beam Cell"],"picked":"SKIP","floor":31.0},{"not_picked":["Core Surge","Rainbow"],"picked":"Seek","floor":33},{"not_picked":["Beam Cell","Stack"],"picked":"Leap+1","floor":35},{"not_picked":["Blizzard+1","Conserve Battery"],"picked":"Static Discharge","floor":36},{"not_picked":["Compile Driver","Streamline","Sweeping Beam+1"],"picked":"SKIP","floor":37},{"not_picked":["Ball Lightning+1","Turbo+1"],"picked":"Cold Snap+1","floor":42},{"not_picked":["Hello World","Go for the Eyes","Reinforced Body"],"picked":"SKIP","floor":44},{"not_picked":["Stack+1","Self Repair"],"picked":"Machine Learning","floor":46},{"not_picked":["Chill+1","Stack+1"],"picked":"Leap","floor":47}],"player_experience":233866,"relics_obtained":[{"floor":6.0,"key":"Cables"},{"floor":8.0,"key":"Bag of Preparation"},{"floor":9.0,"key":"Omamori"},{"floor":23.0,"key":"Vajra"},{"floor":26.0,"key":"DataDisk"},{"floor":42,"key":"Unceasing Top"},{"floor":43,"key":"Blue Candle"}],"event_choices":[{"event_name":"World of Goop","player_choice":"Gather Gold","floor":3.0,"damage_taken":0.0},{"event_name":"WeMeetAgain","player_choice":"Potion","floor":38,"damage_taken":0},{"event_name":"Winding Halls","player_choice":"Embrace Madness","floor":39,"damage_taken":0},{"event_name":"Mysterious Sphere","player_choice":"Fight","floor":42,"damage_taken":0}],"is_beta":false,"boss_relics":[{"not_picked":["Orrery","Runic Dome"],"picked":"Sozu"},{"not_picked":["Empty Cage","Velvet Choker"],"picked":"White Beast Statue"}],"items_purged_floors":[],"is_endless":false,"potions_floor_spawned":[1,6,14,18,19,28,29,33,35,36,37,42,44,46,47],"killed_by":"Transient","ascension_level":0}