{"gold_per_floor":[112,38,53,65,65,96,108,108,132,142,160,160,187,199,199,295,295,310,330,330,330,344,374,374,106,130,157,157,183,98,111,111,207,207,221,238,258,275,287,287,304,319,319,347,347,357,183,183,183,183],"floor_reached":51,"playtime":22355,"items_purged":["Defend_R","Sword Boomerang+1"],"score":861,"play_id":"cf6a1e10-7572-4652-a865-fb09d008f51b","local_time":"20190726220804","is_ascension_mode":true,"campfire_choices":[{"data":"Armaments","floor":12.0,"key":"SMITH"},{"data":"Dual Wield","floor":15.0,"key":"SMITH"},{"data":"Feel No Pain","floor":24.0,"key":"SMITH"},{"data":"Brutality","floor":28.0,"key":"SMITH"},{"data":"Intimidate","floor":32.0,"key":"SMITH"},{"data":"True Grit","floor":40.0,"key":"SMITH"},{"data":"Juggernaut","floor":45.0,"key":"SMITH"},{"floor":49,"key":"REST"}],"neow_cost":"TEN_PERCENT_HP_LOSS","seed_source_timestamp":18891795547116,"circlet_count":0,"master_deck":["Strike_R+1","Defend_R","Bash","Feed","True Grit","Feel No Pain+1","True Grit+1","Dual Wield+1","Clothesline+1","Reaper","Offering","Iron Wave","Armaments+1","Juggernaut+1","True Grit+1","Havoc+1","Infernal Blade+1","Feel No Pain+1","Brutality+1","Shockwave","Rage","Feel No Pain+1","Intimidate+1","Offering","Sentinel","Body Slam"],"special_seed":0,"relics":["Burning Blood","Oddly Smooth Stone","PreservedInsect","Whetstone","Astrolabe","Regal Pillow","ClockworkSouvenir","Strawberry","Bag of Preparation","Bottled Lightning","Potion Belt","Velvet Choker","Mummified Hand","Shuriken"],"potions_floor_usage":[48,50,50],"damage_taken":[{"damage":0.0,"enemies":"Small Slimes","floor":1.0,"turns":3.0},{"damage":7.0,"enemies":"Jaw Worm","floor":3.0,"turns":4.0},{"damage":13.0,"enemies":"Cultist","floor":4.0,"turns":6.0},{"damage":33.0,"enemies":"Lagavulin","floor":6.0,"turns":10.0},{"damage":6.0,"enemies":"Looter","floor":7.0,"turns":5.0},{"damage":3.0,"enemies":"Blue Slaver","floor":10.0,"turns":6.0},{"damage":5.0,"enemies":"2 Fungi Beasts","floor":11.0,"turns":6.0},{"damage":6.0,"enemies":"3 Sentries","floor":13.0,"turns":11.0},{"damage":2.0,"enemies":"Exordium Thugs","floor":14.0,"turns":6.0},{"damage":66.0,"enemies":"Slime Boss","floor":16.0,"turns":15.0},{"damage":8.0,"enemies":"3 Byrds","floor":18.0,"turns":6.0},{"damage":8.0,"enemies":"Chosen","floor":19.0,"turns":8.0},{"damage":9.0,"enemies":"Snecko","floor":22.0,"turns":4.0},{"damage":17.0,"enemies":"Gremlin Leader","floor":23.0,"turns":7.0},{"damage":30.0,"enemies":"Book of Stabbing","floor":27.0,"turns":5.0},{"damage":17.0,"enemies":"Slavers","floor":29.0,"turns":7.0},{"damage":28.0,"enemies":"Shelled Parasite and Fungi","floor":31.0,"turns":7.0},{"damage":33.0,"enemies":"Champ","floor":33.0,"turns":13.0},{"damage":15.0,"enemies":"3 Shapes","floor":35.0,"turns":4.0},{"damage":26.0,"enemies":"3 Darklings","floor":36.0,"turns":8.0},{"damage":35.0,"enemies":"Sphere and 2 Shapes","floor":37.0,"turns":8.0},{"damage":42.0,"enemies":"4 Shapes","floor":38.0,"turns":30.0},{"damage":6.0,"enemies":"Transient","floor":39.0,"turns":5.0},{"damage":25.0,"enemies":"3 Darklings","floor":41.0,"turns":12.0},{"damage":33.0,"enemies":"Writhing Mass","floor":42.0,"turns":9.0},{"damage":33.0,"enemies":"Giant Head","floor":44.0,"turns":9.0},{"damage":7,"enemies":"4 Shapes","floor":46,"turns":48},{"damage":0,"enemies":"Transient","floor":48,"turns":1},{"damage":27,"enemies":"Donu and Deca","floor":50,"turns":10}],"seed_played":"-1999916561917825391","potions_obtained":[{"floor":1.0,"key":"BloodPotion"},{"floor":4.0,"key":"Dexterity Potion"},{"floor":6.0,"key":"Block Potion"},{"floor":7.0,"key":"Weak Potion"},{"floor":16.0,"key":"SkillPotion"},{"floor":18.0,"key":"Energy Potion"},{"floor":27.0,"key":"Fire Potion"},{"floor":33.0,"key":"FearPotion"},{"floor":36.0,"key":"Energy Potion"},{"floor":38.0,"key":"Swift Potion"},{"floor":41.0,"key":"PowerPotion"},{"floor":44.0,"key":"SmokeBomb"},{"floor":46,"key":"Ancient Potion"}],"is_trial":false,"path_per_floor":["M","$","M","M","?","E","M","?","T","M","M","R","E","M","R","B",null,"M","M","?","?","M","E","R","$","T","E","R","E","?","M","R","B",null,"M","M","M","M","M","R","M","M","T","E","R","M","$","M","R","B",null],"character_chosen":"IRONCLAD","items_purchased":["Feel No Pain","ClockworkSouvenir","BloodPotion"],"campfire_rested":1,"item_purchase_floors":[2,25,47],"current_hp_per_floor":[75,75,77,70,54,27,46,46,46,56,68,68,87,88,88,42,92,93,94,94,94,95,101,101,101,108,87,87,86,86,73,73,51,119,119,108,95,87,93,93,134,116,116,95,95,123,123,129,141,141],"gold":183,"neow_bonus":"THREE_RARE_CARDS","is_prod":false,"is_daily":false,"chose_seed":false,"campfire_upgraded":7,"win_rate":0,"timestamp":1564196884,"path_taken":["M","$","M","M","?","E","M","?","T","M","?","R","E","M","R","BOSS","M","M","?","?","M","E","R","?","T","E","R","E","?","M","R","BOSS","M","M","M","M","M","R","M","M","T","E","R","M","$","M","R","BOSS"],"build_version":"2019-07-17","purchased_purges":2,"victory":true,"max_hp_per_floor":[75,75,78,78,78,78,78,78,78,81,84,84,88,88,88,92,92,95,95,95,95,99,102,102,102,109,112,112,116,116,119,119,119,119,122,122,126,134,134,134,134,138,138,138,138,141,141,141,141,141],"card_choices":[{"not_picked":["Impervious","Demon Form"],"picked":"Feed","floor":0.0},{"not_picked":["Spot Weakness","Anger"],"picked":"True Grit","floor":1.0},{"not_picked":["Shrug It Off","Twin Strike"],"picked":"True Grit","floor":3.0},{"not_picked":["Blood for Blood","Clothesline"],"picked":"Dual Wield","floor":4.0},{"not_picked":["Evolve","Iron Wave"],"picked":"Clothesline","floor":6.0},{"not_picked":["Pommel Strike","Flame Barrier"],"picked":"Reaper","floor":7.0},{"not_picked":["Perfected Strike","Hemokinesis"],"picked":"Iron Wave","floor":10.0},{"not_picked":["Bloodletting","Dropkick"],"picked":"Armaments","floor":11.0},{"not_picked":["Iron Wave","Bloodletting"],"picked":"Juggernaut","floor":13.0},{"not_picked":["Havoc","Flex"],"picked":"True Grit","floor":14.0},{"not_picked":["Sword Boomerang","Iron Wave"],"picked":"Feel No Pain+1","floor":18.0},{"not_picked":["Uppercut","Perfected Strike","Thunderclap"],"picked":"SKIP","floor":19.0},{"not_picked":["Clothesline+1","Cleave"],"picked":"Rage","floor":22.0},{"not_picked":["Spot Weakness+1","Twin Strike"],"picked":"Feel No Pain","floor":23.0},{"not_picked":["Twin Strike","Shrug It Off+1","Dropkick"],"picked":"SKIP","floor":27.0},{"not_picked":["Wild Strike","Headbutt","Power Through"],"picked":"SKIP","floor":29.0},{"not_picked":["Warcry","Burning Pact+1"],"picked":"Intimidate","floor":31.0},{"not_picked":["Demon Form","Immolate"],"picked":"Offering","floor":33.0},{"not_picked":["Pummel","Rupture+1","Rage"],"picked":"SKIP","floor":35.0},{"not_picked":["Dropkick","Corruption","Rampage+1"],"picked":"SKIP","floor":36.0},{"not_picked":["Wild Strike+1","Burning Pact+1"],"picked":"Sentinel","floor":37.0},{"not_picked":["Shrug It Off+1","Clothesline+1","Rampage+1"],"picked":"SKIP","floor":38.0},{"not_picked":["True Grit","Fire Breathing+1","Anger"],"picked":"SKIP","floor":39.0},{"not_picked":["Power Through+1","Perfected Strike","Pommel Strike"],"picked":"SKIP","floor":41.0},{"not_picked":["Berserk","Anger+1","Carnage"],"picked":"SKIP","floor":42.0},{"not_picked":["Blood for Blood+1","Rage+1"],"picked":"Body Slam","floor":44.0},{"not_picked":["Uppercut+1","Pommel Strike","Hemokinesis+1"],"picked":"SKIP","floor":46}],"player_experience":655389,"relics_obtained":[{"floor":6.0,"key":"Oddly Smooth Stone"},{"floor":9.0,"key":"PreservedInsect"},{"floor":13.0,"key":"Whetstone"},{"floor":23.0,"key":"Regal Pillow"},{"floor":26.0,"key":"Strawberry"},{"floor":27.0,"key":"Bag of Preparation"},{"floor":29.0,"key":"Bottled Lightning"},{"floor":43.0,"key":"Mummified Hand"},{"floor":44.0,"key":"Shuriken"}],"event_choices":[{"damage_healed":0.0,"max_hp_gain":0.0,"max_hp_loss":0.0,"gold_gain":0.0,"event_name":"Shining Light","player_choice":"Entered Light","floor":5.0,"gold_loss":0.0,"damage_taken":16.0,"cards_upgraded":["Feel No Pain","True Grit"]},{"damage_healed":0.0,"max_hp_gain":0.0,"max_hp_loss":0.0,"gold_gain":0.0,"cards_transformed":["Strike_R"],"event_name":"Transmorgrifier","player_choice":"Transformed","floor":8.0,"gold_loss":0.0,"damage_taken":0.0,"cards_obtained":["Offering"]},{"damage_healed":0.0,"max_hp_gain":0.0,"max_hp_loss":0.0,"gold_gain":0.0,"event_name":"Ghosts","player_choice":"Ignored","floor":20.0,"gold_loss":0.0,"damage_taken":0.0},{"damage_healed":0.0,"max_hp_gain":0.0,"max_hp_loss":0.0,"gold_gain":0.0,"cards_transformed":["Defend_R","Defend_R"],"event_name":"Drug Dealer","player_choice":"Became Test Subject","floor":21.0,"gold_loss":0.0,"damage_taken":0.0,"cards_obtained":["Brutality","Shockwave"]},{"damage_healed":0.0,"max_hp_gain":0.0,"max_hp_loss":0.0,"gold_gain":0.0,"event_name":"Addict","player_choice":"Obtained Relic","floor":30.0,"gold_loss":85.0,"damage_taken":0.0,"relics_obtained":["Potion Belt"]}],"is_beta":false,"boss_relics":[{"not_picked":["Lizard Tail","Calling Bell"],"picked":"Astrolabe"},{"not_picked":["Eternal Feather","Black Blood"],"picked":"Velvet Choker"}],"items_purged_floors":[25,47],"is_endless":false,"potions_floor_spawned":[1,4,6,7,16,18,23,27,33,36,38,41,44,46,48],"ascension_level":3}