{"gold_per_floor":[211,165,176,20,34,34,34,54,54,84,99,99,130,130,130,228,228,242,252,270,281,236,236,236,236,236,251,2,15,15,33,33,33],"floor_reached":33,"playtime":1180,"items_purged":[],"score":284,"play_id":"fb991290-d522-4f34-b899-1b3727d7d8fe","local_time":"20180726082745","is_ascension_mode":false,"campfire_choices":[{"data":"Zap","floor":6.0,"key":"SMITH"},{"floor":12.0,"key":"REST"},{"data":"Dualcast","floor":15.0,"key":"SMITH"},{"data":"Storm","floor":23,"key":"SMITH"},{"floor":25,"key":"REST"},{"data":"Apotheosis","floor":32,"key":"SMITH"}],"neow_cost":"NONE","seed_source_timestamp":51949127319500,"circlet_count":0,"master_deck":["Strike_B","Strike_B","Strike_B","Strike_B","Defend_B","Defend_B","Defend_B","Defend_B","Zap+1","Dualcast+1","Leap","Steam","Leap","FTL","Steam","Gash","Electrodynamics+1","Storm+1","Conserve Battery","Leap","Capacitor+1","Ball Lightning","Injury","Apotheosis+1","Leap","Self Repair+1","Auto Shields"],"special_seed":0,"relics":["FrozenCore","Orichalcum","Happy Flower","Smiling Mask","Lantern","Torii"],"potions_floor_usage":[31],"damage_taken":[{"damage":1.0,"enemies":"Jaw Worm","floor":1.0,"turns":4.0},{"damage":1.0,"enemies":"Cultist","floor":3.0,"turns":3.0},{"damage":1.0,"enemies":"2 Louse","floor":5.0,"turns":3.0},{"damage":0.0,"enemies":"Large Slime","floor":8.0,"turns":6.0},{"damage":19.0,"enemies":"Lagavulin","floor":10.0,"turns":8.0},{"damage":27.0,"enemies":"Gremlin Gang","floor":11.0,"turns":5.0},{"damage":3.0,"enemies":"3 Sentries","floor":13.0,"turns":8.0},{"damage":35.0,"enemies":"Slime Boss","floor":16.0,"turns":15.0},{"damage":2.0,"enemies":"2 Thieves","floor":18.0,"turns":4.0},{"damage":3,"enemies":"3 Byrds","floor":19,"turns":3},{"damage":16,"enemies":"Snecko","floor":20,"turns":8},{"damage":19,"enemies":"Snake Plant","floor":21,"turns":8},{"damage":10,"enemies":"Sentry and Sphere","floor":27,"turns":7},{"damage":10,"enemies":"Chosen and Byrds","floor":29,"turns":5},{"damage":10,"enemies":"Snake Plant","floor":31,"turns":6},{"damage":53,"enemies":"Collector","floor":33,"turns":8}],"seed_played":"-7129416840453381716","potions_obtained":[{"floor":1.0,"key":"FocusPotion"},{"floor":3.0,"key":"Weak Potion"},{"floor":8.0,"key":"FocusPotion"}],"is_trial":false,"path_per_floor":["M","$","M","$","M","R","$","M","T","E","M","R","E","?","R","B",null,"M","M","M","M","$","R","?","R","T","M","$","M","$","M","R"],"character_chosen":"DEFECT","items_purchased":["Leap","Orichalcum","Ball Lightning","Apotheosis","Leap"],"campfire_rested":2,"item_purchase_floors":[2,4,22,28,28],"current_hp_per_floor":[74,74,73,73,72,72,72,72,72,53,26,48,45,45,45,10,75,73,70,54,35,35,35,35,57,57,47,47,37,37,37,37,0],"gold":33,"neow_bonus":"HUNDRED_GOLD","is_prod":false,"is_daily":false,"chose_seed":false,"campfire_upgraded":4,"win_rate":0,"timestamp":1532582865,"path_taken":["M","$","M","$","M","R","$","M","T","E","M","R","E","?","R","BOSS","M","M","M","M","$","R","?","R","T","M","$","M","?","M","R","BOSS"],"build_version":"2018-07-19v2","purchased_purges":0,"victory":false,"max_hp_per_floor":[75,75,75,75,75,75,75,75,75,75,75,75,75,75,75,75,75,75,75,75,75,75,75,75,75,75,75,75,75,75,75,75,75],"card_choices":[{"not_picked":["Steam Power","Barrage","Double Energy"],"picked":"SKIP","floor":1.0},{"not_picked":["Hologram","Turbo"],"picked":"Steam","floor":3.0},{"not_picked":["Force Field","Amplify"],"picked":"Leap","floor":5.0},{"not_picked":["Redo","Beam Cell"],"picked":"FTL","floor":8.0},{"not_picked":["Darkness","Barrage","Consume"],"picked":"SKIP","floor":10.0},{"not_picked":["Coolheaded","Sweeping Beam"],"picked":"Steam","floor":11.0},{"not_picked":["Beam Cell","Hologram"],"picked":"Gash","floor":13.0},{"not_picked":["Echo Form","Thunder Strike"],"picked":"Electrodynamics","floor":16.0},{"not_picked":["Barrage","Redo"],"picked":"Storm","floor":18.0},{"not_picked":["Redo+1","Hologram"],"picked":"Conserve Battery","floor":19},{"not_picked":["Beam Cell","Rip and Tear"],"picked":"Leap","floor":20},{"not_picked":["Leap","Beam Cell"],"picked":"Capacitor+1","floor":21},{"not_picked":["Blizzard","Go for the Eyes","Coolheaded"],"picked":"SKIP","floor":27},{"not_picked":["Rebound","Gash"],"picked":"Self Repair+1","floor":29},{"not_picked":["White Noise+1","Go for the Eyes"],"picked":"Auto Shields","floor":31}],"player_experience":217530,"relics_obtained":[{"floor":9.0,"key":"Happy Flower"},{"floor":10.0,"key":"Smiling Mask"},{"floor":13.0,"key":"Lantern"},{"floor":26,"key":"Torii"}],"event_choices":[{"event_name":"Golden Wing","player_choice":"Ignored","floor":14.0,"damage_taken":0.0},{"event_name":"Accursed Blacksmith","player_choice":"Forge","floor":24,"damage_taken":0}],"is_beta":false,"boss_relics":[{"not_picked":["White Beast Statue","Snecko Eye"],"picked":"FrozenCore"}],"items_purged_floors":[],"is_endless":false,"potions_floor_spawned":[1,3,8,16,21,29],"killed_by":"Collector","ascension_level":0}