{"gold_per_floor":[362,362,362,183,206,206,481,406,406,406,429,449,480,500,500,631,631,654,654,668,692,791,830,844,347,428,71,85,85,15,34,34,165,165,180,80,80,94,94,94,117,173,173,173,173,188,212,87,87,87],"floor_reached":51,"playtime":1699,"items_purged":["Regret","Strike_R","Strike_R"],"score":744,"play_id":"7b34c943-ec99-44f8-9b90-d91503a8fcb9","local_time":"20181228192002","is_ascension_mode":false,"campfire_choices":[{"data":"Body Slam","floor":6,"key":"SMITH"},{"data":"Defend_R","floor":10,"key":"SMITH"},{"data":"Inflame","floor":15,"key":"SMITH"},{"data":"Apotheosis","floor":29,"key":"SMITH"},{"data":"Inflame","floor":32,"key":"SMITH"},{"data":"Juggernaut","floor":40,"key":"SMITH"},{"data":"Body Slam","floor":44,"key":"SMITH"},{"data":"Bash","floor":49,"key":"SMITH"}],"neow_cost":"TEN_PERCENT_HP_LOSS","seed_source_timestamp":312519042249410,"circlet_count":0,"master_deck":["Strike_R","Strike_R","Defend_R","Defend_R+1","Defend_R+1","Defend_R+1","Bash+1","Body Slam+1","Shrug It Off","Inflame+1","Impervious+1","Body Slam+1","Shrug It Off","Armaments+1","Apotheosis+1","Shrug It Off","Body Slam+1","Inflame+1","Juggernaut+1","Shrug It Off+1","Shockwave+1"],"relics":["Burning Blood","Golden Idol","Oddly Smooth Stone","Bottled Lightning","Paper Frog","Sozu","Question Card","Nunchaku","Pear","DollysMirror","War Paint","Philosopher\u0027s Stone","Unceasing Top","Pantograph"],"potions_floor_usage":[13,23],"damage_taken":[{"damage":0,"enemies":"2 Louse","floor":1,"turns":2},{"damage":8,"enemies":"Small Slimes","floor":5,"turns":5},{"damage":3,"enemies":"Jaw Worm","floor":11,"turns":3},{"damage":4,"enemies":"Red Slaver","floor":12,"turns":3},{"damage":0,"enemies":"Lagavulin","floor":13,"turns":5},{"damage":0,"enemies":"Large Slime","floor":14,"turns":5},{"damage":43,"enemies":"The Guardian","floor":16,"turns":13},{"damage":0,"enemies":"Chosen","floor":18,"turns":4},{"damage":1,"enemies":"Shell Parasite","floor":20,"turns":3},{"damage":0,"enemies":"Snecko","floor":21,"turns":4},{"damage":3,"enemies":"Slavers","floor":23,"turns":5},{"damage":4,"enemies":"Chosen and Byrds","floor":24,"turns":5},{"damage":3,"enemies":"Shelled Parasite and Fungi","floor":28,"turns":4},{"damage":18,"enemies":"Snake Plant","floor":31,"turns":5},{"damage":21,"enemies":"Automaton","floor":33,"turns":10},{"damage":0,"enemies":"3 Shapes","floor":35,"turns":5},{"damage":0,"enemies":"Orb Walker","floor":38,"turns":2},{"damage":0,"enemies":"3 Darklings","floor":41,"turns":3},{"damage":28,"enemies":"2 Orb Walkers","floor":42,"turns":5},{"damage":0,"enemies":"4 Shapes","floor":45,"turns":4},{"damage":33,"enemies":"Spire Growth","floor":46,"turns":4},{"damage":0,"enemies":"Sphere and 2 Shapes","floor":47,"turns":5},{"damage":28,"enemies":"Awakened One","floor":50,"turns":11}],"seed_played":"-871887589912229968","potions_obtained":[{"floor":12,"key":"Dexterity Potion"},{"floor":13,"key":"Dexterity Potion"}],"is_trial":false,"path_per_floor":["M","?","?","$","M","R","?","$","T","R","M","M","E","M","R","B",null,"M","?","M","M","?","E","M","$","T","$","M","R","$","M","R","B",null,"M","$","?","M","?","R","M","?","T","R","M","M","M","$","R","B",null],"character_chosen":"IRONCLAD","items_purchased":["Oddly Smooth Stone","Body Slam","Nunchaku","Apotheosis","Shrug It Off","DollysMirror","War Paint","Inflame"],"campfire_rested":0,"item_purchase_floors":[4,4,25,25,25,27,27,30],"current_hp_per_floor":[72,72,54,54,52,52,52,52,52,52,55,57,63,69,69,32,72,72,72,72,72,72,72,72,72,82,82,82,82,82,70,70,55,82,82,82,82,82,82,82,82,60,60,60,66,39,45,45,45,48],"gold":87,"neow_bonus":"TWO_FIFTY_GOLD","is_prod":false,"is_daily":false,"chose_seed":false,"campfire_upgraded":8,"win_rate":0,"timestamp":1546017602,"path_taken":["M","?","?","$","M","R","?","$","T","R","M","M","E","M","R","BOSS","M","?","M","M","?","E","M","$","T","?","M","R","$","M","R","BOSS","M","$","?","M","?","R","?","?","T","R","M","M","M","$","R","BOSS"],"build_version":"2018-12-20","purchased_purges":3,"victory":true,"max_hp_per_floor":[72,72,72,72,72,72,72,72,72,72,72,72,72,72,72,72,72,72,72,72,72,72,72,72,72,82,82,82,82,82,82,82,82,82,82,82,82,82,82,82,82,82,82,82,82,82,82,82,82,82],"card_choices":[{"not_picked":["Cleave","True Grit","Reckless Charge"],"picked":"SKIP","floor":1},{"not_picked":["Pommel Strike","Perfected Strike","True Grit"],"picked":"SKIP","floor":5},{"not_picked":["Anger","Flex","Twin Strike"],"picked":"SKIP","floor":11},{"not_picked":["Cleave","Iron Wave"],"picked":"Shrug It Off","floor":12},{"not_picked":["Second Wind","Feel No Pain"],"picked":"Inflame","floor":13},{"not_picked":["Clothesline","Anger","Flex"],"picked":"SKIP","floor":14},{"not_picked":["Fiend Fire","Reaper"],"picked":"Impervious","floor":16},{"not_picked":["Heavy Blade","Sever Soul","Clash"],"picked":"SKIP","floor":18},{"not_picked":["Flex+1","Anger","Intimidate"],"picked":"SKIP","floor":20},{"not_picked":["Searing Blow","Fire Breathing"],"picked":"Body Slam","floor":21},{"not_picked":["Clash","Blood for Blood"],"picked":"Shrug It Off","floor":23},{"not_picked":["Cleave","Offering","Combust"],"picked":"Armaments+1","floor":24},{"not_picked":["Sentinel","Feel No Pain","Clothesline+1","Corruption"],"picked":"SKIP","floor":28},{"not_picked":["Flex","Anger+1","Perfected Strike","Dropkick"],"picked":"SKIP","floor":31},{"not_picked":["Exhume","Offering","Berserk"],"picked":"Juggernaut","floor":33},{"not_picked":["Battle Trance+1","Sever Soul+1","Spot Weakness+1","Cleave+1"],"picked":"SKIP","floor":35},{"not_picked":["Whirlwind","Thunderclap","Perfected Strike+1","Heavy Blade+1"],"picked":"SKIP","floor":38},{"not_picked":["Rage+1","Clothesline","Spot Weakness+1","Armaments"],"picked":"SKIP","floor":41},{"not_picked":["Fire Breathing+1","Havoc+1","Whirlwind+1"],"picked":"Shrug It Off+1","floor":42},{"not_picked":["Flex","Reckless Charge","Disarm"],"picked":"Shockwave+1","floor":45},{"not_picked":["Pommel Strike","Bloodletting+1","Heavy Blade","Thunderclap+1"],"picked":"SKIP","floor":46},{"not_picked":["Dual Wield+1","True Grit+1","Iron Wave","Perfected Strike+1"],"picked":"SKIP","floor":47}],"player_experience":534800,"relics_obtained":[{"floor":9,"key":"Bottled Lightning"},{"floor":13,"key":"Paper Frog"},{"floor":23,"key":"Question Card"},{"floor":26,"key":"Pear"},{"floor":42,"key":"Unceasing Top"},{"floor":43,"key":"Pantograph"}],"event_choices":[{"damage_healed":0,"gold_gain":0,"player_choice":"Grow","damage_taken":0,"max_hp_gain":0,"max_hp_loss":0,"event_name":"Living Wall","floor":2,"gold_loss":0,"cards_upgraded":["Defend_R"]},{"damage_healed":0,"gold_gain":0,"player_choice":"Take Damage","damage_taken":18,"relics_obtained":["Golden Idol"],"max_hp_gain":0,"max_hp_loss":0,"event_name":"Golden Idol","floor":3,"gold_loss":0},{"damage_healed":0,"gold_gain":275,"player_choice":"Desecrate","damage_taken":0,"max_hp_gain":0,"max_hp_loss":0,"event_name":"Golden Shrine","floor":7,"gold_loss":0,"cards_obtained":["Regret"]},{"damage_healed":0,"gold_gain":0,"player_choice":"Ignored","damage_taken":0,"max_hp_gain":0,"max_hp_loss":0,"event_name":"Cursed Tome","floor":19,"gold_loss":0},{"damage_healed":0,"gold_gain":99,"player_choice":"Stole From Cult","damage_taken":0,"max_hp_gain":0,"max_hp_loss":0,"event_name":"Nest","floor":22,"gold_loss":0},{"cards_removed":["Strike_R"],"damage_healed":0,"gold_gain":0,"player_choice":"Removed Attack","damage_taken":0,"max_hp_gain":0,"max_hp_loss":0,"event_name":"Falling","floor":37,"gold_loss":0},{"damage_healed":0,"gold_gain":0,"player_choice":"Got Potions","damage_taken":0,"max_hp_gain":0,"max_hp_loss":0,"event_name":"Lab","floor":39,"gold_loss":0},{"damage_healed":0,"gold_gain":0,"player_choice":"Fight","damage_taken":0,"max_hp_gain":0,"max_hp_loss":0,"event_name":"Mysterious Sphere","floor":42,"gold_loss":0}],"is_beta":false,"boss_relics":[{"not_picked":["Runic Dome","Astrolabe"],"picked":"Sozu"},{"not_picked":["Eternal Feather","Black Blood"],"picked":"Philosopher\u0027s Stone"}],"items_purged_floors":[8,36,48],"is_endless":false,"potions_floor_spawned":[12,13,18,20,23,24,41,46],"ascension_level":0}