{"gold_per_floor":[112,126,126,143,153,178,178,178,178,188,208,218,238,94,94,193,193,207,207,131,149,160,160,193,193,271,105,30,30,49,62,62,62],"floor_reached":33,"playtime":942,"items_purged":[],"score":271,"play_id":"4a23ec0c-58de-4d5e-ad9f-9fcc5b33095e","local_time":"20181109224443","is_ascension_mode":false,"campfire_choices":[{"data":"Immolate","floor":7.0,"key":"SMITH"},{"data":"Demon Form","floor":15,"key":"SMITH"},{"data":"Metallicize","floor":23,"key":"SMITH"},{"data":"Rampage","floor":29,"key":"SMITH"},{"data":"Evolve","floor":32,"key":"SMITH"}],"neow_cost":"NONE","seed_source_timestamp":131700560407768,"circlet_count":0,"master_deck":["Strike_R","Strike_R","Strike_R","Strike_R","Defend_R","Defend_R","Defend_R","Defend_R","Bash","Immolate+1","Evolve+1","Evolve","Anger","Demon Form+1","Immolate","Metallicize+1","Shrug It Off","Shrug It Off","Rampage+1","Bandage Up"],"special_seed":0,"relics":["Burning Blood","Meat on the Bone","Darkstone Periapt","Coffee Dripper","Mummified Hand","Kunai"],"potions_floor_usage":[24,24,25,30,33],"damage_taken":[{"damage":10.0,"enemies":"Small Slimes","floor":1.0,"turns":3.0},{"damage":8.0,"enemies":"Jaw Worm","floor":2.0,"turns":3.0},{"damage":3.0,"enemies":"2 Louse","floor":4.0,"turns":2.0},{"damage":1.0,"enemies":"2 Fungi Beasts","floor":5.0,"turns":3.0},{"damage":24.0,"enemies":"3 Sentries","floor":6.0,"turns":5.0},{"damage":0.0,"enemies":"3 Louse","floor":10.0,"turns":1.0},{"damage":17.0,"enemies":"Large Slime","floor":11.0,"turns":8.0},{"damage":5.0,"enemies":"Looter","floor":12.0,"turns":2.0},{"damage":5,"enemies":"Exordium Wildlife","floor":13,"turns":7},{"damage":34,"enemies":"Hexaghost","floor":16,"turns":7},{"damage":15,"enemies":"2 Thieves","floor":18,"turns":3},{"damage":33,"enemies":"Shell Parasite","floor":21,"turns":5},{"damage":18,"enemies":"Snecko","floor":22,"turns":4},{"damage":27,"enemies":"Book of Stabbing","floor":24,"turns":6},{"damage":25,"enemies":"Colosseum Slavers","floor":25,"turns":3},{"damage":10,"enemies":"Chosen and Byrds","floor":30,"turns":4},{"damage":13,"enemies":"Snake Plant","floor":31,"turns":5},{"damage":58,"enemies":"Collector","floor":33,"turns":8}],"seed_played":"8950891511308966996","potions_obtained":[{"floor":11.0,"key":"Swift Potion"},{"floor":13,"key":"SkillPotion"},{"floor":16,"key":"BloodPotion"},{"floor":24,"key":"Fire Potion"},{"floor":31,"key":"Explosive Potion"}],"is_trial":false,"path_per_floor":["M","M","?","M","M","E","R","$","T","M","M","M","M","M","$","R","B",null,"M","?","$","M","M","R","E","?","T","$","?","R","M","M","R","B"],"character_chosen":"IRONCLAD","items_purchased":["Demon Form","Metallicize","Rampage","Bandage Up"],"campfire_rested":0,"item_purchase_floors":[14,20,27,27],"current_hp_per_floor":[76,74,74,77,80,62,62,62,62,68,57,58,59,59,59,43,80,71,56,56,41,41,41,32,33,33,33,33,33,45,54,54,0],"gold":62,"neow_bonus":"ONE_RANDOM_RARE_CARD","is_prod":false,"is_daily":false,"chose_seed":false,"campfire_upgraded":5,"win_rate":0,"timestamp":1541796283,"path_taken":["M","M","?","M","M","E","R","$","T","M","M","M","M","$","R","BOSS","M","?","$","M","M","R","E","?","T","$","?","R","M","M","R","BOSS"],"build_version":"2018-11-08","purchased_purges":0,"victory":false,"max_hp_per_floor":[80,80,80,80,80,80,80,80,80,80,80,80,80,80,80,80,80,80,85,85,85,85,85,85,85,85,85,85,85,85,85,85,85],"card_choices":[{"not_picked":["Clothesline","Perfected Strike","Wild Strike"],"picked":"SKIP","floor":1.0},{"not_picked":["Thunderclap","Bloodletting"],"picked":"Evolve","floor":2.0},{"not_picked":["Sword Boomerang","Flex"],"picked":"Evolve","floor":4.0},{"not_picked":["Sentinel","Heavy Blade","Dropkick"],"picked":"SKIP","floor":5.0},{"not_picked":["Rage","Clash","Headbutt"],"picked":"SKIP","floor":6.0},{"not_picked":["Evolve","Havoc","Body Slam"],"picked":"SKIP","floor":10.0},{"not_picked":["Body Slam","Warcry","Iron Wave"],"picked":"SKIP","floor":11.0},{"not_picked":["Cleave","Intimidate","Heavy Blade"],"picked":"SKIP","floor":12},{"not_picked":["Heavy Blade","Dual Wield"],"picked":"Anger","floor":13},{"not_picked":["Barricade","Berserk"],"picked":"Immolate","floor":16},{"not_picked":["Perfected Strike+1","Sever Soul","Sword Boomerang+1"],"picked":"SKIP","floor":18},{"not_picked":["Thunderclap","Spot Weakness","Entrench"],"picked":"SKIP","floor":21},{"not_picked":["Body Slam","Heavy Blade"],"picked":"Shrug It Off","floor":22},{"not_picked":["Seeing Red+1","Feed"],"picked":"Shrug It Off","floor":24},{"not_picked":["Cleave","Combust","Perfected Strike"],"picked":"SKIP","floor":30},{"not_picked":["Pommel Strike","Warcry","Flex"],"picked":"SKIP","floor":31}],"player_experience":445395,"relics_obtained":[{"floor":6.0,"key":"Meat on the Bone"},{"floor":9.0,"key":"Darkstone Periapt"},{"floor":24,"key":"Mummified Hand"},{"floor":26,"key":"Kunai"}],"event_choices":[{"damage_healed":0.0,"max_hp_gain":0.0,"max_hp_loss":0.0,"gold_gain":0.0,"event_name":"The Cleric","player_choice":"Leave","floor":3.0,"gold_loss":0.0,"damage_taken":0.0},{"damage_healed":0,"gold_gain":0,"player_choice":"Shed Blood","damage_taken":20,"max_hp_gain":5,"max_hp_loss":0,"event_name":"Forgotten Altar","floor":19,"gold_loss":0},{"damage_healed":0,"gold_gain":0,"player_choice":"Fight","damage_taken":0,"max_hp_gain":0,"max_hp_loss":0,"event_name":"Colosseum","floor":25,"gold_loss":0},{"damage_healed":0,"gold_gain":0,"player_choice":"Fled From Nobs","damage_taken":0,"max_hp_gain":0,"max_hp_loss":0,"event_name":"Colosseum","floor":25,"gold_loss":0},{"cards_removed":["Strike_R"],"damage_healed":0,"gold_gain":0,"player_choice":"Gave Gold","damage_taken":0,"max_hp_gain":0,"max_hp_loss":0,"event_name":"Beggar","floor":28,"gold_loss":75}],"is_beta":false,"boss_relics":[{"not_picked":["Pandora\u0027s Box","Tiny House"],"picked":"Coffee Dripper"}],"items_purged_floors":[],"is_endless":false,"potions_floor_spawned":[11,13,16,22,24,31],"killed_by":"Collector","ascension_level":0}