{"gold_per_floor":[119,119,129,146,47,47,74,74,97,272,291,145,156,186,186,291,291,307,318,318,336,286,316,316,335,335,350,364,399,399,399,399,399],"floor_reached":33,"playtime":985,"items_purged":["Strike_R","Strike_R","Strike_R"],"score":297,"play_id":"f968496b-14fd-4098-a1c9-3f10f6b13172","local_time":"20190726180744","is_ascension_mode":false,"campfire_choices":[{"data":"Body Slam","floor":6.0,"key":"SMITH"},{"data":"Flame Barrier","floor":8.0,"key":"SMITH"},{"data":"Body Slam","floor":15.0,"key":"SMITH"},{"data":"Body Slam","floor":24,"key":"SMITH"},{"data":"Shrug It Off","floor":30,"key":"SMITH"},{"data":"Defend_R","floor":32,"key":"SMITH"}],"neow_cost":"CURSE","seed_source_timestamp":260909201289400,"circlet_count":0,"master_deck":["Strike_R","Strike_R","Defend_R","Defend_R","Defend_R","Defend_R+1","Bash","Body Slam+1","Flame Barrier+1","Body Slam+1","Shrug It Off+1","Body Slam+1"],"special_seed":0,"relics":["Burning Blood","Torii","Omamori","Smiling Mask","Sozu","Ancient Tea Set","Frozen Egg 2","Matryoshka"],"potions_floor_usage":[],"damage_taken":[{"damage":12.0,"enemies":"Jaw Worm","floor":1.0,"turns":6.0},{"damage":1.0,"enemies":"2 Louse","floor":3.0,"turns":3.0},{"damage":2.0,"enemies":"Small Slimes","floor":4.0,"turns":4.0},{"damage":16.0,"enemies":"3 Sentries","floor":7.0,"turns":12.0},{"damage":1.0,"enemies":"Red Slaver","floor":11.0,"turns":4.0},{"damage":1.0,"enemies":"Blue Slaver","floor":13.0,"turns":2.0},{"damage":15.0,"enemies":"Lagavulin","floor":14.0,"turns":5.0},{"damage":72.0,"enemies":"Slime Boss","floor":16.0,"turns":18.0},{"damage":13.0,"enemies":"Spheric Guardian","floor":18.0,"turns":7.0},{"damage":9.0,"enemies":"Shell Parasite","floor":19.0,"turns":6.0},{"damage":2.0,"enemies":"Centurion and Healer","floor":21.0,"turns":5.0},{"damage":11,"enemies":"Book of Stabbing","floor":23,"turns":3},{"damage":18,"enemies":"Shelled Parasite and Fungi","floor":25,"turns":4},{"damage":6,"enemies":"Sentry and Sphere","floor":27,"turns":6},{"damage":10,"enemies":"3 Cultists","floor":28,"turns":4},{"damage":19,"enemies":"Slavers","floor":29,"turns":6},{"damage":41,"enemies":"Collector","floor":33,"turns":8}],"seed_played":"8636698710142131431","potions_obtained":[{"floor":1.0,"key":"SteroidPotion"},{"floor":7.0,"key":"Regen Potion"},{"floor":13.0,"key":"Strength Potion"}],"is_trial":false,"path_per_floor":["M","?","M","M","$","R","E","R","T","?","M","$","M","E","R","B",null,"M","M","?","M","$","E","R","M","T","M","M","E","R","?","R","B"],"character_chosen":"IRONCLAD","items_purchased":["Body Slam","Shrug It Off"],"campfire_rested":0,"item_purchase_floors":[5,12],"current_hp_per_floor":[74,74,79,80,80,80,70,70,70,70,75,75,80,71,71,10,80,73,70,70,74,74,69,69,57,57,57,53,40,40,40,40,0],"gold":399,"neow_bonus":"ONE_RARE_RELIC","is_prod":false,"is_daily":false,"chose_seed":false,"campfire_upgraded":6,"win_rate":0,"timestamp":1564153664,"path_taken":["M","?","M","M","$","R","E","R","T","?","M","$","M","E","R","BOSS","M","M","?","M","$","E","R","M","T","M","?","E","R","?","R","BOSS"],"build_version":"2019-07-17","purchased_purges":3,"victory":false,"max_hp_per_floor":[80,80,80,80,80,80,80,80,80,80,80,80,80,80,80,80,80,80,80,80,80,80,80,80,80,80,80,80,80,80,80,80,80],"card_choices":[{"not_picked":["True Grit","Iron Wave","Sentinel"],"picked":"SKIP","floor":1.0},{"not_picked":["Searing Blow","Havoc","Clothesline"],"picked":"SKIP","floor":3.0},{"not_picked":["Searing Blow","Thunderclap","Bloodletting"],"picked":"SKIP","floor":4.0},{"not_picked":["Brutality","Twin Strike"],"picked":"Flame Barrier","floor":7.0},{"not_picked":["Heavy Blade","Burning Pact"],"picked":"Body Slam","floor":11.0},{"not_picked":["Blood for Blood","Dual Wield","Dropkick"],"picked":"SKIP","floor":13.0},{"not_picked":["Anger","Havoc"],"picked":"Body Slam","floor":14.0},{"not_picked":["Twin Strike+1","Havoc","Armaments"],"picked":"SKIP","floor":18.0},{"not_picked":["Evolve","Warcry","Burning Pact+1"],"picked":"SKIP","floor":19.0},{"not_picked":["Perfected Strike","Warcry","Second Wind"],"picked":"SKIP","floor":21.0},{"not_picked":["Perfected Strike","Wild Strike+1","Intimidate+1"],"picked":"SKIP","floor":23},{"not_picked":["Combust","Armaments","Inflame"],"picked":"SKIP","floor":25},{"not_picked":["Disarm","Hemokinesis","Burning Pact"],"picked":"SKIP","floor":27},{"not_picked":["Searing Blow","Clothesline","Blood for Blood"],"picked":"SKIP","floor":28},{"not_picked":["Feel No Pain+1","Flex","Sword Boomerang"],"picked":"SKIP","floor":29}],"player_experience":766802,"relics_obtained":[{"floor":7.0,"key":"Omamori"},{"floor":14.0,"key":"Smiling Mask"},{"floor":23,"key":"Ancient Tea Set"},{"floor":26,"key":"Frozen Egg 2"},{"floor":29,"key":"Matryoshka"}],"event_choices":[{"cards_removed":["Doubt"],"damage_healed":0.0,"max_hp_gain":0.0,"max_hp_loss":0.0,"gold_gain":0.0,"event_name":"Living Wall","player_choice":"Forget","floor":2.0,"gold_loss":0.0,"damage_taken":0.0},{"damage_healed":0.0,"max_hp_gain":0.0,"max_hp_loss":0.0,"gold_gain":175.0,"event_name":"Liars Game","player_choice":"AGREE","floor":10.0,"gold_loss":0.0,"damage_taken":0.0,"cards_obtained":["Doubt"]},{"damage_healed":0.0,"max_hp_gain":0.0,"max_hp_loss":0.0,"gold_gain":0.0,"event_name":"WeMeetAgain","player_choice":"Ignored","floor":20.0,"gold_loss":0.0,"damage_taken":0.0},{"damage_healed":0,"gold_gain":0,"player_choice":"Ignored","damage_taken":0,"max_hp_gain":0,"max_hp_loss":0,"event_name":"Cursed Tome","floor":31,"gold_loss":0}],"is_beta":false,"boss_relics":[{"not_picked":["Lizard Tail","Mark of Pain"],"picked":"Sozu"}],"items_purged_floors":[5,12,22],"is_endless":false,"potions_floor_spawned":[1,7,13,18,21,25,29],"killed_by":"Collector","ascension_level":0}