{"gold_per_floor":[16,27,46,62,80,114,114,133,133,147,147,182,182,182,182,182],"floor_reached":16,"playtime":391,"items_purged":[],"score":114,"play_id":"13dd5179-4be6-4b67-be71-be033cc68175","local_time":"20190728130555","is_ascension_mode":false,"campfire_choices":[{"data":"Double Tap","floor":7.0,"key":"SMITH"},{"data":"Sword Boomerang","floor":13,"key":"SMITH"},{"data":"Bash","floor":15,"key":"SMITH"}],"neow_cost":"NO_GOLD","seed_source_timestamp":52678953447300,"circlet_count":0,"master_deck":["Strike_R+1","Strike_R","Strike_R","Strike_R","Strike_R","Defend_R","Defend_R+1","Defend_R","Defend_R","Bash+1","Flash of Steel","Trip","Cleave","Shrug It Off","Double Tap+1","Battle Trance","Sword Boomerang+1"],"special_seed":0,"relics":["Burning Blood","Art of War","Blue Candle","Pen Nib","The Courier"],"potions_floor_usage":[16,16],"damage_taken":[{"damage":7.0,"enemies":"2 Louse","floor":1.0,"turns":3.0},{"damage":6.0,"enemies":"Jaw Worm","floor":2.0,"turns":3.0},{"damage":0.0,"enemies":"Cultist","floor":3.0,"turns":2.0},{"damage":0.0,"enemies":"3 Louse","floor":4.0,"turns":2.0},{"damage":12.0,"enemies":"Looter","floor":5.0,"turns":3.0},{"damage":23.0,"enemies":"3 Sentries","floor":6.0,"turns":8.0},{"damage":14,"enemies":"Lots of Slimes","floor":8,"turns":4},{"damage":1,"enemies":"2 Fungi Beasts","floor":10,"turns":2},{"damage":18,"enemies":"Gremlin Nob","floor":12,"turns":4},{"damage":31,"enemies":"The Guardian","floor":16,"turns":7}],"seed_played":"-383660665521918124","potions_obtained":[{"floor":1.0,"key":"SkillPotion"},{"floor":4.0,"key":"EssenceOfSteel"},{"floor":6.0,"key":"PowerPotion"},{"floor":12,"key":"Regen Potion"}],"is_trial":false,"path_per_floor":["M","M","M","M","M","E","R","M","T","M","?","E","R","?","R","B"],"character_chosen":"IRONCLAD","items_purchased":[],"campfire_rested":0,"item_purchase_floors":[],"current_hp_per_floor":[79,79,80,80,74,57,57,49,49,54,42,30,30,14,14,0],"gold":182,"neow_bonus":"RANDOM_COLORLESS_2","is_prod":false,"is_daily":false,"chose_seed":false,"campfire_upgraded":3,"win_rate":0,"timestamp":1564308355,"path_taken":["M","M","M","M","M","E","R","M","T","M","?","E","R","?","R","BOSS"],"build_version":"2019-07-17","purchased_purges":0,"victory":false,"max_hp_per_floor":[80,80,80,80,80,80,80,80,80,80,80,80,80,80,80,80],"card_choices":[{"not_picked":["Ghostly Armor","Clothesline"],"picked":"Cleave","floor":1.0},{"not_picked":["True Grit","Burning Pact"],"picked":"Shrug It Off","floor":2.0},{"not_picked":["Anger","Uppercut","Iron Wave"],"picked":"SKIP","floor":3.0},{"not_picked":["Armaments","Pommel Strike","Burning Pact"],"picked":"SKIP","floor":4.0},{"not_picked":["Armaments","Heavy Blade"],"picked":"Double Tap","floor":5.0},{"not_picked":["Evolve","Perfected Strike"],"picked":"Battle Trance","floor":6.0},{"not_picked":["Perfected Strike","Second Wind","Cleave"],"picked":"SKIP","floor":8},{"not_picked":["True Grit","Clash","Shrug It Off"],"picked":"SKIP","floor":10},{"not_picked":["Thunderclap","Warcry"],"picked":"Sword Boomerang","floor":12}],"player_experience":788846,"relics_obtained":[{"floor":6.0,"key":"Art of War"},{"floor":9,"key":"Blue Candle"},{"floor":12,"key":"The Courier"}],"event_choices":[{"damage_healed":0,"gold_gain":0,"player_choice":"Success","damage_taken":12,"relics_obtained":["Pen Nib"],"max_hp_gain":0,"max_hp_loss":0,"event_name":"Scrap Ooze","floor":11,"gold_loss":0},{"damage_healed":0,"gold_gain":0,"player_choice":"Entered Light","damage_taken":16,"max_hp_gain":0,"max_hp_loss":0,"event_name":"Shining Light","floor":14,"gold_loss":0,"cards_upgraded":["Defend_R","Strike_R"]}],"is_beta":false,"boss_relics":[],"items_purged_floors":[],"is_endless":false,"potions_floor_spawned":[1,4,6,12],"killed_by":"The Guardian","ascension_level":0}