{"gold_per_floor":[109,109,34,34,46,46,66,96,165,182,82,82,33,50,50,154,154,164,39,39,57,77,77,109,109,157,7,39,58,70,84,84,186,186,199,199,210,310,322,338,338,349,349,349,349,29,0,14,14,14],"floor_reached":51,"playtime":9478,"items_purged":["Strike_B","Pain","Strike_B","Strike_B","Defend_B"],"score":882,"play_id":"6924dc0a-160d-4a7d-900f-ed57699d5fd5","local_time":"20190720035759","is_ascension_mode":true,"campfire_choices":[{"data":"All For One","floor":6,"key":"SMITH"},{"floor":15,"key":"REST"},{"floor":23,"key":"REST"},{"data":"All For One","floor":25,"key":"SMITH"},{"floor":32,"key":"REST"},{"floor":41,"key":"REST"},{"data":"Hologram","floor":44,"key":"SMITH"},{"data":"Streamline","floor":49,"key":"SMITH"}],"neow_cost":"TEN_PERCENT_HP_LOSS","seed_source_timestamp":65388509439225,"circlet_count":0,"master_deck":["Defend_B","Defend_B","Zap","Dualcast","All For One+1","Gash","Go for the Eyes","Gash","Scrape","Beam Cell","Self Repair","All For One+1","Streamline+1","Steam","Turbo","Scrape","Reprogram","Seek","Defragment","Madness","Madness","Self Repair+1","Hologram+1","Hologram+1"],"relics":["Cracked Core","CultistMask","WarpedTongs","Bag of Marbles","Kunai","Lizard Tail","Pantograph","PreservedInsect","Strawberry","Thread and Needle","Empty Cage","Blue Candle","Happy Flower","Red Mask"],"potions_floor_usage":[16,24,24,37,37,39,40,50],"damage_taken":[{"damage":0,"enemies":"Small Slimes","floor":1,"turns":2},{"damage":4,"enemies":"Cultist","floor":5,"turns":3},{"damage":3,"enemies":"2 Louse","floor":7,"turns":2},{"damage":14,"enemies":"Lagavulin","floor":8,"turns":4},{"damage":15,"enemies":"Lots of Slimes","floor":10,"turns":4},{"damage":0,"enemies":"Exordium Wildlife","floor":14,"turns":2},{"damage":55,"enemies":"The Guardian","floor":16,"turns":6},{"damage":12,"enemies":"3 Byrds","floor":18,"turns":4},{"damage":11,"enemies":"2 Thieves","floor":21,"turns":4},{"damage":20,"enemies":"Snake Plant","floor":22,"turns":4},{"damage":20,"enemies":"Book of Stabbing","floor":24,"turns":3},{"damage":6,"enemies":"Gremlin Leader","floor":28,"turns":5},{"damage":14,"enemies":"Snecko","floor":29,"turns":5},{"damage":8,"enemies":"Cultist and Chosen","floor":30,"turns":5},{"damage":14,"enemies":"Centurion and Healer","floor":31,"turns":4},{"damage":35,"enemies":"Champ","floor":33,"turns":9},{"damage":25,"enemies":"3 Darklings","floor":35,"turns":5},{"damage":45,"enemies":"3 Shapes","floor":37,"turns":3},{"damage":0,"enemies":"Jaw Worm Horde","floor":39,"turns":3},{"damage":11,"enemies":"3 Darklings","floor":40,"turns":4},{"damage":18,"enemies":"Sphere and 2 Shapes","floor":42,"turns":6},{"damage":14,"enemies":"4 Shapes","floor":48,"turns":9},{"damage":0,"enemies":"Awakened One","floor":50,"turns":5}],"seed_played":"719033311798635556","potions_obtained":[{"floor":5,"key":"SteroidPotion"},{"floor":8,"key":"Poison Potion"},{"floor":14,"key":"Energy Potion"},{"floor":21,"key":"Fire Potion"},{"floor":22,"key":"Explosive Potion"},{"floor":31,"key":"AttackPotion"},{"floor":33,"key":"Swift Potion"},{"floor":39,"key":"Swift Potion"},{"floor":40,"key":"AttackPotion"},{"floor":48,"key":"Energy Potion"}],"is_trial":false,"path_per_floor":["M","?","$","?","M","R","M","E","T","M","$","?","$","M","R","B",null,"M","$","T","M","M","R","E","R","T","$","E","M","M","M","R","B",null,"M","?","M","?","M","M","R","M","T","R","?","$","?","M","R","B",null],"character_chosen":"DEFECT","items_purchased":["Beam Cell","Happy Flower"],"campfire_rested":4,"item_purchase_floors":[13,46],"current_hp_per_floor":[68,68,68,68,64,64,61,47,47,32,32,37,37,37,58,10,73,68,68,68,57,44,65,52,52,59,59,60,56,55,41,65,52,80,62,52,14,14,21,27,51,53,53,53,53,53,53,59,59,80],"gold":14,"neow_bonus":"THREE_RARE_CARDS","is_prod":false,"is_daily":false,"chose_seed":false,"campfire_upgraded":4,"win_rate":0,"timestamp":1563613079,"path_taken":["M","?","?","?","?","R","M","E","T","M","$","?","?","M","R","BOSS","M","$","?","M","M","R","E","R","T","?","E","M","?","M","R","BOSS","M","?","M","?","?","M","R","?","T","R","?","$","?","M","R","BOSS"],"build_version":"2019-07-17","purchased_purges":5,"victory":true,"max_hp_per_floor":[68,68,68,68,68,68,68,68,68,68,68,73,73,73,73,73,73,73,73,73,73,73,73,73,73,80,80,80,80,80,80,80,80,80,80,80,80,80,80,80,80,80,80,80,80,80,80,80,80,80],"card_choices":[{"not_picked":["Rainbow","Seek"],"picked":"All For One","floor":0},{"not_picked":["Coolheaded","Conserve Battery"],"picked":"Gash","floor":1},{"not_picked":["Conserve Battery","Barrage","Cold Snap"],"picked":"SKIP","floor":5},{"not_picked":["Blizzard","Conserve Battery"],"picked":"Go for the Eyes","floor":7},{"not_picked":["Beam Cell","Capacitor"],"picked":"Gash","floor":8},{"not_picked":["Beam Cell","Electrodynamics"],"picked":"Scrape","floor":10},{"not_picked":["Leap","Fusion"],"picked":"Self Repair","floor":14},{"not_picked":["Amplify","Rainbow"],"picked":"All For One","floor":16},{"not_picked":["Fusion","Redo","Compile Driver"],"picked":"SKIP","floor":18},{"not_picked":["Coolheaded","Redo"],"picked":"Streamline","floor":21},{"not_picked":["Stack","Sunder+1","Cold Snap"],"picked":"SKIP","floor":22},{"not_picked":["Compile Driver","Turbo"],"picked":"Steam","floor":24},{"not_picked":["Coolheaded","Compile Driver"],"picked":"Turbo","floor":28},{"not_picked":["Skim+1","Leap","Stack"],"picked":"SKIP","floor":29},{"not_picked":["Go for the Eyes","Buffer"],"picked":"Scrape","floor":30},{"not_picked":["Barrage","White Noise+1"],"picked":"Reprogram","floor":31},{"not_picked":["Hyperbeam","Echo Form"],"picked":"Seek","floor":33},{"not_picked":["Cold Snap+1","Capacitor+1"],"picked":"Defragment","floor":35},{"not_picked":["Barrage","Coolheaded+1"],"picked":"Self Repair+1","floor":37},{"not_picked":["Ball Lightning+1","Glacier+1"],"picked":"Hologram","floor":39},{"not_picked":["Stack+1","Barrage+1","Undo"],"picked":"SKIP","floor":40},{"not_picked":["Genetic Algorithm+1","Coolheaded"],"picked":"Hologram+1","floor":42},{"not_picked":["Compile Driver","Genetic Algorithm","Static Discharge"],"picked":"SKIP","floor":48}],"player_experience":428731,"relics_obtained":[{"floor":8,"key":"Bag of Marbles"},{"floor":9,"key":"Kunai"},{"floor":20,"key":"Pantograph"},{"floor":24,"key":"PreservedInsect"},{"floor":26,"key":"Strawberry"},{"floor":28,"key":"Thread and Needle"},{"floor":43,"key":"Blue Candle"}],"event_choices":[{"damage_healed":0,"gold_gain":0,"player_choice":"Trade","damage_taken":0,"relics_obtained":["CultistMask"],"max_hp_gain":0,"max_hp_loss":0,"event_name":"FaceTrader","floor":2,"gold_loss":0},{"damage_healed":0,"gold_gain":0,"player_choice":"Rummage","damage_taken":0,"relics_obtained":["WarpedTongs"],"max_hp_gain":0,"max_hp_loss":0,"event_name":"Accursed Blacksmith","floor":4,"gold_loss":0,"cards_obtained":["Pain"]},{"damage_healed":0,"gold_gain":0,"player_choice":"Donut","damage_taken":0,"max_hp_gain":5,"max_hp_loss":0,"event_name":"Big Fish","floor":12,"gold_loss":0},{"damage_healed":0,"gold_gain":0,"player_choice":"Embrace Madness","damage_taken":10,"max_hp_gain":0,"max_hp_loss":0,"event_name":"Winding Halls","floor":36,"gold_loss":0,"cards_obtained":["Madness","Madness"]},{"damage_healed":0,"gold_gain":100,"player_choice":"Pray","damage_taken":0,"max_hp_gain":0,"max_hp_loss":0,"event_name":"Golden Shrine","floor":38,"gold_loss":0},{"damage_healed":0,"gold_gain":0,"player_choice":"Ignored","damage_taken":0,"max_hp_gain":0,"max_hp_loss":0,"event_name":"Mysterious Sphere","floor":45,"gold_loss":0},{"damage_healed":0,"gold_gain":0,"player_choice":"Paid","damage_taken":0,"relics_obtained":["Red Mask"],"max_hp_gain":0,"max_hp_loss":0,"event_name":"Tomb of Lord Red Mask","floor":47,"gold_loss":29}],"is_beta":false,"boss_relics":[{"not_picked":["Runic Dome","Ectoplasm"],"picked":"Lizard Tail"},{"not_picked":["Pandora\u0027s Box","Runic Pyramid"],"picked":"Empty Cage"}],"items_purged_floors":[3,11,19,27,46],"is_endless":false,"potions_floor_spawned":[5,8,14,21,22,31,33,39,40,48],"ascension_level":4}