{"gold_per_floor":[117,130,30,30,40,40,59,59,59,59,73,85,105,133,133,234,234,253,253,253,253,178,178,194,94,94,104,9,43,142,161,161,259,259,272,272,272,67,83,83,101,101,101,130,146,172,172,188,188,188],"floor_reached":51,"playtime":1058,"items_purged":["Strike_R+1","Strike_R+1","Strike_R+1"],"score":902,"play_id":"be09858d-4edf-49af-96d3-c851e3e8b2fc","local_time":"20190718225438","is_ascension_mode":false,"campfire_choices":[{"data":"Body Slam","floor":6.0,"key":"SMITH"},{"data":"Body Slam","floor":8.0,"key":"SMITH"},{"data":"Shrug It Off","floor":10.0,"key":"SMITH"},{"data":"Ghostly Armor","floor":15.0,"key":"SMITH"},{"data":"Barricade","floor":23.0,"key":"SMITH"},{"data":"Blind","floor":32.0,"key":"SMITH"},{"data":"Entrench","floor":40.0,"key":"SMITH"},{"data":"Body Slam","floor":42.0,"key":"SMITH"},{"data":"Impervious","floor":47.0,"key":"SMITH"},{"data":"Bash","floor":49.0,"key":"SMITH"}],"neow_cost":"NONE","seed_source_timestamp":53816614553100,"circlet_count":0,"master_deck":["Strike_R+1","Strike_R+1","Defend_R+1","Defend_R+1","Defend_R+1","Defend_R+1","Bash+1","Body Slam+1","Body Slam+1","Shrug It Off+1","Ghostly Armor+1","Barricade+1","Blind+1","Body Slam+1","Impervious+1","Entrench+1","Body Slam+1"],"special_seed":0,"relics":["Burning Blood","Oddly Smooth Stone","Blue Candle","Coffee Dripper","MutagenicStrength","Paper Frog","Centennial Puzzle","Philosopher\u0027s Stone","Mummified Hand","Happy Flower","The Courier"],"potions_floor_usage":[50],"damage_taken":[{"damage":4.0,"enemies":"2 Louse","floor":1.0,"turns":4.0},{"damage":1.0,"enemies":"Jaw Worm","floor":2.0,"turns":3.0},{"damage":0.0,"enemies":"Small Slimes","floor":5.0,"turns":4.0},{"damage":9.0,"enemies":"Blue Slaver","floor":7.0,"turns":4.0},{"damage":11.0,"enemies":"Gremlin Gang","floor":11.0,"turns":5.0},{"damage":0.0,"enemies":"3 Louse","floor":12.0,"turns":3.0},{"damage":1.0,"enemies":"Blue Slaver","floor":13.0,"turns":3.0},{"damage":17.0,"enemies":"Gremlin Nob","floor":14.0,"turns":4.0},{"damage":34.0,"enemies":"The Guardian","floor":16.0,"turns":12.0},{"damage":4.0,"enemies":"Shell Parasite","floor":18.0,"turns":5.0},{"damage":10.0,"enemies":"Spheric Guardian","floor":24.0,"turns":4.0},{"damage":0.0,"enemies":"Cultist and Chosen","floor":27.0,"turns":5.0},{"damage":0.0,"enemies":"Book of Stabbing","floor":29.0,"turns":4.0},{"damage":0.0,"enemies":"Centurion and Healer","floor":31.0,"turns":4.0},{"damage":9.0,"enemies":"Collector","floor":33.0,"turns":7.0},{"damage":0.0,"enemies":"3 Shapes","floor":35.0,"turns":3.0},{"damage":0.0,"enemies":"Orb Walker","floor":39.0,"turns":2.0},{"damage":0.0,"enemies":"4 Shapes","floor":41.0,"turns":5.0},{"damage":0.0,"enemies":"Reptomancer","floor":44.0,"turns":6.0},{"damage":10.0,"enemies":"Sphere and 2 Shapes","floor":45.0,"turns":4.0},{"damage":0.0,"enemies":"Giant Head","floor":46.0,"turns":5.0},{"damage":0.0,"enemies":"3 Darklings","floor":48.0,"turns":3.0},{"damage":0,"enemies":"Donu and Deca","floor":50,"turns":5}],"seed_played":"1207643427348475505","potions_obtained":[{"floor":1.0,"key":"FearPotion"},{"floor":2.0,"key":"FearPotion"},{"floor":7.0,"key":"Energy Potion"},{"floor":35.0,"key":"Weak Potion"},{"floor":39.0,"key":"Swift Potion"},{"floor":46.0,"key":"BloodPotion"}],"is_trial":false,"path_per_floor":["M","M","$","?","M","R","M","R","T","R","M","M","M","E","R","B",null,"M","?","?","?","$","R","M","$","T","M","$","E","?","M","R","B",null,"M","?","?","$","M","R","M","R","T","E","M","E","R","M","R","B",null],"character_chosen":"IRONCLAD","items_purchased":["Body Slam","Shrug It Off","Blind","Entrench"],"campfire_rested":0,"item_purchase_floors":[3,3,28,38],"current_hp_per_floor":[88,88,88,70,76,76,73,73,73,73,68,74,79,68,68,40,88,88,88,88,71,71,71,67,67,67,73,73,79,79,85,85,82,93,93,93,93,93,93,93,93,93,93,93,89,93,93,93,93,93],"gold":188,"neow_bonus":"TEN_PERCENT_HP_BONUS","is_prod":false,"is_daily":false,"chose_seed":false,"campfire_upgraded":10,"win_rate":0,"timestamp":1563479678,"path_taken":["M","M","$","?","M","R","M","R","T","R","M","M","M","E","R","BOSS","M","?","?","?","$","R","?","$","T","M","$","E","?","M","R","BOSS","M","?","?","$","M","R","M","R","T","E","M","E","R","M","R","BOSS"],"build_version":"2019-07-10","purchased_purges":3,"victory":true,"max_hp_per_floor":[88,88,88,88,88,88,88,88,88,88,88,88,88,88,88,88,88,88,88,88,93,93,93,93,93,93,93,93,93,93,93,93,93,93,93,93,93,93,93,93,93,93,93,93,93,93,93,93,93,93],"card_choices":[{"not_picked":["Seeing Red","Bloodletting"],"picked":"Body Slam","floor":1.0},{"not_picked":["Intimidate","Pommel Strike","Perfected Strike"],"picked":"SKIP","floor":2.0},{"not_picked":["Cleave","Infernal Blade","Wild Strike"],"picked":"SKIP","floor":5.0},{"not_picked":["Dual Wield","Perfected Strike","Clothesline"],"picked":"SKIP","floor":7.0},{"not_picked":["Metallicize","Carnage","Power Through"],"picked":"SKIP","floor":11.0},{"not_picked":["Headbutt","Sword Boomerang","Uppercut"],"picked":"SKIP","floor":12.0},{"not_picked":["Twin Strike","Spot Weakness"],"picked":"Ghostly Armor","floor":13.0},{"not_picked":["Headbutt","Combust","Twin Strike"],"picked":"SKIP","floor":14.0},{"not_picked":["Double Tap","Brutality"],"picked":"Barricade","floor":16.0},{"not_picked":["Rage","Power Through+1","True Grit"],"picked":"SKIP","floor":18.0},{"not_picked":["Dual Wield","Whirlwind","Headbutt+1"],"picked":"SKIP","floor":24.0},{"not_picked":["Sword Boomerang","Uppercut","Clash+1"],"picked":"SKIP","floor":27.0},{"not_picked":["Clash+1","Pommel Strike"],"picked":"Body Slam","floor":29.0},{"not_picked":["Flex+1","Twin Strike","Rage"],"picked":"SKIP","floor":31.0},{"not_picked":["Offering","Dark Embrace"],"picked":"Impervious","floor":33.0},{"not_picked":["Headbutt","Anger+1","Clash"],"picked":"SKIP","floor":35.0},{"not_picked":["Dual Wield","Reckless Charge"],"picked":"Body Slam+1","floor":39.0},{"not_picked":["Body Slam","Anger+1","Twin Strike"],"picked":"SKIP","floor":41.0},{"not_picked":["Sword Boomerang","Pommel Strike","Berserk"],"picked":"SKIP","floor":44.0},{"not_picked":["Seeing Red","Power Through+1","Cleave+1"],"picked":"SKIP","floor":45.0},{"not_picked":["Dual Wield","Whirlwind","Armaments+1"],"picked":"SKIP","floor":46.0},{"not_picked":["Iron Wave","Rupture+1","Wild Strike+1"],"picked":"SKIP","floor":48.0}],"player_experience":178307,"relics_obtained":[{"floor":9.0,"key":"Oddly Smooth Stone"},{"floor":14.0,"key":"Blue Candle"},{"floor":26.0,"key":"Paper Frog"},{"floor":29.0,"key":"Centennial Puzzle"},{"floor":43.0,"key":"Mummified Hand"},{"floor":44.0,"key":"Happy Flower"},{"floor":46.0,"key":"The Courier"}],"event_choices":[{"damage_healed":0.0,"max_hp_gain":0.0,"max_hp_loss":0.0,"gold_gain":0.0,"event_name":"Shining Light","player_choice":"Entered Light","floor":4.0,"gold_loss":0.0,"damage_taken":18.0,"cards_upgraded":["Strike_R","Strike_R"]},{"damage_healed":0.0,"max_hp_gain":0.0,"max_hp_loss":0.0,"gold_gain":0.0,"event_name":"Back to Basics","player_choice":"Simplicity","floor":19.0,"gold_loss":0.0,"damage_taken":0.0,"cards_upgraded":["Strike_R","Strike_R","Strike_R","Defend_R","Defend_R","Defend_R","Defend_R"]},{"damage_healed":0.0,"max_hp_gain":0.0,"max_hp_loss":0.0,"gold_gain":0.0,"event_name":"Drug Dealer","player_choice":"Inject Mutagens","floor":20.0,"gold_loss":0.0,"damage_taken":0.0,"relics_obtained":["MutagenicStrength"]},{"damage_healed":0.0,"max_hp_gain":5.0,"max_hp_loss":0.0,"gold_gain":0.0,"event_name":"Forgotten Altar","player_choice":"Shed Blood","floor":21.0,"gold_loss":0.0,"damage_taken":22.0},{"damage_healed":0.0,"max_hp_gain":0.0,"max_hp_loss":0.0,"gold_gain":99.0,"event_name":"Nest","player_choice":"Stole From Cult","floor":30.0,"gold_loss":0.0,"damage_taken":0.0},{"damage_healed":0.0,"max_hp_gain":0.0,"max_hp_loss":0.0,"gold_gain":0.0,"event_name":"Tomb of Lord Red Mask","player_choice":"Ignored","floor":36.0,"gold_loss":0.0,"damage_taken":0.0},{"damage_healed":0.0,"max_hp_gain":0.0,"max_hp_loss":0.0,"gold_gain":0.0,"event_name":"NoteForYourself","player_choice":"Ignored","floor":37.0,"gold_loss":0.0,"damage_taken":0.0}],"is_beta":true,"boss_relics":[{"not_picked":["Snecko Eye","Mark of Pain"],"picked":"Coffee Dripper"},{"not_picked":["Velvet Choker","Calling Bell"],"picked":"Philosopher\u0027s Stone"}],"items_purged_floors":[22,25,38],"is_endless":false,"potions_floor_spawned":[1,2,7,11,16,18,27,29,35,39,46],"ascension_level":0}