{"path_per_floor":["M","M","?","?","$","R","E","R","T","?","R","M","T","M","R","B",null,"M","M","M","$","T","R","M","R","T","$","?","M","R","M","R","B",null,"M","M","?"],"character_chosen":"THE_SILENT","items_purchased":["Footwork","Apotheosis","Catalyst","Poison Potion"],"gold_per_floor":[116,136,136,136,25,25,54,54,125,125,125,136,163,180,180,279,279,293,308,319,27,27,27,42,42,342,90,15,25,25,41,41,146,146,163,176,176],"floor_reached":38,"campfire_rested":2,"playtime":3332,"current_hp_per_floor":[68,68,68,61,61,61,35,35,35,61,61,61,61,58,58,42,80,78,73,41,41,41,41,41,41,41,41,41,25,49,45,69,58,80,58,4,4],"items_purged":["Defend_G","Strike_G","Defend_G"],"gold":176,"play_id":"46cd1c37-de1a-4b61-9761-c5817a47933b","is_prod":false,"is_daily":false,"is_ascension_mode":true,"campfire_upgraded":6,"path_taken":["M","M","?","?","$","R","E","R","T","?","R","M","?","?","R","BOSS","M","?","M","?","?","R","?","R","T","$","?","M","R","M","R","BOSS","M","M","?","?"],"build_version":"2018-01-26-BETA1","purchased_purges":4,"victory":false,"master_deck":["Defend_G","Strike_G+1","Strike_G+1","Survivor","Neutralize+1","Calculated Gamble","Leg Sweep+1","Blur","Footwork+1","Flying Knee+1","A Thousand Cuts+1","Poisoned Stab+1","Deflect","Apotheosis","Noxious Fumes+1","Catalyst","Caltrops+1","Escape Plan","Deflect","Heel Hook"],"max_hp_per_floor":[70,70,70,70,70,70,80,80,80,80,80,80,80,80,80,80,80,80,80,80,80,80,80,80,80,80,80,80,80,80,80,80,80,80,80,80,80],"relics":["Ring of the Snake","Pear","Centennial Puzzle","Whetstone","Runic Dome","Ginger","Old Coin","The Specimen"],"card_choices":[{"not_picked":["Quick Slash","Prepared"],"picked":"Calculated Gamble"},{"not_picked":["Prepared","Underhanded Strike"],"picked":"Leg Sweep"},{"not_picked":["Doppelganger","Dodge and Roll"],"picked":"Flying Knee"},{"not_picked":["Backflip","Catalyst"],"picked":"Dagger Spray"},{"not_picked":["Unload","Corpse Explosion"],"picked":"A Thousand Cuts"},{"not_picked":["Expertise","Backstab"],"picked":"Poisoned Stab"},{"not_picked":["Masterful Stab","Flying Knee"],"picked":"Deflect"},{"not_picked":["Tactician","Masterful Stab"],"picked":"Noxious Fumes"},{"not_picked":["Underhanded Strike","Sucker Punch"],"picked":"Caltrops"},{"not_picked":["Acrobatics","Flying Knee"],"picked":"Escape Plan"},{"not_picked":["Slice","PiercingWail"],"picked":"Deflect"}],"player_experience":52536,"potions_floor_usage":[7,24,29,31,33],"damage_taken":[{"damage":2,"enemies":"Jaw Worm","floor":1,"turns":7},{"damage":0,"enemies":"2 Louse","floor":2,"turns":4},{"damage":36,"enemies":"3 Sentries","floor":7,"turns":16},{"damage":0,"enemies":"Small Slimes","floor":12,"turns":7},{"damage":3,"enemies":"3 Louse","floor":14,"turns":3},{"damage":16,"enemies":"The Guardian","floor":16,"turns":14},{"damage":2,"enemies":"Shell Parasite","floor":18,"turns":7},{"damage":5,"enemies":"Chosen","floor":19,"turns":5},{"damage":32,"enemies":"Snake Plant","floor":20,"turns":6},{"damage":0,"enemies":"Centurion and Healer","floor":24,"turns":7},{"damage":16,"enemies":"3 Cultists","floor":29,"turns":4},{"damage":4,"enemies":"Snecko","floor":31,"turns":6},{"damage":11,"enemies":"Collector","floor":33,"turns":8},{"damage":22,"enemies":"3 Shapes","floor":35,"turns":4},{"damage":54,"enemies":"Flame Bruiser 1 Orb","floor":36,"turns":6},{"damage":5,"enemies":"Maw","floor":38,"turns":6}],"event_choices":[{"event_name":"Living Wall","player_choice":"Change","floor":3,"damage_taken":0},{"event_name":"Golden Wing","player_choice":"Card Removal","floor":4,"damage_taken":0},{"event_name":"Big Fish","player_choice":"Banana","floor":10,"damage_taken":0},{"event_name":"Beggar","player_choice":"Gave Gold","floor":28,"damage_taken":0},{"event_name":"Transmorgrifier","player_choice":"Transform","floor":37,"damage_taken":0}],"boss_relics":[{"not_picked":["Calling Bell","Eternal Feather"],"picked":"Runic Dome"},{"not_picked":["Snecko Eye","Astrolabe"],"picked":"The Specimen"}],"potions_floor_spawned":[2,18,20,31],"seed_played":"-3522583948348739003","killed_by":"Maw","ascension_level":3,"is_trial":false}