{"path_per_floor":["M","M","M","?","M","R","M","E","T","M","?","E","$","M","R","B",null,"M","$","M","M","?","R","E","R","T","$","?","E","M","M","R","B",null,"M","?","M","?","M","E","$","R","T","R","M","R","$","?","R","B"],"character_chosen":"THE_SILENT","items_purchased":["Noxious Fumes","Blur","Noxious Fumes","Regen Potion","Regen Potion"],"gold_per_floor":[111,124,140,140,154,154,165,197,224,238,238,264,44,56,56,159,159,171,71,89,101,101,101,136,136,182,57,57,87,101,120,120,216,216,234,234,244,244,263,294,24,24,48,48,66,66,18,18,18,18],"floor_reached":51,"campfire_rested":2,"playtime":6296,"current_hp_per_floor":[68,68,67,53,51,51,66,52,59,57,57,47,47,47,47,61,77,76,76,74,74,74,74,56,56,56,56,56,53,53,53,53,68,77,77,77,61,51,45,27,27,50,50,50,59,59,59,59,77,48],"items_purged":["Defend_G","Strike_G","Strike_G","Dagger Spray"],"gold":18,"score":602,"play_id":"113f5f38-639c-442a-91ff-29714aca8f57","is_prod":false,"is_daily":false,"is_ascension_mode":false,"campfire_upgraded":7,"path_taken":["M","M","M","?","M","R","M","E","T","M","?","E","$","?","R","BOSS","M","$","M","M","?","R","E","R","T","$","?","E","?","M","R","BOSS","M","?","M","?","?","E","$","R","T","R","?","R","?","?","R","BOSS"],"build_version":"2018-02-08-BETA1","purchased_purges":4,"victory":true,"master_deck":["Defend_G+1","Defend_G+1","Strike_G+1","Strike_G+1","Survivor","Neutralize+1","Venomology","Sucker Punch","Flying Knee","Poisoned Stab","Die Die Die","Backflip+1","Noxious Fumes+1","Blur+1","Adrenaline","Heel Hook+1","Prepared+1","Bane","Predator+1","Escape Plan","Catalyst+1","Acrobatics","Dagger Spray+1","Deadly Poison+1","Die Die Die+1","Neutralize+1","Madness","Madness","Escape Plan+1","Noxious Fumes+1"],"max_hp_per_floor":[70,70,70,70,70,70,70,70,77,77,77,77,77,77,77,77,77,77,77,77,77,77,77,77,77,77,77,77,77,77,77,77,77,77,77,77,77,77,77,77,77,77,77,77,77,77,77,77,77,77],"relics":["Ring of the Snake","Snake Skull","Prayer Wheel","Strawberry","Tough Bandages","White Beast Statue","Gambling Chip","Lantern","Bronze Scales","Matryoshka","Astrolabe","Unceasing Top","Anchor","Regal Pillow"],"card_choices":[{"not_picked":["Dagger Spray","Flechettes"],"picked":"Venomology"},{"not_picked":["Riddle With Holes","Quick Slash"],"picked":"Sucker Punch"},{"not_picked":["Outmaneuver","Underhanded Strike"],"picked":"Flying Knee"},{"not_picked":["PiercingWail","Storm of Steel"],"picked":"Poisoned Stab"},{"not_picked":["Underhanded Strike","Poisoned Stab"],"picked":"Die Die Die"},{"not_picked":["Dodge and Roll","Riddle With Holes"],"picked":"Backflip"},{"not_picked":["Doppelganger","Wraith Form"],"picked":"Adrenaline"},{"not_picked":["Reflex","Choke"],"picked":"Heel Hook"},{"not_picked":["Dodge and Roll","Cloak And Dagger"],"picked":"Prepared"},{"not_picked":["Dash","Backflip"],"picked":"Dagger Spray"},{"not_picked":["Predator","Eviscerate"],"picked":"Bane"},{"not_picked":["Reflex","Deadly Poison"],"picked":"Predator"},{"not_picked":["Finisher","Infinite Blades"],"picked":"Escape Plan"},{"not_picked":["Reflex","Cloak And Dagger"],"picked":"Catalyst"},{"not_picked":["Slice","Dodge and Roll"],"picked":"Acrobatics"},{"not_picked":["Riddle With Holes","Quick Slash"],"picked":"Escape Plan"}],"player_experience":340192,"potions_floor_usage":[12,14,16,16,18,20,20,20,21,24,24,29,30,31,33,33,33,35,39,40,40,45,50,50,50,50],"damage_taken":[{"damage":2.0,"enemies":"Small Slimes","floor":1.0,"turns":4.0},{"damage":0.0,"enemies":"Jaw Worm","floor":2.0,"turns":5.0},{"damage":1.0,"enemies":"Blue Slaver","floor":3.0,"turns":5.0},{"damage":2.0,"enemies":"3 Louse","floor":5.0,"turns":5.0},{"damage":0.0,"enemies":"Gremlin Gang","floor":7.0,"turns":7.0},{"damage":14.0,"enemies":"Gremlin Nob","floor":8.0,"turns":4.0},{"damage":2.0,"enemies":"Looter","floor":10.0,"turns":3.0},{"damage":10,"enemies":"Lagavulin","floor":12,"turns":8},{"damage":0,"enemies":"2 Fungi Beasts","floor":14,"turns":3},{"damage":1,"enemies":"The Guardian","floor":16,"turns":8},{"damage":1,"enemies":"Chosen","floor":18,"turns":5},{"damage":2,"enemies":"3 Byrds","floor":20,"turns":4},{"damage":0,"enemies":"Snecko","floor":21,"turns":6},{"damage":18,"enemies":"Slavers","floor":24,"turns":5},{"damage":3,"enemies":"Book of Stabbing","floor":29,"turns":4},{"damage":0,"enemies":"Centurion and Healer","floor":30,"turns":3},{"damage":0,"enemies":"Snake Plant","floor":31,"turns":4},{"damage":0,"enemies":"Champ","floor":33,"turns":11},{"damage":0,"enemies":"3 Shapes","floor":35,"turns":4},{"damage":16,"enemies":"Flame Bruiser 1 Orb","floor":37,"turns":3},{"damage":6,"enemies":"Maw","floor":39,"turns":6},{"damage":18,"enemies":"Giant Head","floor":40,"turns":8},{"damage":0,"enemies":"Sphere and 2 Shapes","floor":45,"turns":3},{"damage":55,"enemies":"Time Eater","floor":50,"turns":11}],"event_choices":[{"event_name":"Shining Light","player_choice":"Entered Light","floor":4.0,"damage_taken":0.0},{"event_name":"Transmorgrifier","player_choice":"Transform","floor":11.0,"damage_taken":0.0},{"event_name":"The Mausoleum","player_choice":"Yes","floor":22,"damage_taken":0},{"event_name":"Back to Basics","player_choice":"Simplicity","floor":28,"damage_taken":0},{"event_name":"Duplicator","player_choice":"One dupe","floor":36,"damage_taken":0},{"event_name":"Winding Halls","player_choice":"Embrace Madness","floor":38,"damage_taken":0},{"event_name":"Mysterious Sphere","player_choice":"Ignore","floor":48,"damage_taken":0}],"boss_relics":[{"not_picked":["Cursed Key","Snecko Eye"],"picked":"White Beast Statue"},{"not_picked":["Calling Bell","Pandora\u0027s Box"],"picked":"Astrolabe"}],"potions_floor_spawned":[1,2,10,12,14,18,20,21,24,29,30,31,33,35,37,39,40,45],"seed_played":"-2641406784832544105","ascension_level":0,"is_trial":false}