{"gold_per_floor":[117,117,129,143,143,160,160,170,170,170,170,198,210,38,38,133,133,150,161,124,135,60,86,103,103,103,103,103,117,137,153,153,254,254,269,269,269,283,124,124,48,48,48,48,48,48,48,59,59,59],"floor_reached":51,"playtime":2690,"items_purged":["Strike_G"],"score":717,"play_id":"f659bba4-f534-47e2-b604-4efc722e28c9","local_time":"20181215052449","is_ascension_mode":false,"campfire_choices":[{"data":"Deadly Poison","floor":7.0,"key":"SMITH"},{"data":"Venomology","floor":10.0,"key":"SMITH"},{"data":"Apotheosis","floor":15.0,"key":"SMITH"},{"data":"Malaise","floor":25.0,"key":"SMITH"},{"data":"Crippling Poison","floor":27.0,"key":"SMITH"},{"data":"Footwork","floor":32.0,"key":"SMITH"},{"data":"A Thousand Cuts","floor":40.0,"key":"SMITH"},{"data":"Footwork","floor":42.0,"key":"SMITH"},{"data":"Tools of the Trade","floor":45.0,"key":"SMITH"},{"data":"Bouncing Flask","floor":49,"key":"SMITH"}],"neow_cost":"NONE","seed_source_timestamp":102396053552071,"circlet_count":0,"master_deck":["Defend_G","Defend_G","Defend_G","Defend_G","Defend_G","Strike_G","Strike_G","Strike_G","Survivor","Neutralize+1","Deadly Poison+1","Blur","Backflip","Blur","Dodge and Roll","Venomology+1","Crippling Poison+1","Deflect","Apotheosis+1","Malaise+1","Bouncing Flask+1","Footwork+1","Tools of the Trade+1","Deflect","A Thousand Cuts+1","Footwork+1"],"special_seed":0,"relics":["Ring of the Snake","Gremlin Horn","Ninja Scroll","Eternal Feather","Molten Egg 2","Shuriken","Busted Crown","Paper Crane"],"potions_floor_usage":[48,50,50],"damage_taken":[{"damage":6.0,"enemies":"Jaw Worm","floor":1.0,"turns":5.0},{"damage":0.0,"enemies":"2 Louse","floor":3.0,"turns":4.0},{"damage":0.0,"enemies":"Cultist","floor":4.0,"turns":5.0},{"damage":2.0,"enemies":"Blue Slaver","floor":6.0,"turns":5.0},{"damage":0.0,"enemies":"2 Fungi Beasts","floor":8.0,"turns":4.0},{"damage":19.0,"enemies":"Gremlin Nob","floor":12.0,"turns":5.0},{"damage":0.0,"enemies":"Exordium Wildlife","floor":13.0,"turns":3.0},{"damage":0.0,"enemies":"The Guardian","floor":16.0,"turns":12.0},{"damage":6.0,"enemies":"Chosen","floor":18.0,"turns":4.0},{"damage":6.0,"enemies":"Spheric Guardian","floor":19.0,"turns":8.0},{"damage":0.0,"enemies":"3 Cultists","floor":21.0,"turns":6.0},{"damage":7.0,"enemies":"Slavers","floor":23.0,"turns":4.0},{"damage":19.0,"enemies":"Centurion and Healer","floor":24.0,"turns":7.0},{"damage":3.0,"enemies":"Snecko","floor":29.0,"turns":5.0},{"damage":7.0,"enemies":"Snake Plant","floor":30.0,"turns":6.0},{"damage":0.0,"enemies":"Shelled Parasite and Fungi","floor":31.0,"turns":7.0},{"damage":57.0,"enemies":"Champ","floor":33.0,"turns":18.0},{"damage":14.0,"enemies":"3 Darklings","floor":35.0,"turns":10.0},{"damage":0.0,"enemies":"Orb Walker","floor":38.0,"turns":5.0},{"damage":3,"enemies":"Spire Growth","floor":48,"turns":5},{"damage":14,"enemies":"Time Eater","floor":50,"turns":18}],"seed_played":"703650446451464929","potions_obtained":[{"floor":4.0,"key":"Ancient Potion"},{"floor":8.0,"key":"LiquidBronze"},{"floor":12.0,"key":"SkillPotion"},{"floor":13.0,"key":"Swift Potion"},{"floor":21.0,"key":"SteroidPotion"},{"floor":23.0,"key":"SteroidPotion"},{"floor":24.0,"key":"Fruit Juice"}],"is_trial":false,"path_per_floor":["M","$","M","M","?","M","R","M","T","R","?","E","M","$","R","B",null,"M","M","$","M","$","E","M","R","T","R","?","M","M","M","R","B",null,"M","?","?","M","$","R","$","R","T","?","R","$","?","M","R","B",null],"character_chosen":"THE_SILENT","items_purchased":["Apotheosis","Bouncing Flask","A Thousand Cuts","Footwork"],"campfire_rested":0,"item_purchase_floors":[14,20,39,41],"current_hp_per_floor":[64,64,64,64,64,62,62,62,62,62,48,29,29,29,29,29,70,64,58,58,58,58,51,37,49,49,61,61,58,51,51,63,6,75,61,61,61,61,61,71,71,71,71,71,71,71,71,68,71,57],"gold":59,"neow_bonus":"THREE_CARDS","is_prod":false,"is_daily":false,"chose_seed":false,"campfire_upgraded":10,"win_rate":0,"timestamp":1544844289,"path_taken":["M","$","M","M","?","M","R","M","T","R","?","E","M","?","R","BOSS","M","M","$","M","$","E","M","R","T","R","?","M","M","?","R","BOSS","M","?","?","M","$","R","?","R","T","?","R","$","?","M","R","BOSS"],"build_version":"2018-12-13","purchased_purges":1,"victory":true,"max_hp_per_floor":[70,70,70,70,70,70,70,70,70,70,70,70,70,70,70,70,70,70,70,70,70,70,70,75,75,75,75,75,75,75,75,75,75,75,75,75,71,71,71,71,71,71,71,71,71,71,71,71,71,71],"card_choices":[{"not_picked":["Cloak And Dagger","Dagger Spray"],"picked":"Deadly Poison","floor":0.0},{"not_picked":["Dagger Throw","Acrobatics"],"picked":"Blur","floor":1.0},{"not_picked":["Deadly Poison","Blade Dance"],"picked":"Backflip","floor":3.0},{"not_picked":["Blade Dance","Bane"],"picked":"Blur","floor":4.0},{"not_picked":["Skewer","Calculated Gamble"],"picked":"Dodge and Roll","floor":6.0},{"not_picked":["Quick Slash","Riddle With Holes"],"picked":"Venomology","floor":8.0},{"not_picked":["Bane","Expertise"],"picked":"Crippling Poison","floor":12.0},{"not_picked":["Dagger Throw","Concentrate"],"picked":"Deflect","floor":13.0},{"not_picked":["Doppelganger","Venomology"],"picked":"Malaise","floor":16.0},{"not_picked":["Blade Dance+1","Dash","Choke"],"picked":"SKIP","floor":18.0},{"not_picked":["Acrobatics","Dodge and Roll","Infinite Blades"],"picked":"SKIP","floor":19.0},{"not_picked":["Accuracy","Underhanded Strike+1","Dagger Spray+1"],"picked":"SKIP","floor":21.0},{"not_picked":["Sucker Punch+1","PiercingWail","Cloak And Dagger"],"picked":"SKIP","floor":23.0},{"not_picked":["Dash+1","PiercingWail+1","Blade Dance"],"picked":"SKIP","floor":24.0},{"not_picked":["Die Die Die+1","Infinite Blades","Endless Agony+1"],"picked":"SKIP","floor":29.0},{"not_picked":["Sucker Punch+1","Choke+1"],"picked":"Footwork","floor":30.0},{"not_picked":["Deadly Poison","Dagger Spray+1","Flying Knee+1"],"picked":"SKIP","floor":31.0},{"not_picked":["Doppelganger","A Thousand Cuts"],"picked":"Tools of the Trade","floor":33.0},{"not_picked":[],"picked":"Deflect","floor":35.0},{"not_picked":["Cloak And Dagger"],"picked":"SKIP","floor":38.0},{"not_picked":["Flying Knee+1"],"picked":"SKIP","floor":48}],"player_experience":514047,"relics_obtained":[{"floor":9.0,"key":"Gremlin Horn"},{"floor":12.0,"key":"Ninja Scroll"},{"floor":23.0,"key":"Molten Egg 2"},{"floor":26.0,"key":"Shuriken"},{"floor":43.0,"key":"Paper Crane"}],"event_choices":[{"damage_healed":0.0,"max_hp_gain":0.0,"max_hp_loss":0.0,"gold_gain":0.0,"event_name":"Golden Wing","player_choice":"Ignored","floor":5.0,"gold_loss":0.0,"damage_taken":0.0},{"damage_healed":0.0,"max_hp_gain":0.0,"max_hp_loss":0.0,"gold_gain":0.0,"event_name":"Shining Light","player_choice":"Entered Light","floor":11.0,"gold_loss":0.0,"damage_taken":14.0,"cards_upgraded":["Neutralize","Strike_G"]},{"damage_healed":0.0,"max_hp_gain":0.0,"max_hp_loss":0.0,"gold_gain":0.0,"event_name":"The Woman in Blue","player_choice":"Bought 0 Potions","floor":28.0,"gold_loss":0.0,"damage_taken":0.0},{"damage_healed":0.0,"max_hp_gain":0.0,"max_hp_loss":0.0,"gold_gain":0.0,"event_name":"Tomb of Lord Red Mask","player_choice":"Ignored","floor":36.0,"gold_loss":0.0,"damage_taken":0.0},{"damage_healed":0.0,"max_hp_gain":0.0,"max_hp_loss":4.0,"gold_gain":0.0,"event_name":"Winding Halls","player_choice":"Max HP","floor":37.0,"gold_loss":0.0,"damage_taken":0.0},{"damage_healed":0.0,"max_hp_gain":0.0,"max_hp_loss":0.0,"gold_gain":0.0,"event_name":"Mysterious Sphere","player_choice":"Ignored","floor":44.0,"gold_loss":0.0,"damage_taken":0.0},{"cards_removed":["Strike_G"],"damage_healed":0.0,"max_hp_gain":0.0,"max_hp_loss":0.0,"gold_gain":0.0,"event_name":"Falling","player_choice":"Removed Attack","floor":47.0,"gold_loss":0.0,"damage_taken":0.0}],"is_beta":false,"boss_relics":[{"not_picked":["Black Star","Empty Cage"],"picked":"Eternal Feather"},{"not_picked":["Calling Bell","Pandora\u0027s Box"],"picked":"Busted Crown"}],"items_purged_floors":[22],"is_endless":false,"potions_floor_spawned":[4,8,12,13,18,21,23,24,35],"ascension_level":0}