{"gold_per_floor":[117,42,52,68,68,102,112,112,135,135,167,117,117,131,131,233,233,249,249,266,216,131,131,141,141,141,174,191,123,123,155,155,257,257,270,270,290,305,331,331,347,376,423,423,437,437,241,257,257,257,257,257,8,8],"floor_reached":54,"playtime":2148,"items_purged":["Strike_R","Strike_R","Decay","Strike_R"],"score":839,"play_id":"ea1cf82e-de22-4ace-b536-7dbb9604cd7d","local_time":"20190209231633","is_ascension_mode":true,"campfire_choices":[{"data":"Heavy Blade","floor":8,"key":"SMITH"},{"data":"Demon Form","floor":10,"key":"SMITH"},{"data":"1","floor":13,"key":"LIFT"},{"data":"2","floor":15,"key":"LIFT"},{"floor":23,"key":"REST"},{"floor":25,"key":"RECALL"},{"data":"Limit Break","floor":32,"key":"SMITH"},{"data":"3","floor":40,"key":"LIFT"},{"floor":46,"key":"REST"},{"floor":49,"key":"REST"},{"floor":52,"key":"REST"}],"neow_cost":"NONE","seed_source_timestamp":45561480849059,"circlet_count":0,"master_deck":["Strike_R","Strike_R","Defend_R","Defend_R","Defend_R","Defend_R","Bash+1","Cleave","Headbutt","Demon Form+1","Inflame","Heavy Blade+1","Limit Break+1","Iron Wave","Twin Strike","Ghostly Armor","Reaper","Shrug It Off+1","Blind","Flex"],"relics":["Burning Blood","Regal Pillow","Smiling Mask","Oddly Smooth Stone","Girya","Busted Crown","Pear","Happy Flower","Ginger","Art of War","Fusion Hammer","Ornamental Fan","Bag of Marbles","Strawberry","Pen Nib","Bronze Scales"],"potions_floor_usage":[11,16,24,27,31,31,42,50],"damage_taken":[{"damage":6,"enemies":"Cultist","floor":1,"turns":3},{"damage":0,"enemies":"Small Slimes","floor":3,"turns":3},{"damage":4,"enemies":"Jaw Worm","floor":4,"turns":3},{"damage":20,"enemies":"3 Sentries","floor":6,"turns":6},{"damage":19,"enemies":"Blue Slaver","floor":7,"turns":4},{"damage":6,"enemies":"Gremlin Nob","floor":11,"turns":3},{"damage":9,"enemies":"2 Fungi Beasts","floor":14,"turns":3},{"damage":22,"enemies":"Hexaghost","floor":16,"turns":7},{"damage":27,"enemies":"2 Thieves","floor":18,"turns":3},{"damage":42,"enemies":"Shell Parasite","floor":20,"turns":5},{"damage":12,"enemies":"Snecko","floor":24,"turns":4},{"damage":0,"enemies":"Gremlin Leader","floor":27,"turns":5},{"damage":6,"enemies":"3 Cultists","floor":28,"turns":3},{"damage":25,"enemies":"Slavers","floor":31,"turns":3},{"damage":22,"enemies":"Champ","floor":33,"turns":5},{"damage":17,"enemies":"Orb Walker","floor":35,"turns":4},{"damage":17,"enemies":"3 Shapes","floor":37,"turns":3},{"damage":30,"enemies":"Sphere and 2 Shapes","floor":38,"turns":5},{"damage":27,"enemies":"Spire Growth","floor":41,"turns":4},{"damage":41,"enemies":"Reptomancer","floor":42,"turns":4},{"damage":29,"enemies":"Jaw Worm Horde","floor":45,"turns":4},{"damage":7,"enemies":"Writhing Mass","floor":48,"turns":4},{"damage":54,"enemies":"Time Eater","floor":50,"turns":5},{"damage":121,"enemies":"Shield and Spear","floor":54,"turns":6}],"seed_played":"-3066431761430047844","potions_obtained":[{"floor":4,"key":"Swift Potion"},{"floor":6,"key":"Fire Potion"},{"floor":11,"key":"Dexterity Potion"},{"floor":16,"key":"Dexterity Potion"},{"floor":20,"key":"SpeedPotion"},{"floor":24,"key":"Explosive Potion"},{"floor":33,"key":"AttackPotion"},{"floor":35,"key":"Swift Potion"},{"floor":37,"key":"Ancient Potion"},{"floor":41,"key":"Strength Potion"},{"floor":45,"key":"Strength Potion"}],"is_trial":false,"path_per_floor":["M","$","M","M","?","E","M","R","T","R","E","$","R","M","R","B",null,"M","?","M","$","?","R","M","R","T","E","M","$","?","E","R","B",null,"M","?","M","M","T","R","M","E","T","?","M","R","$","M","R","B",null,"R","$","E"],"character_chosen":"IRONCLAD","items_purchased":["Ghostly Armor","Dexterity Potion","Blind","Bronze Scales","Block Potion","Flex"],"campfire_rested":4,"item_purchase_floors":[29,47,47,53,53,53],"current_hp_per_floor":[80,80,80,80,77,63,50,50,50,50,50,50,50,47,47,31,80,59,59,23,23,33,75,69,69,69,75,75,75,75,56,56,40,90,88,88,79,66,66,66,55,70,70,97,97,97,97,97,97,80,97,97,97,0],"gold":8,"neow_bonus":"UPGRADE_CARD","is_prod":false,"is_daily":false,"chose_seed":false,"campfire_upgraded":3,"win_rate":0,"timestamp":1549750593,"path_taken":["M","$","M","?","?","E","M","R","T","R","E","$","R","M","R","BOSS","M","?","M","$","?","R","M","R","T","E","M","$","?","E","R","BOSS","M","?","?","?","?","R","M","E","T","?","?","R","$","M","R","BOSS","R","$","E"],"build_version":"2019-01-23","purchased_purges":4,"victory":false,"max_hp_per_floor":[80,80,80,80,80,80,80,80,80,80,80,80,80,80,80,80,80,80,80,80,80,90,90,90,90,90,90,90,90,90,90,90,90,90,90,90,90,90,90,90,90,97,97,97,97,97,97,97,97,97,97,97,97,97],"card_choices":[{"not_picked":["Twin Strike","Clash"],"picked":"Cleave","floor":1},{"not_picked":["Sentinel","Cleave"],"picked":"Headbutt","floor":3},{"not_picked":["Clash","Anger"],"picked":"Demon Form","floor":4},{"not_picked":["Armaments","Fire Breathing"],"picked":"Inflame","floor":6},{"not_picked":["Cleave","Twin Strike"],"picked":"Heavy Blade","floor":7},{"not_picked":["Pommel Strike","Blood for Blood"],"picked":"Limit Break","floor":11},{"not_picked":["Flame Barrier","Armaments"],"picked":"Iron Wave","floor":14},{"not_picked":["Anger"],"picked":"SKIP","floor":18},{"not_picked":[],"picked":"Twin Strike","floor":20},{"not_picked":["Havoc"],"picked":"SKIP","floor":24},{"not_picked":["Rupture+1"],"picked":"SKIP","floor":27},{"not_picked":["Searing Blow"],"picked":"SKIP","floor":28},{"not_picked":["Cleave"],"picked":"SKIP","floor":31},{"not_picked":[],"picked":"Reaper","floor":33},{"not_picked":["Uppercut"],"picked":"SKIP","floor":35},{"not_picked":["Fire Breathing+1"],"picked":"SKIP","floor":37},{"not_picked":["True Grit+1"],"picked":"SKIP","floor":38},{"not_picked":["Corruption"],"picked":"SKIP","floor":41},{"not_picked":["Uppercut"],"picked":"SKIP","floor":42},{"not_picked":[],"picked":"Shrug It Off+1","floor":45},{"not_picked":["Intimidate+1"],"picked":"SKIP","floor":48}],"player_experience":263912,"relics_obtained":[{"floor":6,"key":"Smiling Mask"},{"floor":9,"key":"Oddly Smooth Stone"},{"floor":11,"key":"Girya"},{"floor":27,"key":"Happy Flower"},{"floor":31,"key":"Art of War"},{"floor":39,"key":"Bag of Marbles"},{"floor":42,"key":"Strawberry"},{"floor":43,"key":"Pen Nib"}],"event_choices":[{"damage_healed":0,"gold_gain":0,"player_choice":"Success","damage_taken":3,"relics_obtained":["Regal Pillow"],"max_hp_gain":0,"max_hp_loss":0,"event_name":"Scrap Ooze","floor":5,"gold_loss":0},{"damage_healed":0,"gold_gain":0,"player_choice":"Smashed Altar","damage_taken":0,"max_hp_gain":0,"max_hp_loss":0,"event_name":"Forgotten Altar","floor":19,"gold_loss":0,"cards_obtained":["Decay"]},{"damage_healed":0,"gold_gain":0,"player_choice":"Obtained Relic","damage_taken":0,"relics_obtained":["Pear"],"max_hp_gain":0,"max_hp_loss":0,"event_name":"Addict","floor":22,"gold_loss":85},{"damage_healed":0,"gold_gain":0,"player_choice":"Opened","damage_taken":0,"relics_obtained":["Ginger"],"max_hp_gain":0,"max_hp_loss":0,"event_name":"The Mausoleum","floor":30,"gold_loss":0},{"damage_healed":0,"gold_gain":0,"player_choice":"Gave Potion","damage_taken":0,"relics_obtained":["Ornamental Fan"],"max_hp_gain":0,"max_hp_loss":0,"event_name":"WeMeetAgain","floor":36,"gold_loss":0},{"damage_healed":27,"gold_gain":0,"player_choice":"Full Heal","damage_taken":0,"max_hp_gain":0,"max_hp_loss":0,"event_name":"Wheel of Change","floor":44,"gold_loss":0}],"is_beta":false,"boss_relics":[{"not_picked":["Velvet Choker","Mark of Pain"],"picked":"Busted Crown"},{"not_picked":["Runic Pyramid","Runic Cube"],"picked":"Fusion Hammer"}],"items_purged_floors":[2,12,21,47],"is_endless":false,"potions_floor_spawned":[4,6,11,16,20,24,33,35,37,41,45],"killed_by":"Shield and Spear","ascension_level":2}