{"gold_per_floor":[115,33,33,48,48,83,83,114,114,135,135,135,153,153,153,276,276,292,313,63,77,3,3,34,34,61,81,81,104,16,36,36,162,162,187,112,133,133],"floor_reached":38,"playtime":1230,"items_purged":["Strike_R"],"score":454,"play_id":"87dfd6ae-bb5b-40f1-a24e-29864173b3bf","local_time":"20190713223112","is_ascension_mode":false,"campfire_choices":[{"data":"Rage","floor":7.0,"key":"SMITH"},{"data":"Spot Weakness","floor":11.0,"key":"SMITH"},{"data":"Flash of Steel","floor":15.0,"key":"SMITH"},{"data":"Limit Break","floor":23.0,"key":"SMITH"},{"data":"Blind","floor":25.0,"key":"SMITH"},{"data":"Heavy Blade","floor":28.0,"key":"SMITH"},{"floor":32.0,"key":"REST"}],"neow_cost":"NONE","seed_source_timestamp":253355590634700,"circlet_count":0,"master_deck":["Strike_R","Strike_R","Strike_R","Strike_R","Defend_R","Defend_R","Defend_R","Defend_R","Bash","Sword Boomerang","Flash of Steel+1","Rage+1","Thunderclap","Headbutt","Spot Weakness+1","Anger","Limit Break+1","Evolve","Heavy Blade+1","Blind+1","Battle Trance","Shrug It Off","Flash of Steel","Berserk","Pommel Strike+1","Heavy Blade+1"],"special_seed":0,"relics":["Black Blood","Golden Idol","Peace Pipe","Question Card","Pantograph","Sozu","Centennial Puzzle","Lantern","Blood Vial"],"potions_floor_usage":[],"damage_taken":[{"damage":1.0,"enemies":"Jaw Worm","floor":1.0,"turns":3.0},{"damage":5.0,"enemies":"2 Louse","floor":4.0,"turns":4.0},{"damage":37.0,"enemies":"3 Sentries","floor":6.0,"turns":10.0},{"damage":54.0,"enemies":"Lagavulin","floor":8.0,"turns":6.0},{"damage":0.0,"enemies":"Small Slimes","floor":10.0,"turns":3.0},{"damage":6.0,"enemies":"Gremlin Gang","floor":13.0,"turns":3.0},{"damage":0.0,"enemies":"Slime Boss","floor":16.0,"turns":5.0},{"damage":0.0,"enemies":"Shell Parasite","floor":18.0,"turns":2.0},{"damage":10.0,"enemies":"3 Byrds","floor":19.0,"turns":5.0},{"damage":15.0,"enemies":"Snake Plant","floor":21.0,"turns":2.0},{"damage":16.0,"enemies":"Gremlin Leader","floor":24.0,"turns":5.0},{"damage":10.0,"enemies":"Chosen and Byrds","floor":27.0,"turns":4.0},{"damage":24.0,"enemies":"Snecko","floor":29.0,"turns":5.0},{"damage":18.0,"enemies":"Shelled Parasite and Fungi","floor":31.0,"turns":4.0},{"damage":48.0,"enemies":"Collector","floor":33.0,"turns":7.0},{"damage":29.0,"enemies":"3 Darklings","floor":35.0,"turns":5.0},{"damage":32,"enemies":"3 Shapes","floor":37,"turns":8}],"seed_played":"-3924622847437659862","potions_obtained":[{"floor":1.0,"key":"Regen Potion"},{"floor":8.0,"key":"Fire Potion"},{"floor":10.0,"key":"SpeedPotion"},{"floor":13.0,"key":"Energy Potion"},{"floor":14.0,"key":"Block Potion"},{"floor":14.0,"key":"EntropicBrew"}],"is_trial":false,"path_per_floor":["M","$","?","M","?","E","R","E","T","M","R","?","M","?","R","B",null,"M","M","$","M","$","R","E","R","T","M","R","M","$","M","R","B",null,"M","$","M","M"],"character_chosen":"IRONCLAD","items_purchased":["Flash of Steel","Centennial Puzzle","Blind","Battle Trance","Flash of Steel"],"campfire_rested":1,"item_purchase_floors":[2,20,20,22,30],"current_hp_per_floor":[80,80,85,85,79,48,48,15,15,21,21,21,21,21,21,52,79,79,75,75,66,66,66,56,56,56,54,54,38,38,28,51,36,79,60,60,40,0],"gold":133,"neow_bonus":"THREE_CARDS","is_prod":false,"is_daily":false,"chose_seed":false,"campfire_upgraded":6,"win_rate":0,"timestamp":1563046272,"path_taken":["M","$","?","M","?","E","R","E","T","M","R","?","M","?","R","BOSS","M","?","$","M","?","R","E","R","T","M","R","M","?","M","R","BOSS","M","$","M","M"],"build_version":"2019-07-05","purchased_purges":1,"victory":false,"max_hp_per_floor":[80,80,85,85,79,79,79,79,79,79,79,79,79,79,79,79,79,79,79,79,79,79,79,79,79,79,79,79,79,79,79,79,79,79,79,79,79,79],"card_choices":[{"not_picked":["Pummel","Twin Strike"],"picked":"Sword Boomerang","floor":0.0},{"not_picked":["Dual Wield","Body Slam","Power Through"],"picked":"SKIP","floor":1.0},{"not_picked":["Combust","Body Slam"],"picked":"Rage","floor":4.0},{"not_picked":["Intimidate","Bloodletting"],"picked":"Thunderclap","floor":6.0},{"not_picked":["Thunderclap","Barricade"],"picked":"Headbutt","floor":8.0},{"not_picked":["Searing Blow","Twin Strike","Sever Soul"],"picked":"Spot Weakness","floor":10.0},{"not_picked":["Intimidate","Flame Barrier","Entrench"],"picked":"Anger","floor":13.0},{"not_picked":["Double Tap","Impervious","Brutality"],"picked":"Limit Break","floor":16.0},{"not_picked":["Pummel+1","Clash+1","Armaments"],"picked":"Evolve","floor":18.0},{"not_picked":["Combust","Clothesline","Rage"],"picked":"Heavy Blade","floor":19.0},{"not_picked":["Rupture","Warcry","Seeing Red","True Grit"],"picked":"SKIP","floor":21.0},{"not_picked":["Rampage","Evolve","Entrench","Hemokinesis"],"picked":"SKIP","floor":24.0},{"not_picked":["Power Through","Sever Soul","True Grit","Warcry"],"picked":"SKIP","floor":27.0},{"not_picked":["Body Slam+1","Headbutt+1","Wild Strike"],"picked":"Shrug It Off","floor":29.0},{"not_picked":["Thunderclap+1","Headbutt","Armaments","Seeing Red"],"picked":"SKIP","floor":31.0},{"not_picked":["Fiend Fire","Exhume","Impervious"],"picked":"Berserk","floor":33.0},{"not_picked":["Burning Pact","Wild Strike+1","Thunderclap"],"picked":"Pommel Strike+1","floor":35.0},{"not_picked":["Clothesline","Iron Wave+1","Blood for Blood+1"],"picked":"Heavy Blade+1","floor":37}],"player_experience":702634,"relics_obtained":[{"floor":6.0,"key":"Peace Pipe"},{"floor":8.0,"key":"Question Card"},{"floor":9.0,"key":"Pantograph"},{"floor":24.0,"key":"Lantern"},{"floor":26.0,"key":"Blood Vial"}],"event_choices":[{"damage_healed":0.0,"max_hp_gain":5.0,"max_hp_loss":0.0,"gold_gain":0.0,"event_name":"Big Fish","player_choice":"Donut","floor":3.0,"gold_loss":0.0,"damage_taken":0.0},{"damage_healed":0.0,"max_hp_gain":0.0,"max_hp_loss":6.0,"gold_gain":0.0,"event_name":"Golden Idol","player_choice":"Lose Max HP","floor":5.0,"gold_loss":0.0,"damage_taken":0.0,"relics_obtained":["Golden Idol"]},{"damage_healed":0.0,"max_hp_gain":0.0,"max_hp_loss":0.0,"gold_gain":0.0,"event_name":"Scrap Ooze","player_choice":"Fled","floor":12.0,"gold_loss":0.0,"damage_taken":0.0},{"damage_healed":0.0,"max_hp_gain":0.0,"max_hp_loss":0.0,"gold_gain":0.0,"event_name":"Lab","player_choice":"Got Potions","floor":14.0,"gold_loss":0.0,"damage_taken":0.0}],"is_beta":false,"boss_relics":[{"not_picked":["Orrery","Runic Cube"],"picked":"Sozu"},{"not_picked":["Calling Bell","Empty Cage"],"picked":"Black Blood"}],"items_purged_floors":[36],"is_endless":false,"potions_floor_spawned":[1,8,10,13,18,21,27],"killed_by":"Sphere and 2 Shapes","ascension_level":0}