{"path_per_floor":["M","T","M","M","M","R","E","R","T","M","?","M","R","$","R","B",null,"M","M","$","?","$","R","M","R","T","E","M","E","M","M","R","B",null,"M","M","M","$","?","R","M","M","T","R","M","$","?","M","R","B"],"character_chosen":"IRONCLAD","items_purchased":["Shockwave","Armaments","Whirlwind","Regen Potion","Regen Potion"],"gold_per_floor":[109,157,174,187,207,207,234,234,258,274,274,288,288,143,143,243,243,260,280,51,51,51,51,70,70,70,98,114,144,163,182,182,285,285,300,319,337,212,212,212,222,241,241,241,255,6,0,14,14,14],"floor_reached":51,"campfire_rested":2,"playtime":4505,"current_hp_per_floor":[80,80,80,80,80,80,62,62,62,68,80,79,79,79,79,62,80,80,72,72,72,72,72,69,69,69,68,66,56,62,60,60,42,80,80,80,80,80,70,70,48,36,36,60,61,61,61,37,61,71],"items_purged":["Strike_R","Bash","Evolve","Anger"],"gold":14,"score":493,"play_id":"77e2f817-48f2-415a-8b7f-dcbaaf4416d5","is_prod":false,"is_daily":false,"is_ascension_mode":false,"campfire_upgraded":6,"path_taken":["M","?","M","M","M","R","E","R","T","M","?","M","R","$","R","BOSS","M","M","$","?","?","R","M","R","T","E","M","E","M","M","R","BOSS","M","?","M","$","?","R","M","M","T","R","M","$","?","M","R","BOSS"],"build_version":"2018-02-15-PROD1","purchased_purges":4,"victory":true,"master_deck":["Body Slam+1","Flex","Headbutt","Metallicize+1","Iron Wave+1","Dropkick","Shockwave+1","Brutality","Uppercut","Metallicize","Shrug It Off","Body Slam","Cleave","Pommel Strike","Rupture+1","Thunderclap+1","Armaments+1","Whirlwind","Impervious","Battle Trance","Shrug It Off","Reaper+1","Iron Wave+1","Madness","Madness"],"max_hp_per_floor":[80,80,80,80,80,80,80,80,80,80,80,80,80,80,80,80,80,80,80,80,80,80,80,80,80,80,80,80,80,80,80,80,80,80,80,80,80,80,80,80,80,80,80,80,80,80,80,80,80,80],"relics":["Burning Blood","Orichalcum","Omamori","Oddly Smooth Stone","Pandora\u0027s Box","Molten Egg 2","Bag of Preparation","Girya","Velvet Choker","Thread and Needle","Red Mask"],"card_choices":[{"not_picked":["Sever Soul","Twin Strike"],"picked":"Body Slam"},{"not_picked":["Heavy Blade","Clothesline"],"picked":"Flex"},{"not_picked":["Power Through","Pummel"],"picked":"Headbutt"},{"not_picked":["Cleave","Dropkick"],"picked":"Metallicize"},{"not_picked":["Dark Embrace","True Grit"],"picked":"Iron Wave"},{"not_picked":["Sword Boomerang","Searing Blow"],"picked":"Dropkick"},{"not_picked":["Juggernaut","Double Tap"],"picked":"Brutality"},{"not_picked":["Wild Strike","Cleave"],"picked":"Rupture"},{"not_picked":["Sever Soul","Seeing Red"],"picked":"Thunderclap"},{"not_picked":["Warcry","Fire Breathing"],"picked":"Impervious"},{"not_picked":["Cleave","Armaments"],"picked":"Battle Trance"},{"not_picked":["Twin Strike","Body Slam"],"picked":"Shrug It Off"},{"not_picked":["Bludgeon","Immolate"],"picked":"Reaper"},{"not_picked":["Pommel Strike","Havoc"],"picked":"Iron Wave"}],"player_experience":210036,"potions_floor_usage":[10,12,19,24,24,30,33,50,50,50],"damage_taken":[{"damage":6,"enemies":"Cultist","floor":1,"turns":3},{"damage":0,"enemies":"Small Slimes","floor":3,"turns":3},{"damage":2,"enemies":"Jaw Worm","floor":4,"turns":3},{"damage":0,"enemies":"Large Slime","floor":5,"turns":3},{"damage":24,"enemies":"Lagavulin","floor":7,"turns":6},{"damage":0,"enemies":"Looter","floor":10,"turns":2},{"damage":7,"enemies":"Exordium Thugs","floor":12,"turns":5},{"damage":23,"enemies":"Slime Boss","floor":16,"turns":13},{"damage":1,"enemies":"Shell Parasite","floor":18,"turns":4},{"damage":23,"enemies":"2 Thieves","floor":19,"turns":5},{"damage":18,"enemies":"Slaver and Parasite","floor":24,"turns":5},{"damage":7,"enemies":"Book of Stabbing","floor":27,"turns":6},{"damage":8,"enemies":"Snake Plant","floor":28,"turns":4},{"damage":16,"enemies":"Gremlin Leader","floor":29,"turns":6},{"damage":0,"enemies":"Centurion and Healer","floor":30,"turns":4},{"damage":8,"enemies":"Cultist and Chosen","floor":31,"turns":5},{"damage":24,"enemies":"Champ","floor":33,"turns":9},{"damage":0,"enemies":"Orb Walker","floor":35,"turns":2},{"damage":6,"enemies":"3 Darklings","floor":36,"turns":3},{"damage":15,"enemies":"Maw","floor":37,"turns":7},{"damage":28,"enemies":"Sphere and 2 Shapes","floor":41,"turns":5},{"damage":18,"enemies":"3 Darklings","floor":42,"turns":4},{"damage":5,"enemies":"4 Shapes","floor":45,"turns":6},{"damage":35,"enemies":"Maw","floor":48,"turns":9},{"damage":27,"enemies":"Time Eater","floor":50,"turns":10}],"event_choices":[{"event_name":"Wheel of Change","player_choice":"Full Heal","floor":11,"damage_taken":0},{"event_name":"Drug Dealer","player_choice":"Ignored","floor":21,"damage_taken":0},{"event_name":"Winding Halls","player_choice":"Embrace Madness","floor":39,"damage_taken":0},{"event_name":"Tomb of Lord Red Mask","player_choice":"Paid","floor":47,"damage_taken":0}],"boss_relics":[{"not_picked":["Runic Pyramid","Snecko Eye"],"picked":"Pandora\u0027s Box"},{"not_picked":["Black Star","Philosopher\u0027s Stone"],"picked":"Velvet Choker"}],"potions_floor_spawned":[3,4,7,12,16,19,28,31,36,45,48],"seed_played":"8179579128115809180","ascension_level":0,"is_trial":false}