{"gold_per_floor":[113,129,16,32,51,76,76,87,111,124,299,299,5,15,15,113,113,97,73,83,117,167,193,193,212,237,257,272,291,291,311,311,311],"floor_reached":33,"playtime":1247,"items_purged":["Parasite","Doubt"],"score":323,"play_id":"77f0eb4d-a716-4238-8ee8-c1a6d3ed9d53","local_time":"20180727082207","is_ascension_mode":false,"campfire_choices":[{"data":"Feed","floor":7,"key":"SMITH"},{"data":"Bash","floor":12,"key":"SMITH"},{"data":"Sword Boomerang","floor":15,"key":"SMITH"},{"floor":24,"key":"REST"},{"floor":30,"key":"REST"},{"data":"Armaments","floor":32,"key":"SMITH"}],"neow_cost":"CURSE","seed_source_timestamp":43135852606419,"circlet_count":0,"master_deck":["Strike_R","Strike_R","Strike_R+1","Strike_R","Strike_R","Defend_R+1","Defend_R","Defend_R","Defend_R","Bash+1","Sword Boomerang+1","Shrug It Off","Whirlwind","Rage","Shrug It Off","Feed+1","Thunderclap+1","Thunderclap","Feed","Armaments+1","Battle Trance+1","Battle Trance","Twin Strike"],"relics":["Black Blood","Ginger","Champion Belt","Potion Belt","Bag of Marbles","Red Mask","War Paint","Whetstone"],"potions_floor_usage":[23,23,23,27,33,33],"damage_taken":[{"damage":2,"enemies":"2 Louse","floor":1,"turns":3},{"damage":6,"enemies":"Cultist","floor":2,"turns":3},{"damage":11,"enemies":"Small Slimes","floor":4,"turns":3},{"damage":12,"enemies":"Looter","floor":5,"turns":3},{"damage":34,"enemies":"Gremlin Nob","floor":6,"turns":5},{"damage":13,"enemies":"Lots of Slimes","floor":8,"turns":4},{"damage":3,"enemies":"Blue Slaver","floor":10,"turns":3},{"damage":2,"enemies":"Exordium Wildlife","floor":14,"turns":4},{"damage":23,"enemies":"Slime Boss","floor":16,"turns":13},{"damage":10,"enemies":"2 Thieves","floor":18,"turns":4},{"damage":1,"enemies":"Chosen","floor":20,"turns":4},{"damage":36,"floor":21,"turns":6},{"damage":69,"enemies":"Gremlin Leader","floor":23,"turns":10},{"damage":7,"enemies":"Snake Plant","floor":25,"turns":5},{"damage":28,"enemies":"Centurion and Healer","floor":27,"turns":8},{"damage":9,"enemies":"Chosen and Byrds","floor":28,"turns":6},{"damage":13,"enemies":"Snecko","floor":29,"turns":5},{"damage":30,"enemies":"Snake Plant","floor":31,"turns":5},{"damage":79,"enemies":"Collector","floor":33,"turns":8}],"seed_played":"7954319191533520656","potions_obtained":[{"floor":1,"key":"LiquidBronze"},{"floor":4,"key":"EssenceOfSteel"},{"floor":8,"key":"Swift Potion"},{"floor":10,"key":"SkillPotion"},{"floor":16,"key":"FearPotion"},{"floor":20,"key":"Poison Potion"},{"floor":25,"key":"Strength Potion"},{"floor":27,"key":"Explosive Potion"},{"floor":29,"key":"Swift Potion"}],"is_trial":false,"path_per_floor":["M","M","$","M","M","E","R","M","T","M","?","R","$","M","R","B",null,"M","$","M","?","?","E","R","M","T","M","M","M","R","M","R"],"character_chosen":"IRONCLAD","items_purchased":["Whirlwind","Thunderclap","Bag of Marbles","Armaments"],"campfire_rested":2,"item_purchase_floors":[3,13,13,19],"current_hp_per_floor":[80,80,77,72,66,38,38,35,35,42,42,42,42,50,50,37,93,96,96,100,77,77,18,48,54,54,40,44,44,78,62,62,0],"gold":311,"neow_bonus":"ONE_RARE_RELIC","is_prod":false,"is_daily":false,"chose_seed":false,"campfire_upgraded":4,"win_rate":0,"timestamp":1532668927,"path_taken":["M","M","$","M","M","E","R","M","T","M","?","R","$","?","R","BOSS","M","$","M","?","?","E","R","?","T","M","M","M","R","M","R","BOSS"],"build_version":"2018-07-26","purchased_purges":2,"victory":false,"max_hp_per_floor":[80,80,77,77,77,77,77,81,81,85,85,85,85,89,89,93,93,96,96,100,103,103,103,103,106,106,110,113,116,116,120,120,120],"card_choices":[{"not_picked":["Pommel Strike","Corruption"],"picked":"Sword Boomerang","floor":1},{"not_picked":["Thunderclap","Carnage"],"picked":"Shrug It Off","floor":2},{"not_picked":["Intimidate","Seeing Red"],"picked":"Rage","floor":4},{"not_picked":["Perfected Strike","Heavy Blade"],"picked":"Shrug It Off","floor":5},{"not_picked":["Heavy Blade","Reckless Charge"],"picked":"Feed","floor":6},{"not_picked":["Headbutt","Warcry","Searing Blow"],"picked":"SKIP","floor":8},{"not_picked":["True Grit","Seeing Red","Twin Strike"],"picked":"SKIP","floor":10},{"not_picked":["Warcry","Wild Strike"],"picked":"Thunderclap","floor":14},{"not_picked":["Impervious","Berserk"],"picked":"Feed","floor":16},{"not_picked":["Clothesline+1","Clash","Shrug It Off"],"picked":"SKIP","floor":18},{"not_picked":["Armaments","Second Wind+1"],"picked":"Battle Trance","floor":20},{"not_picked":["Pommel Strike","Clothesline"],"picked":"Battle Trance","floor":21},{"not_picked":["Dark Embrace","Headbutt+1","Sword Boomerang"],"picked":"SKIP","floor":23},{"not_picked":["True Grit","Clothesline","Metallicize"],"picked":"SKIP","floor":25},{"not_picked":["Pummel","Hemokinesis","Burning Pact"],"picked":"SKIP","floor":27},{"not_picked":["Warcry","Pommel Strike","Clothesline"],"picked":"SKIP","floor":28},{"not_picked":["Wild Strike","Metallicize"],"picked":"Twin Strike","floor":29},{"not_picked":["Headbutt+1","Armaments","Flex+1"],"picked":"SKIP","floor":31}],"player_experience":224349,"relics_obtained":[{"floor":6,"key":"Champion Belt"},{"floor":9,"key":"Potion Belt"},{"floor":21,"key":"Red Mask"},{"floor":23,"key":"War Paint"},{"floor":26,"key":"Whetstone"}],"event_choices":[{"event_name":"Liars Game","player_choice":"agreed","floor":11,"damage_taken":0},{"event_name":"Masked Bandits","player_choice":"Fought over 83 gold","floor":21,"damage_taken":0},{"event_name":"The Joust","player_choice":"Bet on Murderer","floor":22,"damage_taken":0}],"is_beta":false,"boss_relics":[{"not_picked":["White Beast Statue","Orrery"],"picked":"Black Blood"}],"items_purged_floors":[3,13],"is_endless":false,"potions_floor_spawned":[1,4,8,10,16,20,25,27,29],"killed_by":"Collector","ascension_level":0}