{"gold_per_floor":[117,135,135,310,235,262,262,41,65,97,61,61,89,108,108,108],"floor_reached":16,"playtime":333,"items_purged":["Doubt"],"score":116,"play_id":"3ba3b82b-a987-4fa4-8644-5e5e4b5c1491","local_time":"20190724175641","is_ascension_mode":false,"campfire_choices":[{"data":"Echo Form","floor":12.0,"key":"SMITH"},{"data":"Defragment","floor":15.0,"key":"SMITH"}],"neow_cost":"NONE","seed_source_timestamp":88135937857000,"circlet_count":0,"master_deck":["Strike_B","Strike_B","Strike_B+1","Defend_B","Defend_B","Defend_B","Defend_B","Zap","Dualcast+1","Gash","Conserve Battery","Go for the Eyes","Echo Form+1","FTL","Gash","Defragment+1","Defragment"],"special_seed":0,"relics":["Cracked Core","Orichalcum","Juzu Bracelet","Lantern","Centennial Puzzle"],"potions_floor_usage":[16],"damage_taken":[{"damage":1.0,"enemies":"Cultist","floor":1.0,"turns":3.0},{"damage":7.0,"enemies":"Small Slimes","floor":2.0,"turns":2.0},{"damage":20.0,"enemies":"Lagavulin","floor":6.0,"turns":8.0},{"damage":8.0,"enemies":"Gremlin Nob","floor":10.0,"turns":5.0},{"damage":15.0,"enemies":"3 Sentries","floor":13.0,"turns":5.0},{"damage":6.0,"enemies":"Jaw Worm","floor":14.0,"turns":2.0},{"damage":9,"enemies":"The Guardian","floor":16,"turns":4}],"seed_played":"-4615601417528756117","potions_obtained":[{"floor":2.0,"key":"Strength Potion"},{"floor":13.0,"key":"Block Potion"}],"is_trial":false,"path_per_floor":["M","M","?","?","$","E","?","$","T","E","$","R","E","M","R","B"],"character_chosen":"DEFECT","items_purchased":["Echo Form","FTL","Defragment"],"campfire_rested":0,"item_purchase_floors":[8,8,11],"current_hp_per_floor":[81,74,58,58,58,38,38,38,38,30,30,30,15,9,9,0],"gold":108,"neow_bonus":"TEN_PERCENT_HP_BONUS","is_prod":false,"is_daily":false,"chose_seed":false,"campfire_upgraded":2,"win_rate":0,"timestamp":1563980201,"path_taken":["M","?","?","?","?","E","?","$","T","E","$","R","E","M","R","BOSS"],"build_version":"2019-07-17","purchased_purges":1,"victory":false,"max_hp_per_floor":[82,82,82,82,82,82,82,82,82,82,82,82,82,82,82,82],"card_choices":[{"not_picked":["Coolheaded","Chaos"],"picked":"Gash","floor":1.0},{"not_picked":["Hologram","Rip and Tear"],"picked":"Conserve Battery","floor":2.0},{"not_picked":["Hologram","Barrage"],"picked":"Go for the Eyes","floor":6.0},{"not_picked":["Ball Lightning","Leap"],"picked":"Gash","floor":10.0},{"not_picked":["Reinforced Body","Barrage"],"picked":"Defragment","floor":13.0},{"not_picked":["Hologram","Rip and Tear","Rebound"],"picked":"SKIP","floor":14.0}],"player_experience":757506,"relics_obtained":[{"floor":6.0,"key":"Orichalcum"},{"floor":9.0,"key":"Juzu Bracelet"},{"floor":10.0,"key":"Lantern"},{"floor":13.0,"key":"Centennial Puzzle"}],"event_choices":[{"damage_healed":0.0,"max_hp_gain":0.0,"max_hp_loss":0.0,"gold_gain":0.0,"event_name":"Shining Light","player_choice":"Entered Light","floor":3.0,"gold_loss":0.0,"damage_taken":16.0,"cards_upgraded":["Strike_B","Dualcast"]},{"damage_healed":0.0,"max_hp_gain":0.0,"max_hp_loss":0.0,"gold_gain":175.0,"event_name":"Liars Game","player_choice":"AGREE","floor":4.0,"gold_loss":0.0,"damage_taken":0.0,"cards_obtained":["Doubt"]},{"cards_removed":["Strike_B"],"damage_healed":0.0,"max_hp_gain":0.0,"max_hp_loss":0.0,"gold_gain":0.0,"event_name":"Wheel of Change","player_choice":"Card Removal","floor":7.0,"gold_loss":0.0,"damage_taken":0.0}],"is_beta":false,"boss_relics":[],"items_purged_floors":[5],"is_endless":false,"potions_floor_spawned":[2,13],"killed_by":"The Guardian","ascension_level":0}