{"gold_per_floor":[117,135,135,135,58,58,74,108,108,146,146,96,115,179,179,307,307,328,328,349,144,163,196,196,212,212,212,212,212,212,40,40,40],"floor_reached":33,"playtime":3249,"items_purged":[],"score":298,"play_id":"408ca677-e6a5-468e-b840-34c541cad494","local_time":"20190726220157","is_ascension_mode":true,"campfire_choices":[{"floor":6,"key":"RECALL"},{"floor":11,"key":"DIG"},{"floor":15,"key":"REST"},{"floor":24,"key":"DIG"},{"floor":27,"key":"DIG"},{"floor":32,"key":"REST"}],"neow_cost":"NONE","seed_source_timestamp":1148169175432680,"circlet_count":0,"master_deck":["Strike_B","Strike_B","Strike_B","Defend_B","Defend_B","Defend_B","Defend_B","Zap","Dualcast","Coolheaded","Rebound","BootSequence","Chill","Melter","Loop+1","Gash","Conserve Battery","All For One+1","Ball Lightning+1","Compile Driver+1","Barrage+1","Electrodynamics","Gash+1","Stack+1","Writhe","Cold Snap+1"],"relics":["Cracked Core","Golden Idol","Thread and Needle","Shovel","Pantograph","Unceasing Top","Molten Egg 2","Philosopher\u0027s Stone","Blood Vial","Bottled Lightning","Smiling Mask","Question Card","Bag of Marbles","Regal Pillow","Omamori"],"potions_floor_usage":[8,10,14,33,33,33],"damage_taken":[{"damage":0,"enemies":"Cultist","floor":1,"turns":3},{"damage":4,"enemies":"2 Louse","floor":2,"turns":3},{"damage":0,"enemies":"Small Slimes","floor":7,"turns":2},{"damage":31,"enemies":"Gremlin Nob","floor":8,"turns":5},{"damage":11,"enemies":"Lagavulin","floor":10,"turns":7},{"damage":0,"enemies":"Exordium Wildlife","floor":13,"turns":3},{"damage":13,"enemies":"Lagavulin Event","floor":14,"turns":8},{"damage":33,"enemies":"Slime Boss","floor":16,"turns":18},{"damage":0,"enemies":"Spheric Guardian","floor":18,"turns":2},{"damage":11,"enemies":"2 Thieves","floor":20,"turns":4},{"damage":11,"enemies":"3 Cultists","floor":22,"turns":6},{"damage":24,"enemies":"Book of Stabbing","floor":23,"turns":5},{"damage":21,"enemies":"Shelled Parasite and Fungi","floor":25,"turns":5},{"damage":76,"enemies":"Automaton","floor":33,"turns":10}],"seed_played":"5664320020873434555","potions_obtained":[{"floor":2,"key":"GamblersBrew"},{"floor":7,"key":"Energy Potion"},{"floor":8,"key":"Poison Potion"},{"floor":16,"key":"SpeedPotion"},{"floor":20,"key":"LiquidBronze"},{"floor":25,"key":"SpeedPotion"}],"is_trial":false,"path_per_floor":["M","M","?","?","$","R","M","E","T","E","R","?","M","?","R","B",null,"M","?","M","$","M","E","R","M","T","R","?","T","?","$","R","B"],"character_chosen":"DEFECT","items_purchased":["BootSequence","Blood Vial","Barrage+1","Omamori","Cold Snap+1"],"campfire_rested":2,"item_purchase_floors":[5,21,21,31,31],"current_hp_per_floor":[82,78,76,69,69,69,69,38,38,27,27,27,27,14,36,28,76,76,76,65,65,56,34,34,15,15,15,15,15,15,15,52,0],"gold":40,"neow_bonus":"TEN_PERCENT_HP_BONUS","is_prod":false,"is_daily":false,"chose_seed":false,"campfire_upgraded":0,"win_rate":0,"timestamp":1564196517,"path_taken":["M","?","?","?","$","R","M","E","T","E","R","?","M","?","R","BOSS","M","?","M","$","M","E","R","M","T","R","?","?","?","$","R","BOSS"],"build_version":"2019-07-17","purchased_purges":0,"victory":false,"max_hp_per_floor":[82,82,76,76,76,76,76,76,76,76,76,76,76,76,76,76,76,76,76,76,76,76,76,76,76,76,76,76,76,76,76,76,76],"card_choices":[{"not_picked":["Sweeping Beam","Redo"],"picked":"Coolheaded","floor":1},{"not_picked":["Beam Cell","Hologram"],"picked":"Rebound","floor":2},{"not_picked":["Hello World","Echo Form"],"picked":"Chill","floor":7},{"not_picked":["Skim","Rebound"],"picked":"Melter","floor":8},{"not_picked":["Conserve Battery","Ball Lightning"],"picked":"Loop","floor":10},{"not_picked":["Barrage","Chaos"],"picked":"Gash","floor":13},{"not_picked":["Barrage","Turbo"],"picked":"Conserve Battery","floor":14},{"not_picked":["Electrodynamics","Meteor Strike+1"],"picked":"All For One+1","floor":16},{"not_picked":["Turbo","Rebound+1"],"picked":"Ball Lightning+1","floor":18},{"not_picked":["Steam","Coolheaded"],"picked":"Compile Driver+1","floor":20},{"not_picked":["Redo+1","Beam Cell+1"],"picked":"Electrodynamics","floor":22},{"not_picked":["Streamline+1","Fission"],"picked":"Gash+1","floor":23},{"not_picked":["Static Discharge+1","Hologram"],"picked":"Stack+1","floor":25}],"player_experience":67886,"relics_obtained":[{"floor":8,"key":"Thread and Needle"},{"floor":9,"key":"Shovel"},{"floor":10,"key":"Pantograph"},{"floor":11,"key":"Unceasing Top"},{"floor":14,"key":"Molten Egg 2"},{"floor":23,"key":"Bottled Lightning"},{"floor":24,"key":"Smiling Mask"},{"floor":27,"key":"Question Card"},{"floor":29,"key":"Regal Pillow"}],"event_choices":[{"damage_healed":0,"gold_gain":0,"player_choice":"Lose Max HP","damage_taken":0,"relics_obtained":["Golden Idol"],"max_hp_gain":0,"max_hp_loss":6,"event_name":"Golden Idol","floor":3,"gold_loss":0},{"cards_removed":["Strike_B"],"damage_healed":0,"gold_gain":0,"player_choice":"Card Removal","damage_taken":7,"max_hp_gain":0,"max_hp_loss":0,"event_name":"Golden Wing","floor":4,"gold_loss":0},{"damage_healed":0,"gold_gain":0,"player_choice":"Left Gold","damage_taken":0,"max_hp_gain":0,"max_hp_loss":0,"event_name":"World of Goop","floor":12,"gold_loss":50},{"damage_healed":0,"gold_gain":30,"player_choice":"Searched \u00272\u0027 times","damage_taken":0,"max_hp_gain":0,"max_hp_loss":0,"event_name":"Dead Adventurer","floor":14,"gold_loss":0},{"damage_healed":0,"gold_gain":0,"player_choice":"Ignored","damage_taken":0,"max_hp_gain":0,"max_hp_loss":0,"event_name":"Ghosts","floor":19,"gold_loss":0},{"damage_healed":0,"gold_gain":0,"player_choice":"Opened","damage_taken":0,"relics_obtained":["Bag of Marbles"],"max_hp_gain":0,"max_hp_loss":0,"event_name":"The Mausoleum","floor":28,"gold_loss":0,"cards_obtained":["Writhe"]},{"damage_healed":0,"gold_gain":0,"player_choice":"Upgraded","damage_taken":0,"max_hp_gain":0,"max_hp_loss":0,"event_name":"Upgrade Shrine","floor":30,"gold_loss":0,"cards_upgraded":["Loop"]}],"is_beta":false,"boss_relics":[{"not_picked":["Calling Bell","FrozenCore"],"picked":"Philosopher\u0027s Stone"}],"items_purged_floors":[],"is_endless":false,"potions_floor_spawned":[2,7,8,16,20,25],"killed_by":"Automaton","ascension_level":2}