{"gold_per_floor":[109,34,44,44,59,93,93,104,104,104,104,179,198,213,213,213],"floor_reached":16,"playtime":1210,"items_purged":["Strike_B"],"score":122,"play_id":"a7a9bf88-6525-454a-a4f5-d07053760d18","local_time":"20190718230936","is_ascension_mode":true,"campfire_choices":[{"floor":7,"key":"REST"},{"floor":11,"key":"REST"},{"floor":15,"key":"REST"}],"neow_cost":"PERCENT_DAMAGE","seed_source_timestamp":47284241951346,"circlet_count":0,"master_deck":["Strike_B","Strike_B","Strike_B","Defend_B","Defend_B","Defend_B","Defend_B","Zap","Dualcast","White Noise","White Noise","Gash","Turbo","Ball Lightning","Regret","Genetic Algorithm+1","Genetic Algorithm+1","Double Energy+1","Double Energy+1"],"relics":["Cracked Core","Ice Cream","Ornamental Fan","Toxic Egg 2","Dream Catcher"],"potions_floor_usage":[6,16],"damage_taken":[{"damage":0,"enemies":"Small Slimes","floor":1,"turns":2},{"damage":7,"enemies":"2 Louse","floor":3,"turns":3},{"damage":2,"enemies":"Jaw Worm","floor":5,"turns":4},{"damage":26,"enemies":"Gremlin Nob","floor":6,"turns":4},{"damage":0,"enemies":"2 Fungi Beasts","floor":8,"turns":4},{"damage":11,"enemies":"Blue Slaver","floor":13,"turns":3},{"damage":33,"enemies":"Exordium Wildlife","floor":14,"turns":6},{"damage":55,"enemies":"Slime Boss","floor":16,"turns":7}],"seed_played":"-9208719424244826019","potions_obtained":[{"floor":1,"key":"Fire Potion"},{"floor":13,"key":"Weak Potion"}],"is_trial":false,"path_per_floor":["M","$","M","?","M","E","R","M","T","?","R","?","M","M","R","B"],"character_chosen":"DEFECT","items_purchased":[],"campfire_rested":3,"item_purchase_floors":[],"current_hp_per_floor":[68,68,61,58,56,30,56,56,56,56,82,71,60,27,53,0],"gold":213,"neow_bonus":"TWENTY_PERCENT_HP_BONUS","is_prod":false,"is_daily":false,"chose_seed":false,"campfire_upgraded":0,"win_rate":0,"timestamp":1563509376,"path_taken":["M","$","M","?","M","E","R","M","T","?","R","?","M","M","R","BOSS"],"build_version":"2019-07-17","purchased_purges":1,"victory":false,"max_hp_per_floor":[89,89,89,89,89,89,89,89,89,89,89,89,89,89,89,89],"card_choices":[{"not_picked":["Aggregate","Cold Snap"],"picked":"White Noise","floor":1},{"not_picked":["Steam","Sweeping Beam"],"picked":"White Noise","floor":3},{"not_picked":["BootSequence","Sweeping Beam"],"picked":"Gash","floor":5},{"not_picked":["Steam","Rebound"],"picked":"Turbo","floor":6},{"not_picked":["Rip and Tear","Redo"],"picked":"Ball Lightning","floor":8},{"not_picked":["Sweeping Beam","Turbo+1"],"picked":"Genetic Algorithm+1","floor":11},{"not_picked":["Leap+1","Sweeping Beam"],"picked":"Genetic Algorithm+1","floor":13},{"not_picked":["Rip and Tear","Turbo+1"],"picked":"Double Energy+1","floor":14},{"not_picked":["Darkness+1","Fusion+1"],"picked":"Double Energy+1","floor":15}],"player_experience":414463,"relics_obtained":[{"floor":6,"key":"Ornamental Fan"},{"floor":9,"key":"Toxic Egg 2"}],"event_choices":[{"damage_healed":0,"gold_gain":0,"player_choice":"Success","damage_taken":3,"relics_obtained":["Ice Cream"],"max_hp_gain":0,"max_hp_loss":0,"event_name":"Scrap Ooze","floor":4,"gold_loss":0},{"damage_healed":0,"gold_gain":0,"player_choice":"Box","damage_taken":0,"relics_obtained":["Dream Catcher"],"max_hp_gain":0,"max_hp_loss":0,"event_name":"Big Fish","floor":10,"gold_loss":0,"cards_obtained":["Regret"]},{"damage_healed":0,"gold_gain":75,"player_choice":"Gather Gold","damage_taken":11,"max_hp_gain":0,"max_hp_loss":0,"event_name":"World of Goop","floor":12,"gold_loss":0}],"is_beta":false,"boss_relics":[],"items_purged_floors":[2],"is_endless":false,"potions_floor_spawned":[1,13],"killed_by":"Slime Boss","ascension_level":4}