{"gold_per_floor":[112,112,112,132,147,177,177,189,235,247,294,323,335,425,437,553,565,589,611,533,560,592,630,655,299,325,341,341,341,353,60,60,155,155,168,184,194,214,214,214,233,252,298,310,3,21,21,21,21,21],"floor_reached":51,"playtime":15117,"items_purged":["Strike_R","Defend_R","Strike_R"],"score":635,"play_id":"42cc6a35-16d6-4cc8-bd37-39113989b964","local_time":"20190725203641","is_ascension_mode":false,"campfire_choices":[{"data":"Pommel Strike","floor":7,"key":"SMITH"},{"data":"Bash","floor":10,"key":"SMITH"},{"data":"Rage","floor":13,"key":"SMITH"},{"data":"Clothesline","floor":15,"key":"SMITH"},{"data":"Armaments","floor":28,"key":"SMITH"},{"data":"Thunderclap","floor":32,"key":"SMITH"},{"data":"Defend_R","floor":40,"key":"SMITH"},{"floor":47,"key":"REST"},{"data":"Body Slam","floor":49,"key":"SMITH"}],"neow_cost":"","seed_source_timestamp":19614263708033,"circlet_count":0,"master_deck":["Strike_R+1","Defend_R+1","Defend_R","Defend_R","Bash+1","Rage+1","Reaper","Thunderclap+1","Pommel Strike+1","Clothesline","Anger","Battle Trance","Clothesline+1","Brutality","Disarm+1","Pommel Strike","Sword Boomerang","Power Through","Armaments+1","Thunderclap","Armaments+1","Offering","Battle Trance+1","Parasite","Body Slam+1","Blood for Blood","Searing Blow","Perfected Strike"],"relics":["Burning Blood","Paper Frog","Boot","MawBank","Mercury Hourglass","Busted Crown","Centennial Puzzle","Sundial","Happy Flower","ClockworkSouvenir","Philosopher\u0027s Stone","Torii","Oddly Smooth Stone","Meat on the Bone"],"potions_floor_usage":[8,11,16,23,24,33,33,41,41,42,42,42,44,46],"damage_taken":[{"damage":6,"enemies":"Jaw Worm","floor":1,"turns":3},{"damage":0,"enemies":"2 Louse","floor":4,"turns":3},{"damage":6,"enemies":"Small Slimes","floor":5,"turns":5},{"damage":37,"enemies":"3 Sentries","floor":6,"turns":8},{"damage":8,"enemies":"Gremlin Gang","floor":8,"turns":3},{"damage":15,"enemies":"Lagavulin","floor":11,"turns":6},{"damage":0,"enemies":"Lots of Slimes","floor":12,"turns":1},{"damage":36,"enemies":"The Guardian","floor":16,"turns":8},{"damage":15,"enemies":"Chosen","floor":18,"turns":4},{"damage":7,"enemies":"Shell Parasite","floor":19,"turns":3},{"damage":17,"enemies":"Snake Plant","floor":21,"turns":3},{"damage":2,"enemies":"Cultist and Chosen","floor":22,"turns":5},{"damage":19,"enemies":"Gremlin Leader","floor":23,"turns":6},{"damage":21,"enemies":"Centurion and Healer","floor":24,"turns":4},{"damage":13,"enemies":"Snecko","floor":27,"turns":4},{"damage":3,"enemies":"3 Cultists","floor":30,"turns":4},{"damage":50,"enemies":"Champ","floor":33,"turns":10},{"damage":28,"enemies":"3 Darklings","floor":35,"turns":3},{"damage":20,"enemies":"3 Shapes","floor":36,"turns":2},{"damage":20,"enemies":"Sphere and 2 Shapes","floor":37,"turns":4},{"damage":10,"enemies":"3 Darklings","floor":38,"turns":3},{"damage":8,"enemies":"Writhing Mass","floor":41,"turns":3},{"damage":16,"enemies":"Sphere and 2 Shapes","floor":42,"turns":4},{"damage":8,"enemies":"Transient","floor":44,"turns":5},{"damage":7,"enemies":"Spire Growth","floor":46,"turns":3},{"damage":66,"enemies":"Awakened One","floor":50,"turns":14}],"seed_played":"-6348930610433068940","potions_obtained":[{"floor":1,"key":"PowerPotion"},{"floor":5,"key":"LiquidBronze"},{"floor":6,"key":"LiquidBronze"},{"floor":16,"key":"PowerPotion"},{"floor":19,"key":"Weak Potion"},{"floor":22,"key":"GamblersBrew"},{"floor":27,"key":"Ancient Potion"},{"floor":33,"key":"Energy Potion"},{"floor":35,"key":"GamblersBrew"},{"floor":36,"key":"Ancient Potion"},{"floor":37,"key":"Energy Potion"},{"floor":41,"key":"EntropicBrew"}],"is_trial":false,"path_per_floor":["M","?","?","M","M","E","R","M","T","R","E","M","R","?","R","B",null,"M","M","?","M","M","E","M","$","T","M","R","?","M","$","R","B",null,"M","M","M","M","?","R","M","M","T","M","$","M","R","T","R","B",null],"character_chosen":"IRONCLAD","items_purchased":["Armaments","Sundial","ClockworkSouvenir","Regen Potion","Blood for Blood","Searing Blow"],"campfire_rested":1,"item_purchase_floors":[25,25,31,45,45,45],"current_hp_per_floor":[80,80,73,80,80,61,61,76,76,76,67,80,80,80,80,50,80,78,77,77,66,80,67,62,62,62,62,62,62,65,65,65,21,80,58,59,45,48,48,48,46,43,43,46,46,59,80,80,80,38],"gold":21,"neow_bonus":"","is_prod":false,"is_daily":false,"chose_seed":false,"campfire_upgraded":8,"win_rate":0.0,"timestamp":1564105001,"path_taken":["M","?","?","M","M","E","R","M","T","R","E","M","R","?","R","BOSS","M","M","?","?","M","E","?","?","T","?","R","?","M","$","R","BOSS","M","M","?","M","?","R","M","?","T","M","$","M","R","?","R","BOSS"],"build_version":"2019-07-17","purchased_purges":3,"victory":true,"max_hp_per_floor":[80,80,80,80,80,80,80,80,80,80,80,80,80,80,80,80,80,80,80,80,80,80,80,80,80,80,80,80,80,80,80,80,80,80,80,80,80,80,80,80,80,80,80,80,80,80,80,80,80,80],"card_choices":[{"not_picked":["Hemokinesis","Seeing Red"],"picked":"Rage","floor":1},{"not_picked":["Clash","Battle Trance"],"picked":"Thunderclap","floor":4},{"not_picked":["Sever Soul","Cleave"],"picked":"Pommel Strike","floor":5},{"not_picked":["True Grit","Flex"],"picked":"Clothesline","floor":6},{"not_picked":["Shrug It Off","Combust"],"picked":"Anger","floor":8},{"not_picked":["Flex","Brutality"],"picked":"Battle Trance","floor":11},{"not_picked":["Warcry","Clash"],"picked":"Clothesline","floor":12},{"not_picked":["Reaper","Dark Embrace"],"picked":"Brutality","floor":16},{"not_picked":[],"picked":"Disarm+1","floor":18},{"not_picked":[],"picked":"Pommel Strike","floor":19},{"not_picked":["Corruption"],"picked":"SKIP","floor":21},{"not_picked":[],"picked":"Sword Boomerang","floor":22},{"not_picked":["Warcry"],"picked":"SKIP","floor":23},{"not_picked":[],"picked":"Power Through","floor":24},{"not_picked":[],"picked":"Thunderclap","floor":27},{"not_picked":["Twin Strike"],"picked":"SKIP","floor":30},{"not_picked":[],"picked":"Offering","floor":33},{"not_picked":[],"picked":"Battle Trance+1","floor":35},{"not_picked":["Corruption+1"],"picked":"SKIP","floor":36},{"not_picked":["Flex+1"],"picked":"SKIP","floor":37},{"not_picked":["Clash+1"],"picked":"SKIP","floor":38},{"not_picked":["Warcry"],"picked":"SKIP","floor":41},{"not_picked":["Sword Boomerang"],"picked":"SKIP","floor":42},{"not_picked":[],"picked":"Body Slam","floor":44},{"not_picked":[],"picked":"Perfected Strike","floor":46}],"player_experience":0,"relics_obtained":[{"floor":6,"key":"Boot"},{"floor":9,"key":"MawBank"},{"floor":11,"key":"Mercury Hourglass"},{"floor":23,"key":"Centennial Puzzle"},{"floor":26,"key":"Happy Flower"},{"floor":43,"key":"Oddly Smooth Stone"},{"floor":48,"key":"Meat on the Bone"}],"event_choices":[{"damage_healed":0,"gold_gain":0,"cards_transformed":["Strike_R"],"player_choice":"Change","damage_taken":0,"max_hp_gain":0,"max_hp_loss":0,"event_name":"Living Wall","floor":2,"gold_loss":0,"cards_obtained":["Reaper"]},{"damage_healed":0,"gold_gain":0,"player_choice":"Success","damage_taken":7,"relics_obtained":["Paper Frog"],"max_hp_gain":0,"max_hp_loss":0,"event_name":"Scrap Ooze","floor":3,"gold_loss":0},{"damage_healed":0,"gold_gain":78,"player_choice":"Gained Gold","damage_taken":0,"max_hp_gain":0,"max_hp_loss":0,"event_name":"Golden Wing","floor":14,"gold_loss":0},{"cards_removed":["Strike_R"],"damage_healed":0,"gold_gain":0,"player_choice":"Upgrade and Remove","damage_taken":0,"max_hp_gain":0,"max_hp_loss":0,"event_name":"Designer","floor":20,"gold_loss":90,"cards_upgraded":["Strike_R"]},{"damage_healed":0,"gold_gain":0,"player_choice":"Copied","damage_taken":0,"max_hp_gain":0,"max_hp_loss":0,"event_name":"Duplicator","floor":29,"gold_loss":0,"cards_obtained":["Armaments"]},{"damage_healed":0,"gold_gain":0,"player_choice":"Gave Potion","damage_taken":0,"relics_obtained":["Torii"],"max_hp_gain":0,"max_hp_loss":0,"event_name":"WeMeetAgain","floor":39,"gold_loss":0}],"is_beta":false,"boss_relics":[{"not_picked":["Astrolabe","Lizard Tail"],"picked":"Busted Crown"},{"not_picked":["Snecko Eye","Eternal Feather"],"picked":"Philosopher\u0027s Stone"}],"items_purged_floors":[25,31,45],"is_endless":false,"potions_floor_spawned":[1,5,6,16,19,22,27,33,35,36,37,41],"ascension_level":0}