{"path_per_floor":["M","$","M","?","M","E","M","?","T","$","$","M","R","M","R","B",null,"M","$","?","$","M","E","R","M","T","R","?","R","M","M","R"],"character_chosen":"DEFECT","items_purchased":["Storm","FTL","White Noise","Bottled Tornado"],"gold_per_floor":[110,32,43,118,132,167,179,179,179,104,63,86,86,109,109,235,235,251,7,7,7,26,66,66,82,82,82,82,82,97,120,120,120],"floor_reached":33,"campfire_rested":0,"playtime":1820,"current_hp_per_floor":[75,75,73,62,56,34,31,31,31,31,31,38,38,37,37,16,82,82,82,82,82,73,46,46,43,43,43,43,43,35,29,29,0],"items_purged":[],"gold":120,"score":267,"play_id":"1bb9f075-5ca4-4eec-850e-5143ad1612c4","local_time":"20180430223246","is_prod":false,"is_daily":false,"chose_seed":false,"is_ascension_mode":false,"campfire_upgraded":6,"timestamp":1525116766,"path_taken":["M","$","M","?","M","E","M","?","T","?","$","M","R","M","R","BOSS","M","$","?","?","M","E","R","M","T","R","?","R","M","M","R","BOSS"],"build_version":"2018-04-27v3","seed_source_timestamp":705513399913073,"purchased_purges":0,"victory":false,"master_deck":["Strike_B","Strike_B","Strike_B","Strike_B","Defend_B","Defend_B","Defend_B","Defend_B","Zap+1","Dualcast","Ball Lightning","Storm","Skim","Self Repair","Ball Lightning","Injury","FTL","White Noise+1","Ball Lightning","Loop+1","Rainbow+1","Chill+1","Stack+1","Tempest+1","Barrage+1"],"max_hp_per_floor":[75,75,75,75,75,82,82,82,82,82,82,82,82,82,82,82,82,82,82,82,82,82,82,82,82,82,82,82,82,82,82,82,82],"relics":["Cracked Core","Strawberry","Golden Idol","Oddly Smooth Stone","Nuclear Battery","Bottled Tornado","Ornamental Fan","Pantograph"],"card_choices":[{"not_picked":["Auto Shields","Axe Kick"],"picked":"Ball Lightning","floor":1},{"not_picked":["Blizzard","Turbo"],"picked":"Skim","floor":5},{"not_picked":["Tempest","Machine Learning"],"picked":"Self Repair","floor":6},{"not_picked":["Sweeping Beam","Hologram"],"picked":"Ball Lightning","floor":7},{"not_picked":["Skim","Rip and Tear"],"picked":"Ball Lightning","floor":12},{"not_picked":["Barrage","Meteor Strike"],"picked":"Loop","floor":14},{"not_picked":["Fusion","Multi-Cast"],"picked":"Rainbow","floor":16},{"not_picked":["Skim","Barrage"],"picked":"Chill","floor":18},{"not_picked":["Conserve Battery","Doom and Gloom"],"picked":"Stack","floor":22},{"not_picked":["Chaos","Hologram"],"picked":"Tempest","floor":23},{"not_picked":["Coolheaded","Beam Cell"],"picked":"Barrage","floor":30}],"player_experience":104843,"potions_floor_usage":[16,16,23,30,31,33,33],"damage_taken":[{"damage":0,"enemies":"Small Slimes","floor":1,"turns":3},{"damage":2,"enemies":"2 Louse","floor":3,"turns":3},{"damage":6,"enemies":"Cultist","floor":5,"turns":3},{"damage":29,"enemies":"3 Sentries","floor":6,"turns":7},{"damage":10,"enemies":"Looter","floor":7,"turns":3},{"damage":0,"enemies":"Large Slime","floor":12,"turns":4},{"damage":1,"enemies":"Red Slaver","floor":14,"turns":3},{"damage":35,"enemies":"The Guardian","floor":16,"turns":11},{"damage":0,"enemies":"Spheric Guardian","floor":18,"turns":3},{"damage":9,"enemies":"2 Thieves","floor":22,"turns":3},{"damage":34,"enemies":"Book of Stabbing","floor":23,"turns":5},{"damage":10,"enemies":"Sentry and Sphere","floor":25,"turns":5},{"damage":30,"enemies":"Slaver and Parasite","floor":30,"turns":6},{"damage":25,"enemies":"Centurion and Healer","floor":31,"turns":6},{"damage":57,"enemies":"Automaton","floor":33,"turns":10}],"event_choices":[{"event_name":"World of Goop","player_choice":"Gather Gold","floor":4,"damage_taken":0},{"event_name":"Golden Idol","player_choice":"Take Wound","floor":8,"damage_taken":0},{"event_name":"Drug Dealer","player_choice":"Ignored","floor":20,"damage_taken":0},{"event_name":"Beggar","player_choice":"Ignored","floor":28,"damage_taken":0}],"boss_relics":[{"not_picked":["Tiny House","White Beast Statue"],"picked":"Nuclear Battery"}],"potions_floor_spawned":[5,6,7,16,18,23,30],"seed_played":"-8862433948643912879","killed_by":"Automaton","ascension_level":0,"is_trial":false}