{"gold_per_floor":[112,112,132,143,143,143,172,185,266,285,298,298,313,324,324,425,425,445,463,77,77,77,77,91,101,146,173,197,209,235,257,269,376,388,410,422,434,462,486,498,542,570,607,634,646,100,100,100,100,100],"floor_reached":51,"playtime":1811,"items_purged":["Regret"],"score":702,"play_id":"749cc29e-6afb-4811-9f90-813f79a493a0","local_time":"20180728154000","is_ascension_mode":false,"campfire_choices":[{"data":"Zap","floor":6,"key":"SMITH"},{"data":"Seek","floor":12,"key":"SMITH"},{"floor":15,"key":"REST"},{"floor":23,"key":"REST"},{"floor":32,"key":"REST"},{"floor":40,"key":"REST"},{"floor":45,"key":"REST"},{"floor":49,"key":"REST"}],"neow_cost":"NONE","seed_source_timestamp":155237496889318,"circlet_count":0,"master_deck":["Strike_B","Strike_B","Strike_B","Strike_B","Defend_B","Defend_B","Defend_B","Defend_B","Zap+1","Dualcast","Steam","Leap","Gash","Ball Lightning","Conserve Battery","Seek+1","Conserve Battery","Machine Learning","Beam Cell","Leap","Electrodynamics","Ball Lightning+1","Echo Form","Loop+1","Stack+1","Thunder Strike","Go for the Eyes","Deep Breath","Consume+1","Blind","Glacier"],"relics":["Cracked Core","Regal Pillow","Oddly Smooth Stone","Odd Mushroom","Pear","Fusion Hammer","Incense Burner","MawBank","Busted Crown","Meat on the Bone","Bronze Scales","Turnip","Dream Catcher"],"potions_floor_usage":[7,18,25,44],"damage_taken":[{"damage":0,"enemies":"Small Slimes","floor":1,"turns":2},{"damage":5,"enemies":"2 Louse","floor":3,"turns":2},{"damage":2,"enemies":"Cultist","floor":4,"turns":3},{"damage":25,"floor":7,"turns":4},{"damage":6,"enemies":"Looter","floor":8,"turns":2},{"damage":4,"enemies":"2 Fungi Beasts","floor":10,"turns":3},{"damage":5,"enemies":"Blue Slaver","floor":11,"turns":4},{"damage":4,"enemies":"Exordium Wildlife","floor":13,"turns":4},{"damage":3,"enemies":"Large Slime","floor":14,"turns":4},{"damage":54,"enemies":"Slime Boss","floor":16,"turns":12},{"damage":35,"enemies":"2 Thieves","floor":18,"turns":5},{"damage":0,"enemies":"Chosen","floor":19,"turns":4},{"damage":14,"enemies":"Centurion and Healer","floor":24,"turns":7},{"damage":0,"enemies":"3 Cultists","floor":25,"turns":5},{"damage":1,"enemies":"Snake Plant","floor":27,"turns":4},{"damage":0,"enemies":"Chosen and Byrds","floor":28,"turns":6},{"damage":12,"enemies":"3 Cultists","floor":30,"turns":3},{"damage":14,"enemies":"Centurion and Healer","floor":31,"turns":5},{"damage":5,"enemies":"Champ","floor":33,"turns":13},{"damage":4,"enemies":"Orb Walker","floor":35,"turns":4},{"damage":15,"enemies":"Flame Bruiser 1 Orb","floor":38,"turns":7},{"damage":0,"enemies":"3 Darklings","floor":39,"turns":6},{"damage":51,"enemies":"2 Orb Walkers","floor":41,"turns":6},{"damage":11,"enemies":"Sphere and 2 Shapes","floor":42,"turns":4},{"damage":24,"enemies":"Spire Growth","floor":44,"turns":4},{"damage":68,"enemies":"Time Eater","floor":50,"turns":11}],"seed_played":"-5306436332440749758","potions_obtained":[{"floor":4,"key":"SkillPotion"},{"floor":11,"key":"Energy Potion"},{"floor":14,"key":"Weak Potion"},{"floor":16,"key":"AttackPotion"},{"floor":19,"key":"Block Potion"},{"floor":27,"key":"Energy Potion"}],"is_trial":false,"path_per_floor":["M","?","M","M","$","R","?","M","T","M","M","R","M","M","R","B",null,"M","M","$","?","?","R","M","M","T","M","M","$","M","M","R","B",null,"M","$","?","M","M","R","E","M","T","M","R","$","?","?","R","B"],"character_chosen":"DEFECT","items_purchased":["Incense Burner","Blind","Turnip","Dream Catcher"],"campfire_rested":6,"item_purchase_floors":[20,46,46,46],"current_hp_per_floor":[75,75,70,68,68,68,43,37,47,43,38,38,34,31,71,17,85,50,50,50,50,50,85,71,71,71,70,70,70,58,44,84,79,85,81,81,81,66,66,85,34,35,35,23,63,63,63,63,85,29],"gold":100,"neow_bonus":"RANDOM_COMMON_RELIC","is_prod":false,"is_daily":false,"chose_seed":false,"campfire_upgraded":2,"win_rate":0,"timestamp":1532781600,"path_taken":["M","?","M","?","$","R","?","M","T","M","M","R","M","M","R","BOSS","M","M","$","?","?","R","M","M","T","M","M","$","M","M","R","BOSS","M","$","?","M","M","R","E","?","T","?","R","$","?","?","R","BOSS"],"build_version":"2018-07-26","purchased_purges":1,"victory":true,"max_hp_per_floor":[75,75,75,75,75,75,75,75,85,85,85,85,85,85,85,85,85,85,85,85,85,85,85,85,85,85,85,85,85,85,85,85,85,85,85,85,85,85,85,85,85,85,85,85,85,85,85,85,85,85],"card_choices":[{"not_picked":["Tempest","Go for the Eyes"],"picked":"Steam","floor":1},{"not_picked":["Coolheaded","Compile Driver"],"picked":"Leap","floor":3},{"not_picked":["Chill","Capacitor"],"picked":"Gash","floor":4},{"not_picked":["Tempest","Loop"],"picked":"Ball Lightning","floor":7},{"not_picked":["Hologram","Glacier"],"picked":"Conserve Battery","floor":8},{"not_picked":["Aggregate","Chill"],"picked":"Seek","floor":10},{"not_picked":["Aggregate","Go for the Eyes"],"picked":"Conserve Battery","floor":11},{"not_picked":["Undo","Barrage","Hologram"],"picked":"SKIP","floor":13},{"not_picked":["Chill","Cold Snap","Rebound"],"picked":"SKIP","floor":14},{"not_picked":["Biased Cognition","Creative AI"],"picked":"Machine Learning","floor":16},{"not_picked":["Genetic Algorithm","Compile Driver"],"picked":"Beam Cell","floor":18},{"not_picked":["Glacier","Stack+1"],"picked":"Leap","floor":19},{"not_picked":["Fusion","Double Energy"],"picked":"Ball Lightning+1","floor":24},{"not_picked":["Genetic Algorithm","Barrage","Streamline"],"picked":"SKIP","floor":25},{"not_picked":["Go for the Eyes","Sweeping Beam"],"picked":"Echo Form","floor":27},{"not_picked":["Turbo","Lockon+1"],"picked":"Loop+1","floor":28},{"not_picked":["Stack","Undo"],"picked":"Leap","floor":30},{"not_picked":["Tempest+1","Conserve Battery"],"picked":"Stack+1","floor":31},{"not_picked":["Biased Cognition","Core Surge"],"picked":"Thunder Strike","floor":33},{"not_picked":[],"picked":"Go for the Eyes","floor":35},{"not_picked":[],"picked":"Deep Breath","floor":37},{"not_picked":["Melter+1"],"picked":"SKIP","floor":38},{"not_picked":["Sweeping Beam+1"],"picked":"SKIP","floor":39},{"not_picked":["Barrage"],"picked":"SKIP","floor":41},{"not_picked":["Fusion"],"picked":"SKIP","floor":42},{"not_picked":[],"picked":"Consume+1","floor":44},{"not_picked":[],"picked":"Glacier","floor":49}],"player_experience":249027,"relics_obtained":[{"floor":7,"key":"Odd Mushroom"},{"floor":9,"key":"Pear"},{"floor":26,"key":"MawBank"},{"floor":41,"key":"Meat on the Bone"},{"floor":43,"key":"Bronze Scales"}],"event_choices":[{"event_name":"Big Fish","player_choice":"Box","floor":2,"damage_taken":0},{"event_name":"Mushrooms","player_choice":"Fought Mushrooms","floor":7,"damage_taken":0},{"event_name":"The Library","player_choice":"Read","floor":21,"damage_taken":0},{"event_name":"Drug Dealer","player_choice":"Ignored","floor":22,"damage_taken":0},{"event_name":"SensoryStone","player_choice":"Memory 1","floor":37,"damage_taken":0},{"event_name":"Falling","player_choice":"Removed Skill","floor":47,"damage_taken":0},{"event_name":"Mysterious Sphere","player_choice":"Ignore","floor":48,"damage_taken":0}],"is_beta":false,"boss_relics":[{"not_picked":["Runic Pyramid","Eternal Feather"],"picked":"Fusion Hammer"},{"not_picked":["Coffee Dripper","Sozu"],"picked":"Busted Crown"}],"items_purged_floors":[20],"is_endless":false,"potions_floor_spawned":[4,11,14,16,19,27,31,33,35,39],"ascension_level":0}