{"gold_per_floor":[115,131,146,33,43,43,73,73,73,89,89,42,76,93,93,189,189,206,206,216,234,249,249,282,299,299,299,333,333,344,82,82,186,186,201,47,47,57,73,73,87,87,142,142,142,28,44,3,3,3],"floor_reached":51,"playtime":1193,"items_purged":[],"score":774,"play_id":"06809303-e98d-4eaf-b85a-481a2cccda3b","local_time":"20180815003717","is_ascension_mode":false,"campfire_choices":[{"data":"Inflame","floor":6.0,"key":"SMITH"},{"data":"Inflame","floor":8.0,"key":"SMITH"},{"data":"Inflame","floor":11.0,"key":"SMITH"},{"data":"Sword Boomerang","floor":15.0,"key":"SMITH"},{"data":"Limit Break","floor":23.0,"key":"SMITH"},{"data":"Offering","floor":27.0,"key":"SMITH"},{"data":"Sword Boomerang","floor":29,"key":"SMITH"},{"floor":32,"key":"REST"},{"data":"Sword Boomerang","floor":40,"key":"SMITH"},{"data":"Sword Boomerang","floor":42,"key":"SMITH"},{"data":"Bash","floor":49,"key":"SMITH"}],"neow_cost":"","seed_source_timestamp":27459893848462,"circlet_count":0,"master_deck":["Strike_R","Strike_R","Strike_R","Strike_R","Strike_R","Defend_R","Defend_R","Bash+1","Inflame+1","Cleave","Inflame+1","Sword Boomerang+1","Twin Strike","Inflame+1","Feed","Thunderclap","Rage","Rage","Limit Break+1","Rage","Sword Boomerang+1","Offering+1","Demon Form+1","Sword Boomerang+1","Sword Boomerang+1"],"special_seed":0,"relics":["Burning Blood","Mercury Hourglass","Blood Vial","Eternal Feather","Regal Pillow","Self Forming Clay","Magic Flower","Ornamental Fan","Empty Cage","Centennial Puzzle","Tiny Chest","The Courier","Ancient Tea Set"],"potions_floor_usage":[28,28,28,50,50],"damage_taken":[{"damage":6.0,"enemies":"Jaw Worm","floor":1.0,"turns":4.0},{"damage":6.0,"enemies":"Cultist","floor":2.0,"turns":3.0},{"damage":0.0,"enemies":"2 Louse","floor":3.0,"turns":2.0},{"damage":0.0,"enemies":"Large Slime","floor":5.0,"turns":4.0},{"damage":6.0,"enemies":"Lagavulin","floor":7.0,"turns":5.0},{"damage":8.0,"enemies":"Lots of Slimes","floor":10.0,"turns":2.0},{"damage":14.0,"enemies":"Gremlin Nob","floor":13.0,"turns":3.0},{"damage":2.0,"enemies":"Exordium Thugs","floor":14.0,"turns":3.0},{"damage":0.0,"enemies":"Slime Boss","floor":16.0,"turns":4.0},{"damage":10.0,"enemies":"Spheric Guardian","floor":18.0,"turns":3.0},{"damage":23.0,"enemies":"Chosen","floor":20.0,"turns":5.0},{"damage":9.0,"enemies":"Centurion and Healer","floor":21.0,"turns":6.0},{"damage":20.0,"enemies":"Snecko","floor":22.0,"turns":4.0},{"damage":39.0,"enemies":"Book of Stabbing","floor":24.0,"turns":4.0},{"damage":6.0,"enemies":"Cultist and Chosen","floor":25.0,"turns":4.0},{"damage":38,"enemies":"Slavers","floor":28,"turns":3},{"damage":18,"enemies":"Centurion and Healer","floor":30,"turns":4},{"damage":28,"enemies":"Automaton","floor":33,"turns":6},{"damage":17,"enemies":"Orb Walker","floor":35,"turns":3},{"damage":39,"enemies":"3 Darklings","floor":38,"turns":4},{"damage":29,"enemies":"Sphere and 2 Shapes","floor":39,"turns":3},{"damage":23,"enemies":"4 Shapes","floor":41,"turns":3},{"damage":6,"enemies":"Transient","floor":47,"turns":5},{"damage":46,"enemies":"Time Eater","floor":50,"turns":5}],"seed_played":"8974137774062826161","potions_obtained":[{"floor":1.0,"key":"Block Potion"},{"floor":5.0,"key":"AttackPotion"},{"floor":10.0,"key":"Regen Potion"},{"floor":14.0,"key":"FearPotion"},{"floor":21.0,"key":"SteroidPotion"},{"floor":25.0,"key":"Weak Potion"},{"floor":30,"key":"SpeedPotion"},{"floor":33,"key":"Weak Potion"},{"floor":38,"key":"Strength Potion"}],"is_trial":false,"path_per_floor":["M","M","M","$","M","R","E","R","T","M","R","$","E","M","R","B",null,"M","?","M","M","M","R","E","M","T","R","E","R","M","$","R","B",null,"M","$","?","M","M","R","M","R","T","?","T","$","M","$","R","B"],"character_chosen":"IRONCLAD","items_purchased":["Inflame","Sword Boomerang","Thunderclap","Ornamental Fan","Centennial Puzzle","Ancient Tea Set","Weak Potion"],"campfire_rested":1,"item_purchase_floors":[4,4,12,31,36,46,48],"current_hp_per_floor":[80,80,80,80,80,80,80,80,80,78,78,78,70,76,76,80,80,76,76,61,60,48,60,32,34,34,46,25,37,36,36,86,67,86,78,78,78,51,34,46,40,55,55,55,55,55,61,61,76,47],"gold":3,"neow_bonus":"","is_prod":false,"is_daily":false,"chose_seed":false,"campfire_upgraded":10,"win_rate":0,"timestamp":1534282637,"path_taken":["M","M","M","$","M","R","E","R","T","M","R","$","E","M","R","BOSS","M","?","M","M","M","R","E","M","T","R","E","R","M","$","R","BOSS","M","$","?","M","M","R","M","R","T","?","?","?","M","$","R","BOSS"],"build_version":"2018-08-09","purchased_purges":0,"victory":true,"max_hp_per_floor":[80,80,80,80,80,80,80,80,80,80,80,80,80,80,80,80,80,80,80,80,80,80,80,83,83,83,83,83,83,86,86,86,86,86,86,86,86,86,86,86,89,89,89,89,89,89,89,89,89,92],"card_choices":[{"not_picked":["Shrug It Off","Anger"],"picked":"Inflame","floor":1.0},{"not_picked":["Body Slam","Evolve"],"picked":"Cleave","floor":2.0},{"not_picked":["Anger","Clash","Havoc"],"picked":"SKIP","floor":3.0},{"not_picked":["Thunderclap","Iron Wave"],"picked":"Twin Strike","floor":5.0},{"not_picked":["Body Slam","Uppercut"],"picked":"Inflame","floor":7.0},{"not_picked":["Cleave","Headbutt"],"picked":"Feed","floor":10.0},{"not_picked":["Anger","Entrench"],"picked":"Rage","floor":13.0},{"not_picked":["Shrug It Off","Whirlwind"],"picked":"Rage","floor":14.0},{"not_picked":["Berserk","Offering"],"picked":"Limit Break","floor":16.0},{"not_picked":["Wild Strike","True Grit+1"],"picked":"Rage","floor":18.0},{"not_picked":["Entrench+1","Disarm"],"picked":"Sword Boomerang","floor":20.0},{"not_picked":["Body Slam","Pommel Strike","Cleave"],"picked":"SKIP","floor":21.0},{"not_picked":["Sentinel","Blood for Blood","Havoc+1"],"picked":"SKIP","floor":22.0},{"not_picked":["Perfected Strike+1","Pommel Strike+1"],"picked":"Offering","floor":24.0},{"not_picked":["Warcry+1","Shockwave+1","Corruption"],"picked":"SKIP","floor":25.0},{"not_picked":["Anger+1","Flex+1","Clash"],"picked":"SKIP","floor":28},{"not_picked":["Carnage","Hemokinesis","Cleave+1"],"picked":"SKIP","floor":30},{"not_picked":["Berserk","Bludgeon"],"picked":"Demon Form","floor":33},{"not_picked":["Pummel+1","Thunderclap+1","Shrug It Off+1"],"picked":"SKIP","floor":35},{"not_picked":["Flex","Wild Strike+1"],"picked":"Sword Boomerang","floor":38},{"not_picked":["Burning Pact+1","Spot Weakness+1","Power Through"],"picked":"SKIP","floor":39},{"not_picked":["Dropkick","Headbutt"],"picked":"Sword Boomerang","floor":41},{"not_picked":["Inflame","Thunderclap","Sword Boomerang+1"],"picked":"SKIP","floor":47}],"player_experience":300051,"relics_obtained":[{"floor":9.0,"key":"Mercury Hourglass"},{"floor":13.0,"key":"Blood Vial"},{"floor":24.0,"key":"Regal Pillow"},{"floor":26.0,"key":"Self Forming Clay"},{"floor":28,"key":"Magic Flower"},{"floor":43,"key":"Tiny Chest"},{"floor":45,"key":"The Courier"}],"event_choices":[{"event_name":"The Woman in Blue","player_choice":"Bought 0 Potions","floor":19.0,"damage_taken":0.0},{"event_name":"Upgrade Shrine","player_choice":"Upgraded","floor":37,"damage_taken":0},{"event_name":"Mysterious Sphere","player_choice":"Ignore","floor":44,"damage_taken":0}],"is_beta":false,"boss_relics":[{"not_picked":["Runic Pyramid","Snecko Eye"],"picked":"Eternal Feather"},{"not_picked":["Pandora\u0027s Box","Black Star"],"picked":"Empty Cage"}],"items_purged_floors":[],"is_endless":false,"potions_floor_spawned":[1,5,10,14,21,25,30,33,38,41],"ascension_level":0}