{"path_per_floor":["M","M","?","?","M","R","E","R","T","M","M","$","E","$","R","B",null,"M","?","$","M","M","R","?","R","T","$","?","M","M","M","R","B",null,"M","$","?","M","M"],"character_chosen":"IRONCLAD","items_purchased":["Happy Flower"],"gold_per_floor":[12,24,24,24,36,36,367,367,391,408,426,199,231,131,131,233,233,249,249,124,136,156,156,156,156,156,6,6,16,32,43,43,145,145,158,158,158,175,189],"floor_reached":40,"campfire_rested":1,"playtime":2894,"current_hp_per_floor":[80,77,77,77,80,80,70,70,70,65,65,65,41,41,65,21,80,66,66,66,69,73,73,58,58,58,58,58,54,64,67,67,13,85,73,73,73,48,30],"items_purged":["Strike_R","Strike_R","Strike_R","Defend_R"],"gold":189,"play_id":"131afb64-c697-4df4-8b63-78eff0f95f81","is_prod":false,"is_daily":false,"is_ascension_mode":true,"campfire_upgraded":5,"path_taken":["M","M","?","?","?","R","E","R","T","?","M","$","E","$","R","BOSS","M","?","$","M","M","R","?","R","T","$","?","M","M","M","R","BOSS","M","$","?","M","?","E"],"build_version":"2018-02-01-BETA1","purchased_purges":4,"victory":false,"master_deck":["Defend_R","Defend_R","Defend_R","Pummel","Thunderclap","Cleave+1","Rampage+1","Headbutt+1","Shrug It Off+1","Dropkick","Dropkick","Double Tap+1","Inflame+1","Brutality"],"max_hp_per_floor":[80,80,80,80,80,80,80,80,80,80,80,80,80,80,80,80,80,80,80,80,80,80,80,85,85,85,85,85,85,85,85,85,85,85,85,85,85,85,85],"relics":["Black Blood","Old Coin","Dream Catcher","Happy Flower","Vajra","Omamori","Lizard Tail"],"card_choices":[{"not_picked":["Body Slam","Hemokinesis"],"picked":"Cleave"},{"not_picked":["Pommel Strike","Corruption"],"picked":"Rampage"},{"not_picked":["Evolve","Combust"],"picked":"Headbutt"},{"not_picked":["Inflame","Havoc"],"picked":"Shrug It Off"},{"not_picked":["Rampage","Cleave"],"picked":"Dropkick"},{"not_picked":["Hemokinesis","Sword Boomerang"],"picked":"Dropkick"},{"not_picked":["Fiend Fire","Barricade"],"picked":"Double Tap"},{"not_picked":["Exhume","Iron Wave"],"picked":"Inflame"},{"not_picked":["Demon Form","Fiend Fire"],"picked":"Brutality"}],"player_experience":175343,"potions_floor_usage":[7,13,16,22,29,30,33,40,40],"damage_taken":[{"damage":3,"enemies":"2 Louse","floor":1,"turns":2},{"damage":9,"enemies":"Blue Slaver","floor":2,"turns":7},{"damage":0,"enemies":"Small Slimes","floor":5,"turns":2},{"damage":16,"enemies":"Gremlin Nob","floor":7,"turns":3},{"damage":11,"enemies":"Looter","floor":10,"turns":2},{"damage":6,"enemies":"2 Fungi Beasts","floor":11,"turns":2},{"damage":30,"enemies":"Lagavulin","floor":13,"turns":4},{"damage":50,"enemies":"Hexaghost","floor":16,"turns":8},{"damage":24,"enemies":"Spheric Guardian","floor":18,"turns":5},{"damage":7,"enemies":"3 Byrds","floor":21,"turns":4},{"damage":6,"enemies":"3 Cultists","floor":22,"turns":3},{"damage":14,"enemies":"Centurion and Healer","floor":29,"turns":5},{"damage":0,"enemies":"Chosen and Byrds","floor":30,"turns":3},{"damage":7,"enemies":"3 Cultists","floor":31,"turns":3},{"damage":64,"enemies":"Automaton","floor":33,"turns":8},{"damage":22,"enemies":"Flame Bruiser 1 Orb","floor":35,"turns":4},{"damage":35,"enemies":"3 Shapes","floor":38,"turns":6},{"damage":28,"enemies":"Maw","floor":39,"turns":5},{"damage":90,"enemies":"2 Orb Walkers","floor":40,"turns":4}],"event_choices":[{"event_name":"Liars Game","player_choice":"disagreed","floor":3,"damage_taken":0},{"event_name":"The Cleric","player_choice":"Leave","floor":4,"damage_taken":0},{"event_name":"Addict","player_choice":"Ignored","floor":19,"damage_taken":0},{"event_name":"Forgotten Altar","player_choice":"Shed Blood","floor":24,"damage_taken":0},{"event_name":"Drug Dealer","player_choice":"Ignored","floor":28,"damage_taken":0}],"boss_relics":[{"not_picked":["Velvet Choker","Eternal Feather"],"picked":"Black Blood"},{"not_picked":["Runic Pyramid","Black Star"],"picked":"Lizard Tail"}],"potions_floor_spawned":[1,2,5,16,21,22,29,38,39],"seed_played":"-2436754800791104604","killed_by":"2 Orb Walkers","ascension_level":4,"is_trial":false}