{"gold_per_floor":[113,40,60,73,73,106,106,125,125,136,152,165,165,183,183,284,284,302,302,312,98,117,117,136,136,159,159,184,201,211,211,211,313,313,327,338,355,374,391,144,156,168,168,187,197,197,72,101,101,101],"floor_reached":51,"playtime":1874,"items_purged":["Strike_B","Strike_B","Strike_B"],"score":761,"play_id":"72fa2a0f-d42f-42b7-9d5b-dcc49d57001f","local_time":"20181021132324","is_ascension_mode":false,"campfire_choices":[{"data":"1","floor":7.0,"key":"LIFT"},{"data":"2","floor":15.0,"key":"LIFT"},{"data":"Machine Learning","floor":23.0,"key":"SMITH"},{"data":"3","floor":25.0,"key":"LIFT"},{"data":"Beam Cell","floor":27.0,"key":"SMITH"},{"data":"Go for the Eyes","floor":32.0,"key":"SMITH"},{"data":"Scrape","floor":49,"key":"SMITH"}],"neow_cost":"NONE","seed_source_timestamp":34693163418836,"circlet_count":0,"master_deck":["Strike_B","Defend_B","Defend_B","Defend_B","Defend_B+1","Zap+1","Dualcast","Gash","FTL","Beam Cell+1","Go for the Eyes+1","Skim+1","Gash","Leap","Machine Learning+1","Gash","Conserve Battery+1","Reboot","Gash","All For One","Rebound+1","Hologram+1","Scrape+1","Seek+1","Rebound","Double Energy+1"],"special_seed":0,"relics":["FrozenCore","Girya","Kunai","Singing Bowl","War Paint","Coffee Dripper","Pen Nib","FossilizedHelix","Centennial Puzzle","Pantograph","Blue Candle"],"potions_floor_usage":[50],"damage_taken":[{"damage":2.0,"enemies":"2 Louse","floor":1.0,"turns":2.0},{"damage":6.0,"enemies":"Jaw Worm","floor":3.0,"turns":2.0},{"damage":0.0,"enemies":"Small Slimes","floor":4.0,"turns":2.0},{"damage":9.0,"enemies":"3 Sentries","floor":6.0,"turns":6.0},{"damage":0.0,"enemies":"Red Slaver","floor":8.0,"turns":2.0},{"damage":2.0,"enemies":"Looter","floor":10.0,"turns":2.0},{"damage":0.0,"enemies":"Exordium Wildlife","floor":11.0,"turns":2.0},{"damage":2.0,"enemies":"2 Fungi Beasts","floor":12.0,"turns":3.0},{"damage":1.0,"enemies":"3 Louse","floor":14.0,"turns":3.0},{"damage":8.0,"enemies":"The Guardian","floor":16.0,"turns":8.0},{"damage":11.0,"enemies":"3 Byrds","floor":18.0,"turns":4.0},{"damage":8.0,"enemies":"2 Thieves","floor":20.0,"turns":3.0},{"damage":16.0,"enemies":"Snake Plant","floor":22.0,"turns":4.0},{"damage":0.0,"enemies":"Cultist and Chosen","floor":24.0,"turns":4.0},{"damage":12.0,"enemies":"Slavers","floor":28.0,"turns":3.0},{"damage":0.0,"enemies":"3 Cultists","floor":29.0,"turns":4.0},{"damage":0.0,"enemies":"Centurion and Healer","floor":30.0,"turns":3.0},{"damage":2.0,"enemies":"Colosseum Slavers","floor":31.0,"turns":3.0},{"damage":21.0,"enemies":"Collector","floor":33.0,"turns":6.0},{"damage":0.0,"enemies":"Orb Walker","floor":35.0,"turns":3.0},{"damage":0.0,"enemies":"3 Shapes","floor":36.0,"turns":5.0},{"damage":0.0,"enemies":"Writhing Mass","floor":37.0,"turns":4.0},{"damage":0.0,"enemies":"Spire Growth","floor":38.0,"turns":3.0},{"damage":0.0,"enemies":"Sphere and 2 Shapes","floor":39.0,"turns":4.0},{"damage":0.0,"enemies":"3 Darklings","floor":41.0,"turns":3.0},{"damage":0.0,"enemies":"Transient","floor":42.0,"turns":5.0},{"damage":0.0,"enemies":"Sphere and 2 Shapes","floor":44.0,"turns":4.0},{"damage":0.0,"enemies":"Writhing Mass","floor":45.0,"turns":4.0},{"damage":36,"enemies":"Nemesis","floor":48,"turns":5},{"damage":9,"enemies":"Donu and Deca","floor":50,"turns":7}],"seed_played":"-1439866945374303418","potions_obtained":[{"floor":3.0,"key":"Fire Potion"},{"floor":6.0,"key":"SkillPotion"},{"floor":11.0,"key":"LiquidBronze"},{"floor":12.0,"key":"LiquidBronze"},{"floor":14.0,"key":"Regen Potion"},{"floor":18.0,"key":"Swift Potion"},{"floor":24.0,"key":"LiquidBronze"},{"floor":37.0,"key":"Poison Potion"},{"floor":38.0,"key":"AttackPotion"},{"floor":41.0,"key":"LiquidBronze"},{"floor":42.0,"key":"Regen Potion"}],"is_trial":false,"path_per_floor":["M","$","M","M","?","E","R","M","T","M","M","M","?","M","R","B",null,"M","?","M","$","M","R","M","R","T","R","E","M","M","?","R","B",null,"M","M","M","M","M","$","M","M","T","M","M","?","$","E","R","B"],"character_chosen":"DEFECT","items_purchased":["FTL","Reboot","Centennial Puzzle"],"campfire_rested":0,"item_purchase_floors":[2,21,40],"current_hp_per_floor":[73,73,67,67,49,40,40,40,40,40,40,38,38,37,37,29,77,66,66,58,58,44,44,46,46,46,46,45,47,47,45,45,24,85,87,87,87,89,91,91,91,91,91,91,91,91,91,57,57,87],"gold":101,"neow_bonus":"UPGRADE_CARD","is_prod":false,"is_daily":false,"chose_seed":false,"campfire_upgraded":4,"win_rate":0,"timestamp":1540117404,"path_taken":["M","$","M","M","?","E","R","M","T","M","?","M","?","M","R","BOSS","M","?","M","$","M","R","M","R","T","R","E","M","M","?","R","BOSS","M","M","M","M","?","$","M","M","T","M","M","?","$","E","R","BOSS"],"build_version":"2018-10-18","purchased_purges":3,"victory":true,"max_hp_per_floor":[75,75,75,75,75,75,75,75,75,77,77,77,77,77,77,77,77,77,77,77,77,79,79,81,81,81,81,83,85,85,85,85,85,85,87,87,87,89,91,91,91,91,91,91,91,91,91,93,93,93],"card_choices":[{"not_picked":["Turbo","Cold Snap"],"picked":"Gash","floor":1.0},{"not_picked":["Barrage","Ball Lightning","Darkness"],"picked":"SKIP","floor":3.0},{"not_picked":["Thunder Strike","Consume"],"picked":"Beam Cell","floor":4.0},{"not_picked":["Aggregate","Leap"],"picked":"Go for the Eyes","floor":6.0},{"not_picked":["Streamline","Coolheaded","Ball Lightning"],"picked":"SKIP","floor":8.0},{"not_picked":["Core Surge","Beam Cell","Ball Lightning"],"picked":"Singing Bowl","floor":10.0},{"not_picked":["Undo","Loop"],"picked":"Skim","floor":11.0},{"not_picked":["Reinforced Body","Recycle"],"picked":"Gash","floor":12.0},{"not_picked":["Sweeping Beam","Turbo"],"picked":"Leap","floor":14.0},{"not_picked":["Hyperbeam","Electrodynamics"],"picked":"Machine Learning","floor":16.0},{"not_picked":["Sweeping Beam+1","Storm"],"picked":"Gash","floor":18.0},{"not_picked":["Chaos","Steam"],"picked":"Conserve Battery+1","floor":20.0},{"not_picked":["Chill+1","Turbo","Compile Driver"],"picked":"Singing Bowl","floor":22.0},{"not_picked":["Rip and Tear+1","Tempest+1","Redo"],"picked":"Singing Bowl","floor":24.0},{"not_picked":["Steam Power","Ball Lightning","Streamline"],"picked":"Singing Bowl","floor":28.0},{"not_picked":["Stack","Aggregate","Lockon"],"picked":"Singing Bowl","floor":29.0},{"not_picked":["Steam","Leap"],"picked":"Gash","floor":30.0},{"not_picked":["Electrodynamics","Amplify"],"picked":"All For One","floor":33.0},{"not_picked":["Ball Lightning+1","Beam Cell","Compile Driver+1"],"picked":"Singing Bowl","floor":35.0},{"not_picked":["Loop+1","White Noise"],"picked":"Rebound+1","floor":36.0},{"not_picked":["Turbo+1","Cold Snap"],"picked":"Hologram+1","floor":37.0},{"not_picked":["Heatsinks+1","Compile Driver","Lockon+1"],"picked":"Singing Bowl","floor":38.0},{"not_picked":["Sweeping Beam+1","Tempest+1","White Noise+1"],"picked":"Singing Bowl","floor":39.0},{"not_picked":["Self Repair+1","Barrage"],"picked":"Scrape","floor":41.0},{"not_picked":["Leap+1","Compile Driver"],"picked":"Seek","floor":42.0},{"not_picked":["Darkness+1","Steam Power"],"picked":"Rebound","floor":44.0},{"not_picked":["Steam Power","Storm"],"picked":"Double Energy+1","floor":45.0},{"not_picked":["Sweeping Beam","Coolheaded+1","Hyperbeam"],"picked":"Singing Bowl","floor":48}],"player_experience":414596,"relics_obtained":[{"floor":6.0,"key":"Kunai"},{"floor":9.0,"key":"Singing Bowl"},{"floor":26.0,"key":"Pen Nib"},{"floor":28.0,"key":"FossilizedHelix"},{"floor":43.0,"key":"Pantograph"},{"floor":48,"key":"Blue Candle"}],"event_choices":[{"damage_healed":0.0,"max_hp_gain":0.0,"max_hp_loss":0.0,"gold_gain":0.0,"event_name":"Scrap Ooze","player_choice":"Success","floor":5.0,"gold_loss":0.0,"damage_taken":18.0,"relics_obtained":["Girya"]},{"damage_healed":0.0,"max_hp_gain":0.0,"max_hp_loss":0.0,"gold_gain":0.0,"event_name":"Dead Adventurer","player_choice":"Searched \u00271\u0027 times","floor":13.0,"gold_loss":0.0,"damage_taken":0.0,"relics_obtained":["War Paint"]},{"damage_healed":0.0,"max_hp_gain":0.0,"max_hp_loss":0.0,"gold_gain":0.0,"event_name":"Colosseum","player_choice":"Fight","floor":31.0,"gold_loss":0.0,"damage_taken":0.0},{"damage_healed":0.0,"max_hp_gain":0.0,"max_hp_loss":0.0,"gold_gain":0.0,"event_name":"Colosseum","player_choice":"Fled From Nobs","floor":31.0,"gold_loss":0.0,"damage_taken":0.0},{"damage_healed":0.0,"max_hp_gain":0.0,"max_hp_loss":0.0,"gold_gain":0.0,"event_name":"Upgrade Shrine","player_choice":"Upgraded","floor":46.0,"gold_loss":0.0,"damage_taken":0.0,"cards_upgraded":["Seek"]}],"is_beta":false,"boss_relics":[{"not_picked":["Pandora\u0027s Box","Calling Bell"],"picked":"Coffee Dripper"},{"not_picked":["Snecko Eye","Busted Crown"],"picked":"FrozenCore"}],"items_purged_floors":[21,40,47],"is_endless":false,"potions_floor_spawned":[3,6,11,12,14,18,20,24,31,37,38,41,42,45],"ascension_level":0}