{"gold_per_floor":[111,111,0,16,31,31,58,58,58,58,58,58,58,69,69,169,169,186,201,201,21,21,21,52,52,52,52,52,52,52,65,65,170,170,183,202,302,177,177,208,220,249,249,269,287,306,317,317,317,317,317,317,19,53,53],"floor_reached":56,"playtime":1820,"items_purged":["Strike_R","Strike_R","Strike_R","Strike_R+1"],"score":1298,"play_id":"74409b16-56c0-42fa-9706-194fdac79f74","local_time":"20190726183907","is_ascension_mode":false,"campfire_choices":[{"data":"Body Slam","floor":6.0,"key":"SMITH"},{"data":"Body Slam","floor":8.0,"key":"SMITH"},{"data":"Flame Barrier","floor":10.0,"key":"SMITH"},{"data":"Defend_R","floor":12.0,"key":"SMITH"},{"data":"Defend_R","floor":15.0,"key":"SMITH"},{"data":"Entrench","floor":23.0,"key":"SMITH"},{"floor":25.0,"key":"RECALL"},{"data":"Bash","floor":29.0,"key":"SMITH"},{"data":"Strike_R","floor":32.0,"key":"SMITH"},{"data":"Shrug It Off","floor":49,"key":"SMITH"},{"floor":52,"key":"REST"}],"neow_cost":"CURSE","seed_source_timestamp":261954538228900,"circlet_count":0,"master_deck":["Defend_R+1","Defend_R+1","Defend_R+1","Defend_R+1","Bash+1","Body Slam+1","Flame Barrier+1","Body Slam+1","Entrench+1","Shrug It Off+1","Shrug It Off+1","Metallicize+1","Shrug It Off+1"],"special_seed":0,"relics":["Burning Blood","Gambling Chip","War Paint","Runic Pyramid","Ancient Tea Set","Paper Frog","MutagenicStrength","Black Star","Nunchaku","Dodecahedron","Anchor","Ornamental Fan","Lantern","Torii","Art of War","Pen Nib","Pocketwatch"],"potions_floor_usage":[55,55,55],"damage_taken":[{"damage":2.0,"enemies":"Small Slimes","floor":1.0,"turns":4.0},{"damage":6.0,"enemies":"Jaw Worm","floor":4.0,"turns":4.0},{"damage":0.0,"enemies":"2 Louse","floor":5.0,"turns":3.0},{"damage":30.0,"enemies":"3 Sentries","floor":7.0,"turns":10.0},{"damage":0.0,"enemies":"Large Slime","floor":14.0,"turns":3.0},{"damage":20.0,"enemies":"Hexaghost","floor":16.0,"turns":10.0},{"damage":2.0,"enemies":"Spheric Guardian","floor":18.0,"turns":5.0},{"damage":15.0,"enemies":"3 Byrds","floor":19.0,"turns":4.0},{"damage":7.0,"enemies":"Book of Stabbing","floor":24.0,"turns":5.0},{"damage":0.0,"enemies":"Centurion and Healer","floor":31.0,"turns":4.0},{"damage":19.0,"enemies":"Automaton","floor":33.0,"turns":12.0},{"damage":1.0,"enemies":"3 Darklings","floor":35.0,"turns":8.0},{"damage":0.0,"enemies":"Orb Walker","floor":36.0,"turns":3.0},{"damage":10.0,"enemies":"Mind Bloom Boss Battle","floor":37.0,"turns":7.0},{"damage":0.0,"enemies":"Giant Head","floor":40.0,"turns":7.0},{"damage":0,"enemies":"Writhing Mass","floor":41,"turns":3},{"damage":5,"enemies":"Nemesis","floor":42,"turns":5},{"damage":0,"enemies":"Sphere and 2 Shapes","floor":44,"turns":4},{"damage":0,"enemies":"3 Darklings","floor":45,"turns":4},{"damage":0,"enemies":"Spire Growth","floor":46,"turns":3},{"damage":0,"enemies":"Jaw Worm Horde","floor":47,"turns":5},{"damage":12,"enemies":"Donu and Deca","floor":50,"turns":14},{"damage":0,"enemies":"Shield and Spear","floor":54,"turns":12},{"damage":89,"enemies":"The Heart","floor":55,"turns":11}],"seed_played":"7505700339322176591","potions_obtained":[{"floor":1.0,"key":"Poison Potion"},{"floor":4.0,"key":"Strength Potion"},{"floor":14.0,"key":"Dexterity Potion"},{"floor":33.0,"key":"PowerPotion"},{"floor":41,"key":"BloodPotion"}],"is_trial":false,"path_per_floor":["M","?","$","M","M","R","E","R","T","R","T","R","$","M","R","B",null,"M","M","?","$","?","R","E","R","T","?","$","R","$","M","R","B",null,"M","M","?","$","?","E","M","E","T","M","M","M","M","?","R","B",null,"R","$","E","B",null],"character_chosen":"IRONCLAD","items_purchased":["Flame Barrier","Entrench","Art of War"],"campfire_rested":1,"item_purchase_floors":[3,21,53],"current_hp_per_floor":[80,73,73,73,79,79,55,55,55,55,55,55,55,61,61,47,80,80,71,71,71,71,71,70,70,70,70,70,70,70,76,76,63,80,80,80,76,76,76,80,80,80,80,80,80,80,80,80,80,74,80,80,80,80,17],"gold":53,"neow_bonus":"ONE_RARE_RELIC","is_prod":false,"is_daily":false,"chose_seed":false,"campfire_upgraded":9,"win_rate":0,"timestamp":1564155547,"path_taken":["M","?","?","M","M","R","E","R","T","R","?","R","$","M","R","BOSS","M","M","?","$","?","R","E","R","T","?","?","R","$","M","R","BOSS","M","M","?","$","?","E","M","E","T","?","M","?","M","?","R","BOSS","R","$","E","BOSS"],"build_version":"2019-07-17","purchased_purges":4,"victory":true,"max_hp_per_floor":[80,80,80,80,80,80,80,80,80,80,80,80,80,80,80,80,80,80,80,80,80,80,80,80,80,80,80,80,80,80,80,80,80,80,80,80,80,80,80,80,80,80,80,80,80,80,80,80,80,80,80,80,80,80,80],"card_choices":[{"not_picked":["Carnage","Iron Wave"],"picked":"Body Slam","floor":1.0},{"not_picked":["Rampage","Wild Strike","Warcry"],"picked":"SKIP","floor":4.0},{"not_picked":["Clothesline","Rupture"],"picked":"Body Slam","floor":5.0},{"not_picked":["Heavy Blade","Iron Wave","Uppercut"],"picked":"SKIP","floor":7.0},{"not_picked":["Iron Wave","Metallicize","Intimidate"],"picked":"SKIP","floor":14.0},{"not_picked":["Twin Strike","Infernal Blade","Burning Pact"],"picked":"SKIP","floor":18.0},{"not_picked":["Rampage","Anger","Inflame"],"picked":"SKIP","floor":19.0},{"not_picked":["Thunderclap","Fire Breathing","Sentinel"],"picked":"SKIP","floor":24.0},{"not_picked":["Infernal Blade","Armaments","Sword Boomerang"],"picked":"SKIP","floor":31.0},{"not_picked":["Whirlwind+1","Havoc"],"picked":"Shrug It Off+1","floor":35.0},{"not_picked":["Body Slam+1","Heavy Blade"],"picked":"Shrug It Off","floor":36.0},{"not_picked":["Sword Boomerang","Armaments+1","Bludgeon"],"picked":"SKIP","floor":40.0},{"not_picked":["Havoc+1","Reckless Charge","Flame Barrier+1"],"picked":"SKIP","floor":41},{"not_picked":["Heavy Blade+1","Inflame+1"],"picked":"Metallicize+1","floor":42},{"not_picked":["Perfected Strike","Pommel Strike","Cleave+1"],"picked":"SKIP","floor":44},{"not_picked":["Iron Wave+1","Armaments","Headbutt+1"],"picked":"SKIP","floor":45},{"not_picked":["Perfected Strike","Warcry+1","Shrug It Off+1"],"picked":"SKIP","floor":46},{"not_picked":["Iron Wave","Clash"],"picked":"Shrug It Off+1","floor":47},{"not_picked":["Inflame","Anger","Burning Pact"],"picked":"SKIP","floor":54}],"player_experience":767787,"relics_obtained":[{"floor":11.0,"key":"War Paint"},{"floor":24.0,"key":"Ancient Tea Set"},{"floor":26.0,"key":"Paper Frog"},{"floor":37.0,"key":"Nunchaku"},{"floor":40.0,"key":"Dodecahedron"},{"floor":40.0,"key":"Anchor"},{"floor":42,"key":"Ornamental Fan"},{"floor":42,"key":"Lantern"},{"floor":43,"key":"Torii"},{"floor":54,"key":"Pen Nib"},{"floor":54,"key":"Pocketwatch"}],"event_choices":[{"cards_removed":["Writhe"],"damage_healed":0.0,"max_hp_gain":0.0,"max_hp_loss":0.0,"gold_gain":0.0,"event_name":"Golden Wing","player_choice":"Card Removal","floor":2.0,"gold_loss":0.0,"damage_taken":7.0},{"damage_healed":0.0,"max_hp_gain":0.0,"max_hp_loss":0.0,"gold_gain":0.0,"event_name":"Cursed Tome","player_choice":"Ignored","floor":20.0,"gold_loss":0.0,"damage_taken":0.0},{"damage_healed":0.0,"max_hp_gain":0.0,"max_hp_loss":0.0,"gold_gain":0.0,"event_name":"Ghosts","player_choice":"Ignored","floor":22.0,"gold_loss":0.0,"damage_taken":0.0},{"damage_healed":0.0,"max_hp_gain":0.0,"max_hp_loss":0.0,"gold_gain":0.0,"event_name":"Drug Dealer","player_choice":"Inject Mutagens","floor":27.0,"gold_loss":0.0,"damage_taken":0.0,"relics_obtained":["MutagenicStrength"]},{"damage_healed":0.0,"max_hp_gain":0.0,"max_hp_loss":0.0,"gold_gain":0.0,"event_name":"MindBloom","player_choice":"Fight","floor":37.0,"gold_loss":0.0,"damage_taken":0.0},{"cards_removed":["Strike_R"],"damage_healed":0.0,"max_hp_gain":0.0,"max_hp_loss":0.0,"gold_gain":0.0,"event_name":"Purifier","player_choice":"Purged","floor":39.0,"gold_loss":0.0,"damage_taken":0.0},{"damage_healed":0,"gold_gain":0,"player_choice":"Ignored","damage_taken":0,"max_hp_gain":0,"max_hp_loss":0,"event_name":"Tomb of Lord Red Mask","floor":48,"gold_loss":0}],"is_beta":false,"boss_relics":[{"not_picked":["Ectoplasm","Runic Dome"],"picked":"Runic Pyramid"},{"not_picked":["Pandora\u0027s Box","Snecko Eye"],"picked":"Black Star"}],"items_purged_floors":[3,21,38,53],"is_endless":false,"potions_floor_spawned":[1,4,14,33,35,40,41,42],"ascension_level":0}