{"gold_per_floor":[114,133,152,152,152,183,183,196,196,196,271,271,271,283,283,388,388,404,329,329,347,365,392,392,411,411,411,411,423,423,99,99,201,201,219,265,59,59,79,79,91,110,110,110,124,24,24,34,34,34],"floor_reached":51,"playtime":1280,"items_purged":["Defend_R","Defend_R"],"score":692,"play_id":"78b602f6-a131-452a-9534-cae9f0158afc","local_time":"20190505061549","is_ascension_mode":false,"campfire_choices":[{"data":"Inflame","floor":7.0,"key":"SMITH"},{"data":"Inflame","floor":12.0,"key":"SMITH"},{"data":"Whirlwind","floor":15.0,"key":"SMITH"},{"data":"Bash","floor":24,"key":"SMITH"},{"data":"1","floor":27,"key":"LIFT"},{"data":"2","floor":32,"key":"LIFT"},{"data":"Limit Break","floor":40,"key":"SMITH"},{"data":"3","floor":44,"key":"LIFT"},{"data":"Sword Boomerang","floor":47,"key":"SMITH"},{"data":"Battle Trance","floor":49,"key":"SMITH"}],"neow_cost":"NONE","seed_source_timestamp":306155860869688,"circlet_count":0,"master_deck":["Strike_R","Strike_R+1","Strike_R","Strike_R","Strike_R+1","Defend_R","Bash+1","Whirlwind+1","Inflame+1","Inflame+1","Twin Strike+1","Shrug It Off","Battle Trance+1","Limit Break+1","Heavy Blade+1","Sword Boomerang+1"],"special_seed":0,"relics":["Burning Blood","Orichalcum","Happy Flower","Strawberry","Eternal Feather","Bottled Flame","Girya","Singing Bowl","Cursed Key","Pen Nib"],"potions_floor_usage":[33,33,50,50,50],"damage_taken":[{"damage":7.0,"enemies":"Jaw Worm","floor":1.0,"turns":3.0},{"damage":1.0,"enemies":"Small Slimes","floor":2.0,"turns":2.0},{"damage":5.0,"enemies":"2 Louse","floor":3.0,"turns":2.0},{"damage":7.0,"enemies":"3 Sentries","floor":6.0,"turns":4.0},{"damage":8.0,"enemies":"Looter","floor":8.0,"turns":3.0},{"damage":0.0,"enemies":"3 Louse","floor":14.0,"turns":1.0},{"damage":37.0,"enemies":"Hexaghost","floor":16.0,"turns":6.0},{"damage":0.0,"enemies":"3 Byrds","floor":18.0,"turns":4.0},{"damage":14.0,"enemies":"2 Thieves","floor":21.0,"turns":2.0},{"damage":8.0,"enemies":"Centurion and Healer","floor":22.0,"turns":4.0},{"damage":24.0,"enemies":"Gremlin Leader","floor":23.0,"turns":5.0},{"damage":6,"enemies":"Snecko","floor":25,"turns":4},{"damage":21,"enemies":"Colosseum Slavers","floor":28,"turns":3},{"damage":0,"enemies":"3 Cultists","floor":29,"turns":3},{"damage":60,"enemies":"Champ","floor":33,"turns":10},{"damage":12,"enemies":"3 Shapes","floor":35,"turns":2},{"damage":26,"enemies":"2 Orb Walkers","floor":36,"turns":3},{"damage":4,"enemies":"Orb Walker","floor":39,"turns":2},{"damage":10,"enemies":"Spire Growth","floor":41,"turns":3},{"damage":15,"enemies":"3 Darklings","floor":42,"turns":3},{"damage":13,"enemies":"Sphere and 2 Shapes","floor":45,"turns":3},{"damage":9,"enemies":"4 Shapes","floor":48,"turns":1},{"damage":52,"enemies":"Donu and Deca","floor":50,"turns":4}],"seed_played":"4531551969440290627","potions_obtained":[{"floor":1.0,"key":"AttackPotion"},{"floor":2.0,"key":"Explosive Potion"},{"floor":3.0,"key":"EssenceOfSteel"},{"floor":8.0,"key":"PowerPotion"},{"floor":18.0,"key":"LiquidBronze"},{"floor":25,"key":"EssenceOfSteel"},{"floor":35,"key":"Fire Potion"},{"floor":42,"key":"Ancient Potion"}],"is_trial":false,"path_per_floor":["M","M","M","$","?","E","R","M","T","$","?","R","?","M","R","B",null,"M","$","?","M","M","E","R","M","T","R","?","M","?","$","R","B",null,"M","?","$","?","M","R","M","M","T","R","M","$","R","M","R","B",null],"character_chosen":"IRONCLAD","items_purchased":["Singing Bowl","Battle Trance","Pen Nib","Sword Boomerang"],"campfire_rested":0,"item_purchase_floors":[31,31,37,37],"current_hp_per_floor":[79,80,80,80,85,84,84,82,89,89,78,78,60,66,66,35,92,92,92,92,84,82,64,70,70,70,76,61,67,67,67,76,22,92,88,68,68,68,72,81,79,72,72,81,76,76,85,84,93,47],"gold":34,"neow_bonus":"RANDOM_COMMON_RELIC","is_prod":false,"is_daily":false,"chose_seed":false,"campfire_upgraded":7,"win_rate":0,"timestamp":1557026149,"path_taken":["M","M","M","$","?","E","R","M","T","$","?","R","?","M","R","BOSS","M","$","?","M","M","E","R","M","T","R","?","M","?","$","R","BOSS","M","?","$","?","?","R","M","M","T","R","M","$","R","M","R","BOSS"],"build_version":"2019-01-23","purchased_purges":2,"victory":true,"max_hp_per_floor":[80,80,80,80,85,85,85,85,92,92,92,92,92,92,92,92,92,92,92,92,92,92,92,92,92,92,92,92,92,92,92,92,92,92,94,94,94,94,96,96,98,100,100,100,102,102,102,104,104,104],"card_choices":[{"not_picked":["Rampage","Havoc"],"picked":"Whirlwind","floor":1.0},{"not_picked":["Infernal Blade","Cleave","Anger"],"picked":"SKIP","floor":2.0},{"not_picked":["Second Wind","Pommel Strike"],"picked":"Inflame","floor":3.0},{"not_picked":["Body Slam","Heavy Blade"],"picked":"Inflame","floor":6.0},{"not_picked":["Body Slam","Rupture","Corruption"],"picked":"SKIP","floor":8.0},{"not_picked":["Power Through","Reckless Charge","Clash"],"picked":"SKIP","floor":14.0},{"not_picked":["Entrench","Rage+1"],"picked":"Twin Strike+1","floor":18.0},{"not_picked":["Shockwave","Flex+1","Wild Strike"],"picked":"SKIP","floor":21.0},{"not_picked":["Blood for Blood","True Grit","Flame Barrier+1"],"picked":"SKIP","floor":22.0},{"not_picked":["Metallicize","Anger"],"picked":"Shrug It Off","floor":23},{"not_picked":["Perfected Strike","Clash","Thunderclap+1"],"picked":"SKIP","floor":25},{"not_picked":["Anger","Uppercut","Warcry"],"picked":"SKIP","floor":29},{"not_picked":["Barricade","Brutality"],"picked":"Limit Break","floor":33},{"not_picked":["Armaments+1","Headbutt","Twin Strike+1"],"picked":"Singing Bowl","floor":35},{"not_picked":["Infernal Blade","Iron Wave"],"picked":"Heavy Blade+1","floor":36},{"not_picked":["Rampage+1","Perfected Strike+1","Flex"],"picked":"Singing Bowl","floor":39},{"not_picked":["Feel No Pain","Twin Strike","Intimidate"],"picked":"Singing Bowl","floor":41},{"not_picked":["Battle Trance+1","Second Wind","Metallicize+1"],"picked":"Singing Bowl","floor":42},{"not_picked":["Armaments","Fire Breathing+1","Havoc+1"],"picked":"Singing Bowl","floor":45},{"not_picked":["Metallicize","Perfected Strike","Clothesline"],"picked":"Singing Bowl","floor":48}],"player_experience":597478,"relics_obtained":[{"floor":6.0,"key":"Happy Flower"},{"floor":9.0,"key":"Strawberry"},{"floor":23,"key":"Bottled Flame"},{"floor":26,"key":"Girya"}],"event_choices":[{"damage_healed":0.0,"max_hp_gain":5.0,"max_hp_loss":0.0,"gold_gain":0.0,"event_name":"Big Fish","player_choice":"Donut","floor":5.0,"gold_loss":0.0,"damage_taken":0.0},{"damage_healed":0.0,"max_hp_gain":0.0,"max_hp_loss":0.0,"gold_gain":75.0,"event_name":"World of Goop","player_choice":"Gather Gold","floor":11.0,"gold_loss":0.0,"damage_taken":11.0},{"damage_healed":0.0,"max_hp_gain":0.0,"max_hp_loss":0.0,"gold_gain":0.0,"event_name":"Shining Light","player_choice":"Entered Light","floor":13.0,"gold_loss":0.0,"damage_taken":18.0,"cards_upgraded":["Strike_R","Strike_R"]},{"damage_healed":0.0,"max_hp_gain":0.0,"max_hp_loss":0.0,"gold_gain":0.0,"event_name":"Beggar","player_choice":"Ignored","floor":20.0,"gold_loss":0.0,"damage_taken":0.0},{"damage_healed":0,"gold_gain":0,"player_choice":"Fight","damage_taken":0,"max_hp_gain":0,"max_hp_loss":0,"event_name":"Colosseum","floor":28,"gold_loss":0},{"damage_healed":0,"gold_gain":0,"player_choice":"Fled From Nobs","damage_taken":0,"max_hp_gain":0,"max_hp_loss":0,"event_name":"Colosseum","floor":28,"gold_loss":0},{"damage_healed":0,"gold_gain":0,"player_choice":"Ignored","damage_taken":0,"max_hp_gain":0,"max_hp_loss":0,"event_name":"Cursed Tome","floor":30,"gold_loss":0},{"damage_healed":0,"gold_gain":0,"player_choice":"Fight","damage_taken":0,"max_hp_gain":0,"max_hp_loss":0,"event_name":"Mysterious Sphere","floor":36,"gold_loss":0},{"cards_removed":["Defend_R"],"damage_healed":0,"gold_gain":0,"player_choice":"Purged","damage_taken":0,"max_hp_gain":0,"max_hp_loss":0,"event_name":"Purifier","floor":38,"gold_loss":0}],"is_beta":false,"boss_relics":[{"not_picked":["Runic Pyramid","Snecko Eye"],"picked":"Eternal Feather"},{"not_picked":["Runic Dome","Philosopher\u0027s Stone"],"picked":"Cursed Key"}],"items_purged_floors":[19,46],"is_endless":false,"potions_floor_spawned":[1,2,3,8,18,22,25,29,35,42,48],"ascension_level":0}