{"gold_per_floor":[118,118,138,138,9,50,63,106,106,106,131,155,155,155,155,283,283,308,27,40,60,60,60,101,119,144,159,177,202,221,221,221,352,352,377,397,418,112,131,131,256,256,309,325,325,339,339,409,409,409],"floor_reached":50,"playtime":2325,"items_purged":["Pain","Strike_B"],"score":528,"play_id":"28a7e243-a28d-4f64-9201-0c7b3a83c3ec","local_time":"20190707204748","is_ascension_mode":false,"campfire_choices":[{"data":"Zap","floor":13,"key":"SMITH"},{"data":"Hologram","floor":15,"key":"SMITH"},{"data":"Reboot","floor":23,"key":"SMITH"},{"data":"Self Repair","floor":32,"key":"SMITH"},{"floor":40,"key":"RECALL"},{"floor":45,"key":"REST"},{"floor":49,"key":"REST"}],"neow_cost":"CURSE","seed_source_timestamp":73206426668100,"circlet_count":0,"master_deck":["Strike_B","Defend_B","Defend_B","Defend_B+1","Defend_B","Zap+1","Dualcast","Self Repair+1","Go for the Eyes","Reboot+1","Hologram+1","FTL","All For One","Leap","Beam Cell","Leap+1","Auto Shields+1","Beam Cell+1","Skim","Gash","Steam","All For One","Beam Cell","FTL+1","Go for the Eyes+1","Gash","Dramatic Entrance","Reinforced Body"],"special_seed":0,"relics":["Cracked Core","Unceasing Top","Golden Idol","Bird Faced Urn","Matryoshka","Potion Belt","Dodecahedron","Dream Catcher","Inserter","Bottled Lightning","Bottled Tornado","Bag of Preparation","Lantern","Fusion Hammer","Oddly Smooth Stone","Incense Burner","Art of War","Gremlin Horn"],"potions_floor_usage":[30,33,33,37,41,50,50,50,50,50],"damage_taken":[{"damage":11.0,"enemies":"Small Slimes","floor":1.0,"turns":4.0},{"damage":3.0,"enemies":"2 Louse","floor":3.0,"turns":3.0},{"damage":51.0,"enemies":"3 Sentries","floor":6.0,"turns":11.0},{"damage":1.0,"enemies":"Cultist","floor":7.0,"turns":4.0},{"damage":15,"enemies":"Lagavulin","floor":8,"turns":9},{"damage":0,"enemies":"Looter","floor":11,"turns":3},{"damage":0,"enemies":"Blue Slaver","floor":12,"turns":3},{"damage":37,"enemies":"Hexaghost","floor":16,"turns":11},{"damage":7,"enemies":"Shell Parasite","floor":18,"turns":5},{"damage":1,"enemies":"3 Byrds","floor":20,"turns":5},{"damage":23,"enemies":"Centurion and Healer","floor":21,"turns":10},{"damage":29,"enemies":"Book of Stabbing","floor":24,"turns":7},{"damage":19,"enemies":"Cultist and Chosen","floor":25,"turns":7},{"damage":10,"enemies":"Snake Plant","floor":27,"turns":4},{"damage":11,"enemies":"Centurion and Healer","floor":28,"turns":8},{"damage":16,"enemies":"Cultist and Chosen","floor":29,"turns":5},{"damage":3,"enemies":"Snake Plant","floor":30,"turns":4},{"damage":4,"enemies":"Colosseum Slavers","floor":31,"turns":3},{"damage":27,"enemies":"Collector","floor":33,"turns":10},{"damage":0,"enemies":"3 Darklings","floor":35,"turns":5},{"damage":6,"enemies":"3 Shapes","floor":36,"turns":4},{"damage":2,"enemies":"Sphere and 2 Shapes","floor":37,"turns":6},{"damage":0,"enemies":"Spire Growth","floor":39,"turns":3},{"damage":8,"enemies":"Mind Bloom Boss Battle","floor":41,"turns":4},{"damage":0,"enemies":"4 Shapes","floor":44,"turns":3},{"damage":0,"enemies":"Jaw Worm Horde","floor":46,"turns":3},{"damage":80,"enemies":"Time Eater","floor":50,"turns":14}],"seed_played":"-6095325361201520119","potions_obtained":[{"floor":1.0,"key":"Regen Potion"},{"floor":3.0,"key":"Regen Potion"},{"floor":6.0,"key":"Dexterity Potion"},{"floor":7.0,"key":"SpeedPotion"},{"floor":25,"key":"Strength Potion"},{"floor":27,"key":"LiquidBronze"},{"floor":28,"key":"Poison Potion"},{"floor":29,"key":"Ancient Potion"},{"floor":33,"key":"FearPotion"},{"floor":35,"key":"Explosive Potion"},{"floor":39,"key":"Weak Potion"},{"floor":46,"key":"Explosive Potion"}],"is_trial":false,"path_per_floor":["M","?","M","?","$","E","M","E","T","?","M","M","R","?","R","B",null,"M","$","M","M","$","R","E","M","T","M","M","M","M","?","R","B",null,"M","M","M","$","M","R","?","?","T","M","R","M","?","T","R","B"],"character_chosen":"DEFECT","items_purchased":["Go for the Eyes","Bottled Lightning","Leap","Oddly Smooth Stone","PowerPotion"],"campfire_rested":2,"item_purchase_floors":[5,19,19,38,38],"current_hp_per_floor":[64,49,46,46,46,42,50,44,44,37,46,55,55,55,55,27,69,69,69,69,55,55,55,35,25,25,24,22,15,21,26,26,11,69,69,69,69,69,69,69,69,69,69,69,69,69,69,69,69,0],"gold":409,"neow_bonus":"ONE_RARE_RELIC","is_prod":false,"is_daily":false,"chose_seed":false,"campfire_upgraded":4,"win_rate":0,"timestamp":1562521668,"path_taken":["M","?","M","?","$","E","M","E","T","?","M","M","R","?","R","BOSS","M","$","M","M","$","R","E","M","T","M","M","M","?","?","R","BOSS","M","M","M","$","M","R","?","?","T","M","R","M","?","?","R","BOSS"],"build_version":"2019-07-05","purchased_purges":2,"victory":false,"max_hp_per_floor":[75,75,75,69,69,69,69,69,69,69,69,69,69,69,69,69,69,69,69,69,69,69,69,69,69,69,69,69,69,69,69,69,69,69,69,69,69,69,69,69,69,69,69,69,69,69,69,69,69,69],"card_choices":[{"not_picked":["Gash","Hello World","Compile Driver"],"picked":"SKIP","floor":1.0},{"not_picked":["Gash","Static Discharge"],"picked":"Self Repair","floor":3.0},{"not_picked":["Heatsinks","Streamline"],"picked":"Reboot","floor":6.0},{"not_picked":["Gash","Aggregate"],"picked":"Hologram","floor":7.0},{"not_picked":["Streamline","Skim"],"picked":"FTL","floor":8},{"not_picked":["Sweeping Beam","Chaos","Reprogram"],"picked":"SKIP","floor":11},{"not_picked":["Sweeping Beam","Melter","Ball Lightning"],"picked":"SKIP","floor":12},{"not_picked":["Sweeping Beam","Melter","Ball Lightning"],"picked":"SKIP","floor":12},{"not_picked":["Hyperbeam","Reboot"],"picked":"All For One","floor":16},{"not_picked":["Go for the Eyes","Coolheaded","Consume"],"picked":"SKIP","floor":18},{"not_picked":["Go for the Eyes+1","Auto Shields+1"],"picked":"Beam Cell","floor":20},{"not_picked":["Lockon","Steam Power"],"picked":"Leap+1","floor":21},{"not_picked":["Consume+1","Recycle"],"picked":"Auto Shields+1","floor":24},{"not_picked":["Rebound","Scrape"],"picked":"Beam Cell+1","floor":25},{"not_picked":["Sunder","Reprogram+1"],"picked":"Skim","floor":27},{"not_picked":["Sunder","Rebound","Stack"],"picked":"SKIP","floor":28},{"not_picked":["Chaos","Stack+1"],"picked":"Gash","floor":29},{"not_picked":["Steam","Blizzard+1","Auto Shields"],"picked":"SKIP","floor":30},{"not_picked":["Blizzard+1","Auto Shields"],"picked":"Steam","floor":30},{"not_picked":["Rainbow","Hyperbeam"],"picked":"All For One","floor":33},{"not_picked":["Sunder","Rip and Tear+1"],"picked":"Beam Cell","floor":35},{"not_picked":["Static Discharge","White Noise","Coolheaded+1"],"picked":"SKIP","floor":36},{"not_picked":["Storm","Loop"],"picked":"FTL+1","floor":37},{"not_picked":["Heatsinks","FTL"],"picked":"Go for the Eyes+1","floor":39},{"not_picked":["Rip and Tear","Compile Driver"],"picked":"Gash","floor":44},{"not_picked":["Glacier","Leap+1","Coolheaded"],"picked":"SKIP","floor":46},{"not_picked":["HandOfGreed","Magnetism"],"picked":"Dramatic Entrance","floor":47},{"not_picked":["Rebound","Hologram"],"picked":"Reinforced Body","floor":49}],"player_experience":688963,"relics_obtained":[{"floor":6.0,"key":"Bird Faced Urn"},{"floor":8,"key":"Matryoshka"},{"floor":9,"key":"Potion Belt"},{"floor":9,"key":"Dodecahedron"},{"floor":24,"key":"Bottled Tornado"},{"floor":26,"key":"Bag of Preparation"},{"floor":26,"key":"Lantern"},{"floor":41,"key":"Incense Burner"},{"floor":43,"key":"Art of War"},{"floor":48,"key":"Gremlin Horn"}],"event_choices":[{"damage_healed":0.0,"max_hp_gain":0.0,"max_hp_loss":0.0,"gold_gain":0.0,"event_name":"Shining Light","player_choice":"Entered Light","floor":2.0,"gold_loss":0.0,"damage_taken":15.0,"cards_upgraded":["Strike_B","Defend_B"]},{"damage_healed":0.0,"max_hp_gain":0.0,"max_hp_loss":6.0,"gold_gain":0.0,"event_name":"Golden Idol","player_choice":"Lose Max HP","floor":4.0,"gold_loss":0.0,"damage_taken":0.0,"relics_obtained":["Golden Idol"]},{"cards_removed":["Strike_B"],"damage_healed":0,"gold_gain":0,"player_choice":"Card Removal","damage_taken":7,"max_hp_gain":0,"max_hp_loss":0,"event_name":"Golden Wing","floor":10,"gold_loss":0},{"damage_healed":0,"gold_gain":0,"player_choice":"Gave Potion","damage_taken":0,"relics_obtained":["Dream Catcher"],"max_hp_gain":0,"max_hp_loss":0,"event_name":"WeMeetAgain","floor":14,"gold_loss":0},{"damage_healed":0,"gold_gain":0,"player_choice":"Fight","damage_taken":0,"max_hp_gain":0,"max_hp_loss":0,"event_name":"Colosseum","floor":31,"gold_loss":0},{"damage_healed":0,"gold_gain":0,"player_choice":"Fled From Nobs","damage_taken":0,"max_hp_gain":0,"max_hp_loss":0,"event_name":"Colosseum","floor":31,"gold_loss":0},{"damage_healed":0,"gold_gain":0,"player_choice":"Fight","damage_taken":0,"max_hp_gain":0,"max_hp_loss":0,"event_name":"MindBloom","floor":41,"gold_loss":0},{"cards_removed":["Strike_B"],"damage_healed":0,"gold_gain":0,"player_choice":"Removed Attack","damage_taken":0,"max_hp_gain":0,"max_hp_loss":0,"event_name":"Falling","floor":42,"gold_loss":0},{"damage_healed":0,"gold_gain":0,"player_choice":"Memory 1","damage_taken":0,"max_hp_gain":0,"max_hp_loss":0,"event_name":"SensoryStone","floor":47,"gold_loss":0}],"is_beta":false,"boss_relics":[{"not_picked":["Runic Dome","Empty Cage"],"picked":"Inserter"},{"not_picked":["Eternal Feather","Astrolabe"],"picked":"Fusion Hammer"}],"items_purged_floors":[5,38],"is_endless":false,"potions_floor_spawned":[1,3,6,7,25,27,28,29,33,35,39,46],"killed_by":"Time Eater","ascension_level":0}