{"gold_per_floor":[16,36,51,70,80,330,10,10,10,10,28,58,58,68,68,167,167,180,197,209,223,125,125],"floor_reached":23,"playtime":776,"items_purged":["Regret"],"score":222,"play_id":"4a0ff7a0-2740-4fbb-a1eb-f037a0c03b2e","local_time":"20180728143154","is_ascension_mode":false,"campfire_choices":[{"data":"Armaments","floor":10,"key":"SMITH"},{"data":"Bash","floor":15,"key":"SMITH"}],"neow_cost":"NO_GOLD","seed_source_timestamp":152194852892569,"circlet_count":0,"master_deck":["Strike_R","Strike_R","Strike_R","Strike_R+1","Strike_R","Defend_R","Defend_R","Defend_R","Defend_R","Bash+1","Iron Wave+1","Armaments+1","Iron Wave+1","Iron Wave+1","Demon Form","Battle Trance","Iron Wave+1","Body Slam+1"],"relics":["Burning Blood","Calipers","Molten Egg 2","Nunchaku","Matryoshka","Busted Crown"],"potions_floor_usage":[],"damage_taken":[{"damage":0,"enemies":"2 Louse","floor":1,"turns":3},{"damage":6,"enemies":"Cultist","floor":2,"turns":3},{"damage":0,"enemies":"Small Slimes","floor":3,"turns":3},{"damage":14,"enemies":"3 Louse","floor":4,"turns":4},{"damage":9,"enemies":"Blue Slaver","floor":5,"turns":5},{"damage":0,"enemies":"2 Fungi Beasts","floor":11,"turns":4},{"damage":8,"enemies":"3 Sentries","floor":12,"turns":11},{"damage":21,"enemies":"Exordium Thugs","floor":14,"turns":4},{"damage":28,"enemies":"The Guardian","floor":16,"turns":12},{"damage":11,"enemies":"3 Byrds","floor":18,"turns":6},{"damage":5,"enemies":"Chosen","floor":19,"turns":4},{"damage":34,"enemies":"Sentry and Sphere","floor":20,"turns":6},{"damage":25,"enemies":"Centurion and Healer","floor":21,"turns":6},{"damage":32,"enemies":"Gremlin Leader","floor":23,"turns":5}],"seed_played":"5654408639196955909","potions_obtained":[{"floor":2,"key":"SpeedPotion"},{"floor":11,"key":"Dexterity Potion"},{"floor":12,"key":"Strength Potion"}],"is_trial":false,"path_per_floor":["M","M","M","M","M","?","$","?","T","R","M","E","$","M","R","B",null,"M","M","M","M","$"],"character_chosen":"IRONCLAD","items_purchased":["Molten Egg 2","Iron Wave+1","Body Slam+1"],"campfire_rested":0,"item_purchase_floors":[7,22,22],"current_hp_per_floor":[80,80,80,72,69,69,69,53,53,53,59,57,57,42,42,20,80,75,76,48,29,29,0],"gold":125,"neow_bonus":"ONE_RARE_RELIC","is_prod":false,"is_daily":false,"chose_seed":false,"campfire_upgraded":2,"win_rate":0,"timestamp":1532777514,"path_taken":["M","M","M","M","M","?","$","?","T","R","?","E","?","M","R","BOSS","M","M","M","M","$","E"],"build_version":"2018-07-26","purchased_purges":1,"victory":false,"max_hp_per_floor":[80,80,80,80,80,80,80,80,80,80,80,80,80,80,80,80,80,80,80,80,80,80,80],"card_choices":[{"not_picked":["Clash","Burning Pact","Headbutt"],"picked":"SKIP","floor":1},{"not_picked":["Cleave","Clash","Flex"],"picked":"SKIP","floor":2},{"not_picked":["Anger","Rupture"],"picked":"Iron Wave","floor":3},{"not_picked":["Exhume","Clash"],"picked":"Armaments","floor":4},{"not_picked":["Carnage","Entrench","Flex"],"picked":"SKIP","floor":5},{"not_picked":["Corruption","Perfected Strike+1"],"picked":"Iron Wave+1","floor":11},{"not_picked":["Wild Strike+1","Havoc","Reckless Charge+1"],"picked":"SKIP","floor":12},{"not_picked":["Anger+1","Whirlwind+1"],"picked":"Iron Wave+1","floor":14},{"not_picked":["Fiend Fire+1","Brutality"],"picked":"Demon Form","floor":16},{"not_picked":["Flex"],"picked":"SKIP","floor":18},{"not_picked":["Wild Strike+1"],"picked":"SKIP","floor":19},{"not_picked":[],"picked":"Battle Trance","floor":20},{"not_picked":["Dual Wield+1"],"picked":"SKIP","floor":21}],"player_experience":246142,"relics_obtained":[{"floor":9,"key":"Nunchaku"},{"floor":12,"key":"Matryoshka"}],"event_choices":[{"event_name":"Golden Shrine","player_choice":"Desecrate","floor":6,"damage_taken":0},{"event_name":"Shining Light","player_choice":"Entered Light","floor":8,"damage_taken":0}],"is_beta":false,"boss_relics":[{"not_picked":["White Beast Statue","Snecko Eye"],"picked":"Busted Crown"}],"items_purged_floors":[7],"is_endless":false,"potions_floor_spawned":[2,11,12,14,19,20],"killed_by":"Gremlin Leader","ascension_level":0}