{"gold_per_floor":[115,115,131,49,124,150,209,226,226,241,241,49,59,59,59,160,210,222,222,222,234,63,63,80,80,80,93,93,105,105,119,119,119],"floor_reached":33,"playtime":3500,"items_purged":[],"score":297,"play_id":"a2ccb284-3c14-4bfe-b377-7a4d96538601","local_time":"20190729111220","is_ascension_mode":true,"campfire_choices":[{"data":"Noxious Fumes","floor":11,"key":"SMITH"},{"floor":15,"key":"REST"},{"data":"Backflip","floor":23,"key":"SMITH"},{"data":"Tactician","floor":25,"key":"SMITH"},{"floor":30,"key":"REST"},{"data":"Neutralize","floor":32,"key":"SMITH"}],"neow_cost":"NONE","seed_source_timestamp":1368136569247875,"circlet_count":0,"master_deck":["Strike_G","Strike_G","Strike_G","Strike_G","Defend_G","Defend_G","Defend_G","Defend_G","Defend_G","Survivor","Neutralize+1","Infinite Blades","Masterful Stab+1","Die Die Die+1","Noxious Fumes+1","Blade Dance","Backstab","Dodge and Roll+1","Outmaneuver","Tactician+1","A Thousand Cuts","PiercingWail","Accuracy+1","Well Laid Plans","Infinite Blades","Dash","Backflip+1","Bane+1","Poisoned Stab","RitualDagger","Backflip","Blur"],"relics":["Ring of the Snake","Nunchaku","Pen Nib","Whetstone","Pear","ClockworkSouvenir","Tiny House","Enchiridion","Pocketwatch"],"potions_floor_usage":[6,6,21,24,33],"damage_taken":[{"damage":0,"enemies":"Jaw Worm","floor":1,"turns":4},{"damage":1,"enemies":"Small Slimes","floor":3,"turns":5},{"damage":6,"enemies":"Lagavulin","floor":6,"turns":8},{"damage":18,"enemies":"Gremlin Nob","floor":7,"turns":4},{"damage":1,"enemies":"2 Louse","floor":8,"turns":2},{"damage":0,"enemies":"Exordium Thugs","floor":10,"turns":3},{"damage":5,"enemies":"Gremlin Gang","floor":13,"turns":3},{"damage":15,"enemies":"Slime Boss","floor":16,"turns":10},{"damage":6,"enemies":"3 Byrds","floor":18,"turns":5},{"damage":0,"enemies":"Shell Parasite","floor":21,"turns":5},{"damage":31,"enemies":"Snake Plant","floor":24,"turns":6},{"damage":9,"enemies":"3 Cultists","floor":27,"turns":6},{"damage":6,"enemies":"Snecko","floor":29,"turns":5},{"damage":9,"enemies":"Chosen and Byrds","floor":31,"turns":6},{"damage":52,"enemies":"Champ","floor":33,"turns":12}],"seed_played":"2329468677491399661","potions_obtained":[{"floor":1,"key":"AttackPotion"},{"floor":3,"key":"Block Potion"},{"floor":8,"key":"Fire Potion"},{"floor":16,"key":"EssenceOfSteel"},{"floor":17,"key":"Strength Potion"},{"floor":18,"key":"EssenceOfSteel"}],"is_trial":false,"path_per_floor":["M","?","M","$","?","E","?","M","T","M","R","$","M","?","R","B",null,"M","?","?","M","$","R","M","R","T","M","?","M","R","M","R","B"],"character_chosen":"THE_SILENT","items_purchased":["Die Die Die","ClockworkSouvenir","Infinite Blades","Dash","Backflip"],"campfire_rested":2,"item_purchase_floors":[4,12,22,22,22],"current_hp_per_floor":[77,52,51,51,40,34,16,15,25,25,25,25,20,20,46,31,92,86,86,70,70,70,70,39,39,39,30,24,18,45,36,36,0],"gold":119,"neow_bonus":"TEN_PERCENT_HP_BONUS","is_prod":false,"is_daily":false,"chose_seed":false,"campfire_upgraded":4,"win_rate":0,"timestamp":1564416740,"path_taken":["M","?","M","$","?","E","?","?","T","M","R","$","?","?","R","BOSS","M","?","?","M","$","R","M","R","T","M","?","M","R","M","R","BOSS"],"build_version":"2019-07-17","purchased_purges":0,"victory":false,"max_hp_per_floor":[77,77,77,77,77,77,77,77,87,87,87,87,87,87,87,87,92,92,92,92,92,92,92,92,92,92,92,92,92,92,92,92,92],"card_choices":[{"not_picked":["Dagger Throw","Choke"],"picked":"Infinite Blades","floor":1},{"not_picked":["Riddle With Holes","Deflect"],"picked":"Masterful Stab","floor":3},{"not_picked":["Tactician","PiercingWail"],"picked":"Noxious Fumes","floor":6},{"not_picked":["Slice","Finisher"],"picked":"Blade Dance","floor":7},{"not_picked":["Cloak And Dagger","Dodge and Roll"],"picked":"Backstab","floor":8},{"not_picked":["Flechettes","Quick Slash"],"picked":"Dodge and Roll","floor":10},{"not_picked":["Unload","Acrobatics"],"picked":"Outmaneuver","floor":13},{"not_picked":["Malaise","Doppelganger"],"picked":"A Thousand Cuts","floor":16},{"not_picked":["Heel Hook","Bane"],"picked":"PiercingWail","floor":17},{"not_picked":["Bane","Crippling Poison"],"picked":"Accuracy+1","floor":18},{"not_picked":["Masterful Stab","Predator"],"picked":"Well Laid Plans","floor":21},{"not_picked":["Backflip","Cloak And Dagger"],"picked":"Bane+1","floor":24},{"not_picked":["Eviscerate","Bane+1"],"picked":"Poisoned Stab","floor":27},{"not_picked":["Well Laid Plans","Heel Hook+1"],"picked":"Backflip","floor":29},{"not_picked":["Infinite Blades","PiercingWail"],"picked":"Blur","floor":31}],"player_experience":110831,"relics_obtained":[{"floor":6,"key":"Pen Nib"},{"floor":7,"key":"Whetstone"},{"floor":9,"key":"Pear"},{"floor":20,"key":"Enchiridion"},{"floor":26,"key":"Pocketwatch"}],"event_choices":[{"damage_healed":0,"gold_gain":0,"player_choice":"Success","damage_taken":25,"relics_obtained":["Nunchaku"],"max_hp_gain":0,"max_hp_loss":0,"event_name":"Scrap Ooze","floor":2,"gold_loss":0},{"damage_healed":0,"gold_gain":75,"player_choice":"Gather Gold","damage_taken":11,"max_hp_gain":0,"max_hp_loss":0,"event_name":"World of Goop","floor":5,"gold_loss":0},{"damage_healed":0,"gold_gain":30,"player_choice":"Searched \u00272\u0027 times","damage_taken":0,"max_hp_gain":0,"max_hp_loss":0,"event_name":"Dead Adventurer","floor":7,"gold_loss":0},{"damage_healed":0,"gold_gain":0,"cards_transformed":["Strike_G"],"player_choice":"Change","damage_taken":0,"max_hp_gain":0,"max_hp_loss":0,"event_name":"Living Wall","floor":14,"gold_loss":0,"cards_obtained":["Tactician"]},{"damage_healed":0,"gold_gain":0,"player_choice":"Ignored","damage_taken":0,"max_hp_gain":0,"max_hp_loss":0,"event_name":"Beggar","floor":19,"gold_loss":0},{"damage_healed":0,"gold_gain":0,"player_choice":"Obtained Book","damage_taken":16,"max_hp_gain":0,"max_hp_loss":0,"event_name":"Cursed Tome","floor":20,"gold_loss":0},{"damage_healed":0,"gold_gain":0,"player_choice":"Joined the Cult","damage_taken":6,"max_hp_gain":0,"max_hp_loss":0,"event_name":"Nest","floor":28,"gold_loss":0,"cards_obtained":["RitualDagger"]}],"is_beta":false,"boss_relics":[{"not_picked":["Snecko Eye","White Beast Statue"],"picked":"Tiny House"}],"items_purged_floors":[],"is_endless":false,"potions_floor_spawned":[1,3,8,16,18],"killed_by":"Champ","ascension_level":2}