{"gold_per_floor":[118,128,57,57,4,36,55,55,55,72,100,100,118,136,136,237,237,255,289,289,289,299,299,324,324,324,324,340,357,377,327,327,424,424,441,453,553,553,313,313,328,40,40,51,1,1,14,29,29,29],"floor_reached":51,"playtime":1841,"items_purged":["Strike_R","Strike_R"],"score":729,"play_id":"670b8bc1-91c0-48f7-be90-18013e29b1e6","local_time":"20181117134512","is_ascension_mode":false,"campfire_choices":[{"data":"Battle Trance","floor":15.0,"key":"SMITH"},{"data":"Spot Weakness","floor":23.0,"key":"SMITH"},{"data":"J.A.X.","floor":25.0,"key":"SMITH"},{"data":"Rage","floor":27.0,"key":"SMITH"},{"data":"Rage","floor":32.0,"key":"SMITH"},{"data":"Offering","floor":40,"key":"SMITH"},{"data":"Dropkick","floor":46,"key":"SMITH"},{"data":"Blood for Blood","floor":49,"key":"SMITH"}],"neow_cost":"NONE","seed_source_timestamp":146057945572186,"circlet_count":0,"master_deck":["Strike_R","Strike_R","Strike_R+1","Defend_R+1","Defend_R","Defend_R","Defend_R","Bash+1","Feed+1","Twin Strike","Armaments+1","Battle Trance+1","Feed","Rage+1","Spot Weakness+1","J.A.X.+1","Shrug It Off+1","Rage+1","Dropkick+1","Thunderclap+1","Offering+1","Battle Trance+1","Dropkick+1","Blood for Blood+1","Headbutt","Seeing Red+1"],"special_seed":0,"relics":["Burning Blood","Champion Belt","Du-Vu Doll","FossilizedHelix","Coffee Dripper","Red Mask","Smiling Mask","Whetstone","Mark of Pain","Gambling Chip","ClockworkSouvenir","Torii","Paper Frog"],"potions_floor_usage":[47,50,50],"damage_taken":[{"damage":2.0,"enemies":"2 Louse","floor":1.0,"turns":2.0},{"damage":6.0,"enemies":"Jaw Worm","floor":2.0,"turns":3.0},{"damage":27.0,"enemies":"Gremlin Nob","floor":6.0,"turns":4.0},{"damage":10.0,"enemies":"Small Slimes","floor":7.0,"turns":3.0},{"damage":9.0,"enemies":"Blue Slaver","floor":10.0,"turns":4.0},{"damage":22.0,"enemies":"3 Sentries","floor":11.0,"turns":7.0},{"damage":0.0,"enemies":"Exordium Thugs","floor":13.0,"turns":5.0},{"damage":0.0,"enemies":"Red Slaver","floor":14.0,"turns":3.0},{"damage":26.0,"enemies":"Slime Boss","floor":16.0,"turns":8.0},{"damage":0.0,"enemies":"Chosen","floor":18.0,"turns":4.0},{"damage":23.0,"enemies":"Masked Bandits","floor":19.0,"turns":5.0},{"damage":8.0,"enemies":"Spheric Guardian","floor":22.0,"turns":5.0},{"damage":18.0,"enemies":"Book of Stabbing","floor":24.0,"turns":5.0},{"damage":0.0,"enemies":"Snake Plant","floor":28.0,"turns":4.0},{"damage":37.0,"enemies":"Snecko","floor":29.0,"turns":7.0},{"damage":12.0,"enemies":"3 Cultists","floor":30.0,"turns":6.0},{"damage":37.0,"enemies":"Automaton","floor":33.0,"turns":10.0},{"damage":7.0,"enemies":"3 Shapes","floor":35.0,"turns":6.0},{"damage":6,"enemies":"3 Darklings","floor":36,"turns":5},{"damage":11,"enemies":"Mind Bloom Boss Battle","floor":37,"turns":5},{"damage":9,"enemies":"Maw","floor":41,"turns":6},{"damage":0,"enemies":"Jaw Worm Horde","floor":44,"turns":5},{"damage":0,"enemies":"Writhing Mass","floor":47,"turns":4},{"damage":10,"enemies":"4 Shapes","floor":48,"turns":3},{"damage":67,"enemies":"Donu and Deca","floor":50,"turns":9}],"seed_played":"7487916890645079171","potions_obtained":[{"floor":1.0,"key":"PowerPotion"},{"floor":7.0,"key":"Regen Potion"},{"floor":10.0,"key":"Swift Potion"},{"floor":13.0,"key":"SteroidPotion"},{"floor":22.0,"key":"AttackPotion"},{"floor":28.0,"key":"EssenceOfSteel"},{"floor":33.0,"key":"Swift Potion"},{"floor":35.0,"key":"Regen Potion"}],"is_trial":false,"path_per_floor":["M","M","$","?","$","E","M","?","T","M","E","$","M","M","R","B",null,"M","?","$","?","M","R","E","R","T","R","M","M","M","$","R","B",null,"M","M","?","?","$","R","M","$","T","M","$","R","M","M","R","B",null],"character_chosen":"IRONCLAD","items_purchased":["Feed","Twin Strike","ClockworkSouvenir","Blood for Blood","Torii"],"campfire_rested":0,"item_purchase_floors":[3,5,39,39,42],"current_hp_per_floor":[80,80,80,85,85,67,66,48,48,49,36,36,48,58,58,38,108,108,98,98,98,99,99,87,87,87,87,97,66,78,78,78,47,125,124,124,119,119,119,119,116,116,116,123,123,123,127,126,126,80],"gold":29,"neow_bonus":"UPGRADE_CARD","is_prod":false,"is_daily":false,"chose_seed":false,"campfire_upgraded":8,"win_rate":0,"timestamp":1542455112,"path_taken":["M","M","$","?","?","E","M","?","T","M","E","$","M","M","R","BOSS","M","?","$","?","M","R","E","R","T","R","M","?","M","$","R","BOSS","M","M","?","?","$","R","M","?","T","M","$","R","?","M","R","BOSS"],"build_version":"2018-11-15","purchased_purges":2,"victory":true,"max_hp_per_floor":[80,80,80,85,85,88,91,91,91,95,98,98,104,108,108,108,108,108,115,115,115,118,118,118,118,118,118,122,122,125,125,125,125,125,125,125,125,119,119,119,119,119,119,123,123,123,127,130,130,130],"card_choices":[{"not_picked":["Entrench","Clash","Perfected Strike"],"picked":"SKIP","floor":1.0},{"not_picked":["Heavy Blade","Anger","Intimidate"],"picked":"SKIP","floor":2.0},{"not_picked":["Infernal Blade","Wild Strike"],"picked":"Armaments","floor":6.0},{"not_picked":["Clothesline","Warcry"],"picked":"Battle Trance","floor":7.0},{"not_picked":["Sword Boomerang","Sever Soul","Twin Strike"],"picked":"SKIP","floor":10.0},{"not_picked":["Feel No Pain","True Grit"],"picked":"Feed","floor":11.0},{"not_picked":["Clothesline","Body Slam"],"picked":"Rage","floor":13.0},{"not_picked":["Headbutt","Clash","Rampage"],"picked":"SKIP","floor":14.0},{"not_picked":["Flex+1","Iron Wave"],"picked":"Spot Weakness","floor":18.0},{"not_picked":["Dark Embrace","Pommel Strike","Ghostly Armor"],"picked":"SKIP","floor":22.0},{"not_picked":["Headbutt+1","Blood for Blood"],"picked":"Shrug It Off+1","floor":24.0},{"not_picked":["Inflame","Evolve"],"picked":"Rage","floor":28.0},{"not_picked":["Bloodletting+1","Heavy Blade"],"picked":"Dropkick+1","floor":29.0},{"not_picked":["Ghostly Armor+1","Sword Boomerang"],"picked":"Thunderclap+1","floor":30.0},{"not_picked":["Barricade","Brutality"],"picked":"Offering","floor":33.0},{"not_picked":["Clash","Clothesline"],"picked":"Battle Trance+1","floor":35.0},{"not_picked":["Headbutt","Armaments","Anger"],"picked":"SKIP","floor":36},{"not_picked":["Havoc+1","Cleave"],"picked":"Dropkick","floor":37},{"not_picked":["Entrench","Clothesline+1","Second Wind"],"picked":"SKIP","floor":41},{"not_picked":["Armaments","Demon Form","Sever Soul+1"],"picked":"SKIP","floor":44},{"not_picked":["Whirlwind","Second Wind"],"picked":"Headbutt","floor":47},{"not_picked":["True Grit+1","Body Slam+1"],"picked":"Seeing Red+1","floor":48}],"player_experience":469671,"relics_obtained":[{"floor":6.0,"key":"Champion Belt"},{"floor":9.0,"key":"Du-Vu Doll"},{"floor":11.0,"key":"FossilizedHelix"},{"floor":19.0,"key":"Red Mask"},{"floor":24.0,"key":"Smiling Mask"},{"floor":26.0,"key":"Whetstone"},{"floor":37,"key":"Gambling Chip"},{"floor":43,"key":"Paper Frog"}],"event_choices":[{"damage_healed":0.0,"max_hp_gain":5.0,"max_hp_loss":0.0,"gold_gain":0.0,"event_name":"Big Fish","player_choice":"Donut","floor":4.0,"gold_loss":0.0,"damage_taken":0.0},{"damage_healed":0.0,"max_hp_gain":0.0,"max_hp_loss":0.0,"gold_gain":0.0,"event_name":"Shining Light","player_choice":"Entered Light","floor":8.0,"gold_loss":0.0,"damage_taken":18.0,"cards_upgraded":["Defend_R","Armaments"]},{"damage_healed":0.0,"max_hp_gain":0.0,"max_hp_loss":0.0,"gold_gain":0.0,"event_name":"Masked Bandits","player_choice":"Fought Bandits","floor":19.0,"gold_loss":0.0,"damage_taken":0.0},{"damage_healed":0.0,"max_hp_gain":0.0,"max_hp_loss":0.0,"gold_gain":0.0,"event_name":"Drug Dealer","player_choice":"Obtain J.A.X.","floor":21.0,"gold_loss":0.0,"damage_taken":0.0,"cards_obtained":["J.A.X."]},{"damage_healed":0,"gold_gain":0,"player_choice":"Fight","damage_taken":0,"max_hp_gain":0,"max_hp_loss":0,"event_name":"MindBloom","floor":37,"gold_loss":0},{"damage_healed":0,"gold_gain":0,"player_choice":"Max HP","damage_taken":0,"max_hp_gain":0,"max_hp_loss":6,"event_name":"Winding Halls","floor":38,"gold_loss":0}],"is_beta":false,"boss_relics":[{"not_picked":["Runic Pyramid","Orrery"],"picked":"Coffee Dripper"},{"not_picked":["Empty Cage","Lizard Tail"],"picked":"Mark of Pain"}],"items_purged_floors":[31,45],"is_endless":false,"potions_floor_spawned":[1,7,10,13,22,28,33,35,37],"ascension_level":0}