{"path_per_floor":["M","M","$","M","M","E","M","R","T","E","$","R","M","E","R","B",null,"M","M","M","M","M","R","T","$","T","M","M","?","R","M","R"],"character_chosen":"DEFECT","items_purchased":["FTL","Axe Kick","Flash of Steel","Orichalcum"],"gold_per_floor":[110,130,130,146,163,193,207,207,207,241,60,60,71,104,104,204,204,204,204,204,204,204,204,204,51,51,51,51,51,51,51,51,51],"floor_reached":33,"campfire_rested":3,"playtime":1744,"current_hp_per_floor":[74,65,65,62,50,18,10,32,32,38,38,38,33,19,41,10,75,62,62,54,36,36,36,36,36,36,23,30,30,52,50,50,16],"items_purged":[],"gold":51,"score":298,"play_id":"ed98d049-ecc9-469a-89cf-00b19519f4d0","local_time":"20180505202536","is_prod":false,"is_daily":false,"chose_seed":false,"is_ascension_mode":false,"campfire_upgraded":3,"timestamp":1525541136,"path_taken":["M","M","$","M","M","E","M","R","T","E","$","R","M","E","R","BOSS","M","M","M","M","M","R","?","$","T","M","M","?","R","M","R","BOSS"],"build_version":"2018-05-03","seed_source_timestamp":166781681185951,"purchased_purges":0,"victory":false,"master_deck":["Strike_B","Strike_B","Strike_B","Defend_B","Defend_B","Defend_B","Defend_B","Zap+1","Dualcast+1","Skim","Go for the Eyes","Leap","Go for the Eyes","Hyperbeam","Double Energy","FTL","Axe Kick","Flash of Steel","Go for the Eyes","Beam Cell","All For One","Gash","Rebound","Beam Cell","Self Repair+1","Skim","Go for the Eyes"],"max_hp_per_floor":[75,75,75,75,75,75,75,75,75,75,75,75,75,75,75,75,75,75,75,75,75,75,75,75,75,75,75,75,75,75,75,75,75],"relics":["Cracked Core","Art of War","Bag of Marbles","Lantern","Mummified Hand","Ectoplasm","Pen Nib","Orichalcum","Frozen Egg 2"],"card_choices":[{"not_picked":["Streamline","Hologram"],"picked":"Skim","floor":1.0},{"not_picked":["Reprogram","Beam Cell"],"picked":"Go for the Eyes","floor":2.0},{"not_picked":["Capacitor","Steam Power"],"picked":"Leap","floor":4.0},{"not_picked":["White Noise","Storm"],"picked":"Go for the Eyes","floor":5.0},{"not_picked":["Force Field","Leap"],"picked":"Hyperbeam","floor":6.0},{"not_picked":["Doom and Gloom","Impulse"],"picked":"Double Energy","floor":7.0},{"not_picked":["Skim","Chaos"],"picked":"Go for the Eyes","floor":13.0},{"not_picked":["Hologram","Echo Form"],"picked":"Beam Cell","floor":14.0},{"not_picked":["Fission","Meteor Strike"],"picked":"All For One","floor":16.0},{"not_picked":["Go for the Eyes","Tempest"],"picked":"Gash","floor":18.0},{"not_picked":["Recycle","Reinforced Body"],"picked":"Rebound","floor":20.0},{"not_picked":["Axe Kick","Hologram"],"picked":"Beam Cell","floor":21.0},{"not_picked":["Sweeping Beam","Aggregate"],"picked":"Self Repair","floor":22.0},{"not_picked":["Darkness","Impulse"],"picked":"Skim","floor":28.0}],"player_experience":119963,"potions_floor_usage":[33],"damage_taken":[{"damage":1.0,"enemies":"Cultist","floor":1.0,"turns":3.0},{"damage":9.0,"enemies":"Small Slimes","floor":2.0,"turns":3.0},{"damage":3.0,"enemies":"2 Louse","floor":4.0,"turns":2.0},{"damage":12.0,"enemies":"Gremlin Gang","floor":5.0,"turns":5.0},{"damage":32.0,"enemies":"Gremlin Nob","floor":6.0,"turns":5.0},{"damage":8.0,"enemies":"Exordium Thugs","floor":7.0,"turns":4.0},{"damage":6.0,"enemies":"3 Sentries","floor":10.0,"turns":5.0},{"damage":5.0,"enemies":"2 Fungi Beasts","floor":13.0,"turns":2.0},{"damage":14.0,"enemies":"Gremlin Nob","floor":14.0,"turns":4.0},{"damage":31.0,"enemies":"Slime Boss","floor":16.0,"turns":7.0},{"damage":13.0,"enemies":"3 Byrds","floor":18.0,"turns":4.0},{"damage":0.0,"enemies":"Chosen","floor":19.0,"turns":4.0},{"damage":8.0,"enemies":"Slaver and Parasite","floor":20.0,"turns":6.0},{"damage":18.0,"enemies":"Centurion and Healer","floor":21.0,"turns":4.0},{"damage":0.0,"enemies":"Snecko","floor":22.0,"turns":3.0},{"damage":20.0,"enemies":"Snake Plant","floor":27.0,"turns":3.0},{"damage":0.0,"enemies":"Centurion and Healer","floor":28.0,"turns":4.0},{"damage":9.0,"enemies":"Sentry and Sphere","floor":31.0,"turns":4.0},{"damage":34,"enemies":"Collector","floor":33,"turns":5}],"event_choices":[{"event_name":"Transmorgrifier","player_choice":"Transform","floor":29.0,"damage_taken":0.0}],"boss_relics":[],"potions_floor_spawned":[2,4,7,13,18,22,27,28],"seed_played":"-8591920105785497091","killed_by":"Collector","ascension_level":0,"is_trial":false}