{"gold_per_floor":[116,116,116,128,138,138,213,213,236,264,264,297,315,97,97,202,202,220,220,240,60,78,78,78,78,155,190,202,43,63,81,81,184,184,195,219,69,86,103,103,103,138,138,138,238,238,249,249,249,249,249,249,74,99,99],"floor_reached":56,"playtime":1641,"items_purged":["Strike_R","Writhe","Strike_R","Strike_R","Strike_R"],"score":1201,"play_id":"8f8b7eda-3bc2-4a2a-bfb5-65f44f6fa794","local_time":"20190721033154","is_ascension_mode":false,"campfire_choices":[{"data":"Body Slam","floor":6.0,"key":"SMITH"},{"data":"Shrug It Off","floor":8.0,"key":"SMITH"},{"data":"Defend_R","floor":15,"key":"SMITH"},{"data":"Juggernaut","floor":23,"key":"SMITH"},{"data":"Defend_R","floor":25,"key":"SMITH"},{"data":"Shrug It Off","floor":32,"key":"SMITH"},{"data":"Defend_R","floor":40,"key":"SMITH"},{"floor":46,"key":"RECALL"},{"data":"Defend_R","floor":49,"key":"SMITH"},{"data":"Metallicize","floor":52,"key":"SMITH"}],"neow_cost":"NONE","seed_source_timestamp":110263581850900,"circlet_count":0,"master_deck":["Defend_R+1","Defend_R+1","Defend_R+1","Defend_R+1","Flame Barrier+1","Body Slam+1","Shrug It Off+1","Juggernaut+1","Metallicize+1","Shrug It Off+1"],"special_seed":0,"relics":["Burning Blood","Self Forming Clay","Vajra","Busted Crown","Potion Belt","Mummified Hand","MawBank","Velvet Choker","Boot","Frozen Egg 2","Pear","Charon\u0027s Ashes","Pantograph"],"potions_floor_usage":[16,33,54,55,55,55,55,55,55,55],"damage_taken":[{"damage":4.0,"enemies":"Small Slimes","floor":1.0,"turns":4.0},{"damage":0.0,"enemies":"2 Louse","floor":4.0,"turns":3.0},{"damage":5.0,"enemies":"Cultist","floor":5.0,"turns":4.0},{"damage":23.0,"enemies":"Lagavulin","floor":10.0,"turns":9.0},{"damage":18.0,"enemies":"Gremlin Nob","floor":12.0,"turns":5.0},{"damage":0.0,"enemies":"Exordium Wildlife","floor":13.0,"turns":5.0},{"damage":29,"enemies":"Slime Boss","floor":16,"turns":15},{"damage":0,"enemies":"3 Byrds","floor":18,"turns":1},{"damage":0,"enemies":"Shell Parasite","floor":20,"turns":5},{"damage":8,"enemies":"Sentry and Sphere","floor":22,"turns":5},{"damage":10,"enemies":"Book of Stabbing","floor":27,"turns":4},{"damage":12,"enemies":"Snake Plant","floor":30,"turns":3},{"damage":0,"enemies":"Centurion and Healer","floor":31,"turns":5},{"damage":10,"enemies":"Automaton","floor":33,"turns":11},{"damage":0,"enemies":"3 Shapes","floor":35,"turns":4},{"damage":0,"enemies":"Orb Walker","floor":38,"turns":3},{"damage":0,"enemies":"Spire Growth","floor":39,"turns":3},{"damage":19,"enemies":"Nemesis","floor":42,"turns":7},{"damage":0,"enemies":"Mind Bloom Boss Battle","floor":45,"turns":5},{"damage":0,"enemies":"Transient","floor":47,"turns":5},{"damage":3,"enemies":"Awakened One","floor":50,"turns":12},{"damage":75,"enemies":"Shield and Spear","floor":54,"turns":10},{"damage":50,"enemies":"The Heart","floor":55,"turns":9}],"seed_played":"-2314584848347971798","potions_obtained":[{"floor":1.0,"key":"FairyPotion"},{"floor":4.0,"key":"Energy Potion"},{"floor":12.0,"key":"PowerPotion"},{"floor":16,"key":"Block Potion"},{"floor":22,"key":"Energy Potion"},{"floor":27,"key":"Block Potion"},{"floor":33,"key":"EntropicBrew"},{"floor":45,"key":"BloodPotion"},{"floor":54,"key":"Swift Potion"}],"is_trial":false,"path_per_floor":["M","?","$","M","M","R","?","R","T","E","?","E","M","$","R","B",null,"M","?","M","$","M","R","$","R","T","E","?","$","M","M","R","B",null,"M","T","$","M","M","R","?","E","T","$","?","R","M","?","R","B",null,"R","$","E","B",null],"character_chosen":"IRONCLAD","items_purchased":["Vajra","Metallicize","Shrug It Off"],"campfire_rested":0,"item_purchase_floors":[14,21,29],"current_hp_per_floor":[88,88,88,88,88,88,77,77,77,60,53,41,47,47,47,24,88,88,88,88,88,86,86,86,86,86,82,82,82,76,82,82,78,88,88,88,88,88,88,88,88,75,85,85,91,91,97,97,97,98,98,98,98,29,34],"gold":99,"neow_bonus":"TEN_PERCENT_HP_BONUS","is_prod":false,"is_daily":false,"chose_seed":false,"campfire_upgraded":9,"win_rate":0,"timestamp":1563669114,"path_taken":["M","?","$","M","M","R","?","R","T","E","?","E","M","$","R","BOSS","M","?","M","$","M","R","$","R","T","E","?","$","M","M","R","BOSS","M","?","$","M","M","R","?","E","T","$","?","R","M","?","R","BOSS","R","$","E","BOSS"],"build_version":"2019-07-17","purchased_purges":5,"victory":true,"max_hp_per_floor":[88,88,88,88,88,88,88,88,88,88,88,88,88,88,88,88,88,88,88,88,88,88,88,88,88,88,88,88,88,88,88,88,88,88,88,88,88,88,88,88,88,88,98,98,98,98,98,98,98,98,98,98,98,98,98],"card_choices":[{"not_picked":["Body Slam","Pummel"],"picked":"Flame Barrier","floor":1.0},{"not_picked":["Clash","Warcry"],"picked":"Body Slam","floor":4.0},{"not_picked":["Warcry","Double Tap"],"picked":"Shrug It Off","floor":5.0},{"not_picked":["Havoc","Intimidate","Thunderclap"],"picked":"SKIP","floor":10.0},{"not_picked":["Clash","Wild Strike","Warcry"],"picked":"SKIP","floor":12.0},{"not_picked":["Warcry","Headbutt","Thunderclap"],"picked":"SKIP","floor":13.0},{"not_picked":["Exhume","Immolate"],"picked":"Juggernaut","floor":16},{"not_picked":["Sword Boomerang"],"picked":"SKIP","floor":18},{"not_picked":["Feel No Pain"],"picked":"SKIP","floor":20},{"not_picked":["Armaments"],"picked":"SKIP","floor":22},{"not_picked":["Cleave"],"picked":"SKIP","floor":27},{"not_picked":["True Grit"],"picked":"SKIP","floor":30},{"not_picked":["Metallicize"],"picked":"SKIP","floor":31},{"not_picked":["Headbutt"],"picked":"SKIP","floor":35},{"not_picked":["Disarm"],"picked":"SKIP","floor":38},{"not_picked":["Clothesline"],"picked":"SKIP","floor":39},{"not_picked":["Cleave"],"picked":"SKIP","floor":42},{"not_picked":["Thunderclap+1"],"picked":"SKIP","floor":47},{"not_picked":["Perfected Strike"],"picked":"SKIP","floor":54}],"player_experience":719164,"relics_obtained":[{"floor":10.0,"key":"Self Forming Clay"},{"floor":26,"key":"Mummified Hand"},{"floor":27,"key":"MawBank"},{"floor":36,"key":"Boot"},{"floor":42,"key":"Frozen Egg 2"},{"floor":43,"key":"Pear"},{"floor":45,"key":"Charon\u0027s Ashes"},{"floor":54,"key":"Pantograph"}],"event_choices":[{"damage_healed":0.0,"max_hp_gain":0.0,"max_hp_loss":0.0,"gold_gain":0.0,"event_name":"Living Wall","player_choice":"Grow","floor":2.0,"gold_loss":0.0,"damage_taken":0.0,"cards_upgraded":["Flame Barrier"]},{"damage_healed":0.0,"max_hp_gain":0.0,"max_hp_loss":0.0,"gold_gain":75.0,"event_name":"World of Goop","player_choice":"Gather Gold","floor":7.0,"gold_loss":0.0,"damage_taken":11.0},{"cards_removed":["Strike_R"],"damage_healed":0.0,"max_hp_gain":0.0,"max_hp_loss":0.0,"gold_gain":0.0,"event_name":"Golden Wing","player_choice":"Card Removal","floor":11.0,"gold_loss":0.0,"damage_taken":7.0},{"damage_healed":0,"gold_gain":0,"player_choice":"Opened","damage_taken":0,"relics_obtained":["Potion Belt"],"max_hp_gain":0,"max_hp_loss":0,"event_name":"The Mausoleum","floor":19,"gold_loss":0,"cards_obtained":["Writhe"]},{"damage_healed":0,"gold_gain":0,"player_choice":"0 cards matched","damage_taken":0,"max_hp_gain":0,"max_hp_loss":0,"event_name":"Match and Keep!","floor":28,"gold_loss":0,"cards_obtained":[]},{"damage_healed":0,"gold_gain":0,"player_choice":"Ignored","damage_taken":0,"max_hp_gain":0,"max_hp_loss":0,"event_name":"Tomb of Lord Red Mask","floor":41,"gold_loss":0},{"damage_healed":0,"gold_gain":0,"player_choice":"Fight","damage_taken":0,"max_hp_gain":0,"max_hp_loss":0,"event_name":"MindBloom","floor":45,"gold_loss":0},{"cards_removed":["Bash"],"damage_healed":0,"gold_gain":0,"player_choice":"Removed Attack","damage_taken":0,"max_hp_gain":0,"max_hp_loss":0,"event_name":"Falling","floor":48,"gold_loss":0}],"is_beta":false,"boss_relics":[{"not_picked":["White Beast Statue","Runic Cube"],"picked":"Busted Crown"},{"not_picked":["Snecko Eye","Black Blood"],"picked":"Velvet Choker"}],"items_purged_floors":[14,21,29,37,53],"is_endless":false,"potions_floor_spawned":[1,4,12,16,22,27,31,33,45,47,54],"ascension_level":0}