{"gold_per_floor":[109,125,200,218,229,259,259,272,325,337,337,352,367,384,384,488,488,499,487,487,505,516,516,243,243,243,260,293,22,22,37,37,139,139,158,170,170,190,190],"floor_reached":39,"playtime":26895,"items_purged":[],"score":502,"play_id":"7335ea3b-d5dd-4fb0-ac31-4fb28ae46f29","local_time":"20190722021722","is_ascension_mode":true,"campfire_choices":[{"floor":11,"key":"REST"},{"floor":15,"key":"REST"},{"floor":23,"key":"REST"},{"data":"Accuracy","floor":30,"key":"SMITH"},{"data":"Night Terror","floor":32,"key":"SMITH"}],"neow_cost":"NONE","seed_source_timestamp":43965925568232,"circlet_count":0,"master_deck":["Survivor","Neutralize","Slice","Blade Dance","Backflip","Calculated Gamble","Cloak And Dagger","Predator","Slice","Backflip","Crippling Poison","Tools of the Trade","Heel Hook","Sucker Punch","After Image","PiercingWail","Reflex","Deadly Poison","Unload","Night Terror+1","Die Die Die","After Image","Slice+1","Blade Dance+1","Sucker Punch+1","Slice","Accuracy+1","Dodge and Roll","Infinite Blades","Cloak And Dagger","Envenom","Dodge and Roll+1","Footwork+1","Violence","PanicButton","Leg Sweep+1"],"relics":["Ring of the Snake","Paper Crane","Question Card","Tiny Chest","Pandora\u0027s Box","ClockworkSouvenir","MutagenicStrength","Art of War","Gremlin Horn","Lee\u0027s Waffle","HoveringKite"],"potions_floor_usage":[6,10,16,16,28,35,35],"damage_taken":[{"damage":1,"enemies":"Cultist","floor":1,"turns":4},{"damage":4,"enemies":"Jaw Worm","floor":2,"turns":6},{"damage":0,"enemies":"2 Louse","floor":4,"turns":2},{"damage":4,"enemies":"Blue Slaver","floor":5,"turns":5},{"damage":37,"enemies":"Gremlin Nob","floor":6,"turns":5},{"damage":2,"enemies":"3 Louse","floor":8,"turns":5},{"damage":1,"enemies":"Lots of Slimes","floor":10,"turns":3},{"damage":10,"enemies":"Exordium Thugs","floor":12,"turns":4},{"damage":0,"enemies":"2 Fungi Beasts","floor":13,"turns":3},{"damage":2,"enemies":"Blue Slaver","floor":14,"turns":4},{"damage":44,"enemies":"The Guardian","floor":16,"turns":20},{"damage":13,"enemies":"Chosen","floor":18,"turns":5},{"damage":19,"enemies":"2 Thieves","floor":19,"turns":4},{"damage":28,"enemies":"Chosen and Byrds","floor":21,"turns":5},{"damage":9,"enemies":"Cultist and Chosen","floor":22,"turns":6},{"damage":13,"enemies":"Shelled Parasite and Fungi","floor":27,"turns":5},{"damage":11,"enemies":"Gremlin Leader","floor":28,"turns":9},{"damage":9,"enemies":"Chosen and Byrds","floor":31,"turns":5},{"damage":16,"enemies":"Champ","floor":33,"turns":11},{"damage":0,"enemies":"3 Shapes","floor":35,"turns":3},{"damage":29,"enemies":"Orb Walker","floor":36,"turns":4},{"damage":13,"enemies":"3 Darklings","floor":38,"turns":2},{"damage":35,"enemies":"Spire Growth","floor":39,"turns":3}],"seed_played":"-3454099387800101500","potions_obtained":[{"floor":2,"key":"AttackPotion"},{"floor":8,"key":"Fire Potion"},{"floor":12,"key":"Ancient Potion"},{"floor":14,"key":"Weak Potion"},{"floor":16,"key":"SteroidPotion"},{"floor":19,"key":"LiquidBronze"},{"floor":21,"key":"Swift Potion"},{"floor":28,"key":"Fire Potion"},{"floor":33,"key":"Energy Potion"},{"floor":35,"key":"SkillPotion"},{"floor":38,"key":"Swift Potion"}],"is_trial":false,"path_per_floor":["M","M","?","M","M","E","T","M","T","M","R","M","M","M","R","B",null,"M","M","?","M","M","R","$","?","T","M","E","$","R","M","R","B",null,"M","M","?","M","M"],"character_chosen":"THE_SILENT","items_purchased":["Accuracy","ClockworkSouvenir","Lee\u0027s Waffle","Infinite Blades"],"campfire_rested":3,"item_purchase_floors":[24,24,29,29],"current_hp_per_floor":[76,72,61,61,57,20,20,18,18,17,40,30,30,28,51,7,77,64,45,45,17,8,31,31,31,31,18,7,84,84,75,75,59,84,84,55,45,32,0],"gold":190,"neow_bonus":"TEN_PERCENT_HP_BONUS","is_prod":false,"is_daily":false,"chose_seed":false,"campfire_upgraded":2,"win_rate":0,"timestamp":1563779842,"path_taken":["M","?","?","M","M","E","?","M","T","M","R","M","M","M","R","BOSS","M","M","?","M","M","R","$","?","T","?","E","?","R","M","R","BOSS","M","M","?","M","M"],"build_version":"2019-07-17","purchased_purges":0,"victory":false,"max_hp_per_floor":[77,77,77,77,77,77,77,77,77,77,77,77,77,77,77,77,77,77,77,77,77,77,77,77,77,77,77,77,84,84,84,84,84,84,84,84,84,84,84],"card_choices":[{"not_picked":["Dodge and Roll","Escape Plan"],"picked":"Slice","floor":1},{"not_picked":["Riddle With Holes","Masterful Stab"],"picked":"Blade Dance","floor":2},{"not_picked":["Quick Slash","Riddle With Holes"],"picked":"Backflip","floor":4},{"not_picked":["Flying Knee","PiercingWail"],"picked":"Calculated Gamble","floor":5},{"not_picked":["Dagger Spray","Sucker Punch"],"picked":"Cloak And Dagger","floor":6},{"not_picked":["Flechettes","Dagger Throw","Dagger Spray"],"picked":"Predator","floor":8},{"not_picked":["Bane","Prepared","Malaise"],"picked":"Slice","floor":10},{"not_picked":["PiercingWail","Distraction","Dagger Throw"],"picked":"Backflip","floor":12},{"not_picked":["Deadly Poison","Quick Slash","Dagger Spray"],"picked":"Crippling Poison","floor":13},{"not_picked":["Catalyst","Poisoned Stab","Underhanded Strike","Dagger Spray"],"picked":"SKIP","floor":14},{"not_picked":["Unload","Burst","Phantasmal Killer"],"picked":"Tools of the Trade","floor":16},{"not_picked":["Poisoned Stab","Crippling Poison+1","Catalyst"],"picked":"Slice+1","floor":18},{"not_picked":["Heel Hook","Deadly Poison","Bane"],"picked":"Blade Dance+1","floor":19},{"not_picked":["Dagger Spray","Dagger Throw","Deadly Poison"],"picked":"Sucker Punch+1","floor":21},{"not_picked":["Dagger Spray+1","Masterful Stab","Quick Slash"],"picked":"Slice","floor":22},{"not_picked":["Quick Slash","Blur","Tactician"],"picked":"Dodge and Roll","floor":27},{"not_picked":["Unload","Calculated Gamble","Backflip","Prepared+1"],"picked":"SKIP","floor":28},{"not_picked":["Deadly Poison","Dagger Throw","Dodge and Roll"],"picked":"Cloak And Dagger","floor":31},{"not_picked":["Phantasmal Killer","Wraith Form v2","Unload"],"picked":"Envenom","floor":33},{"not_picked":["Flying Knee+1","Catalyst","Dagger Throw+1"],"picked":"Dodge and Roll+1","floor":35},{"not_picked":["Blur","Calculated Gamble","Cloak And Dagger"],"picked":"Footwork+1","floor":36},{"not_picked":["Swift Strike","Blind","Madness"],"picked":"Violence","floor":37},{"not_picked":["Deep Breath","Panacea","Dramatic Entrance"],"picked":"PanicButton","floor":37},{"not_picked":["Eviscerate+1","Poisoned Stab+1","Dodge and Roll"],"picked":"Leg Sweep+1","floor":38}],"player_experience":466546,"relics_obtained":[{"floor":6,"key":"Paper Crane"},{"floor":7,"key":"Question Card"},{"floor":9,"key":"Tiny Chest"},{"floor":26,"key":"Art of War"},{"floor":28,"key":"Gremlin Horn"}],"event_choices":[{"damage_healed":0,"gold_gain":75,"player_choice":"Gather Gold","damage_taken":11,"max_hp_gain":0,"max_hp_loss":0,"event_name":"World of Goop","floor":3,"gold_loss":0},{"damage_healed":0,"gold_gain":0,"player_choice":"Ignored","damage_taken":0,"max_hp_gain":0,"max_hp_loss":0,"event_name":"Beggar","floor":20,"gold_loss":0},{"damage_healed":0,"gold_gain":0,"player_choice":"Inject Mutagens","damage_taken":0,"relics_obtained":["MutagenicStrength"],"max_hp_gain":0,"max_hp_loss":0,"event_name":"Drug Dealer","floor":25,"gold_loss":0},{"damage_healed":0,"gold_gain":0,"player_choice":"Memory 3","damage_taken":10,"max_hp_gain":0,"max_hp_loss":0,"event_name":"SensoryStone","floor":37,"gold_loss":0}],"is_beta":false,"boss_relics":[{"not_picked":["WristBlade","White Beast Statue"],"picked":"Pandora\u0027s Box"},{"not_picked":["Velvet Choker","Ring of the Serpent"],"picked":"HoveringKite"}],"items_purged_floors":[],"is_endless":false,"potions_floor_spawned":[2,8,12,14,16,19,21,28,33,35,38],"killed_by":"Spire Growth","ascension_level":2}