{"gold_per_floor":[116,116,134,150,150,183,200,219,288,306,326,326,356,356,356,454,454,468,486,504,522,79,79,89,189,237,264,10,29,49,68,68,165,165,184,194,194,214,263,263,37,57,57,57,57,57,57,69,69,69],"floor_reached":50,"playtime":2004,"items_purged":[],"score":580,"play_id":"51e25517-7ba5-409d-abf6-3a9544390d8d","local_time":"20181110115741","is_ascension_mode":false,"campfire_choices":[{"data":"Defragment","floor":12.0,"key":"SMITH"},{"data":"Buffer","floor":15.0,"key":"SMITH"},{"floor":23.0,"key":"REST"},{"floor":32.0,"key":"REST"},{"floor":40,"key":"DIG"},{"floor":46,"key":"DIG"},{"floor":49,"key":"DIG"}],"neow_cost":"NONE","seed_source_timestamp":0,"circlet_count":0,"master_deck":["Strike_B+1","Strike_B+1","Strike_B+1","Strike_B+1","Defend_B+1","Defend_B+1","Defend_B+1","Defend_B+1","Zap+1","Dualcast+1","Steam+1","Buffer+1","Self Repair+1","Defragment+1","Ball Lightning+1","Heatsinks+1","Electrodynamics+1","Thunder Strike+1","Hologram+1","Reboot+1","Panache+1","Capacitor+1","Writhe","Skim+1"],"special_seed":0,"relics":["Cracked Core","War Paint","Bag of Marbles","Singing Bowl","Pocketwatch","Fusion Hammer","FossilizedHelix","Dead Branch","Letter Opener","Whetstone","Boot","Symbiotic Virus","Cursed Key","Shovel","DataDisk","Centennial Puzzle","Omamori","Bottled Lightning","Mark of the Bloom","Meat on the Bone"],"potions_floor_usage":[38,39,50,50,50],"damage_taken":[{"damage":0.0,"enemies":"2 Louse","floor":1.0,"turns":2.0},{"damage":1.0,"enemies":"Jaw Worm","floor":3.0,"turns":4.0},{"damage":0.0,"enemies":"Small Slimes","floor":4.0,"turns":3.0},{"damage":15.0,"enemies":"Lagavulin","floor":6.0,"turns":10.0},{"damage":0.0,"enemies":"Looter","floor":7.0,"turns":3.0},{"damage":11.0,"enemies":"Gremlin Gang","floor":8.0,"turns":7.0},{"damage":9.0,"enemies":"Lots of Slimes","floor":10.0,"turns":5.0},{"damage":8.0,"enemies":"Exordium Thugs","floor":11.0,"turns":5.0},{"damage":8.0,"enemies":"3 Sentries","floor":13.0,"turns":7.0},{"damage":0.0,"enemies":"Slime Boss","floor":16.0,"turns":7.0},{"damage":10.0,"enemies":"Spheric Guardian","floor":18.0,"turns":4.0},{"damage":27.0,"enemies":"3 Byrds","floor":19.0,"turns":4.0},{"damage":3.0,"enemies":"3 Cultists","floor":20.0,"turns":3.0},{"damage":0.0,"enemies":"Centurion and Healer","floor":21.0,"turns":6.0},{"damage":7.0,"enemies":"Snake Plant","floor":24.0,"turns":5.0},{"damage":0.0,"enemies":"Colosseum Slavers","floor":25.0,"turns":4.0},{"damage":21.0,"enemies":"Colosseum Nobs","floor":25.0,"turns":4.0},{"damage":9.0,"enemies":"Gremlin Leader","floor":27.0,"turns":5.0},{"damage":0.0,"enemies":"Snecko","floor":29.0,"turns":4.0},{"damage":0.0,"enemies":"Chosen and Byrds","floor":30.0,"turns":4.0},{"damage":0.0,"enemies":"Snake Plant","floor":31.0,"turns":4.0},{"damage":18.0,"enemies":"Champ","floor":33.0,"turns":10.0},{"damage":0,"enemies":"3 Shapes","floor":35,"turns":3},{"damage":0,"enemies":"Orb Walker","floor":36,"turns":3},{"damage":20,"enemies":"Sphere and 2 Shapes","floor":38,"turns":4},{"damage":25,"enemies":"2 Orb Walkers","floor":39,"turns":5},{"damage":0,"enemies":"Maw","floor":42,"turns":6},{"damage":0,"enemies":"Writhing Mass","floor":48,"turns":4},{"damage":81,"enemies":"Awakened One","floor":50,"turns":7}],"seed_played":"494752984191247001","potions_obtained":[{"floor":7.0,"key":"Ancient Potion"},{"floor":10.0,"key":"Dexterity Potion"},{"floor":11.0,"key":"FearPotion"},{"floor":13.0,"key":"Fruit Juice"},{"floor":16.0,"key":"Dexterity Potion"},{"floor":20.0,"key":"PowerPotion"},{"floor":29.0,"key":"Fire Potion"},{"floor":33.0,"key":"GamblersBrew"},{"floor":35,"key":"Swift Potion"},{"floor":39,"key":"SkillPotion"},{"floor":48,"key":"Fire Potion"}],"is_trial":false,"path_per_floor":["M","$","M","M","$","E","M","M","T","M","M","R","E","?","R","B",null,"M","M","M","M","$","R","M","?","T","E","$","M","M","M","R","B",null,"M","M","?","M","?","R","$","M","T","$","?","R","?","M","R","B"],"character_chosen":"DEFECT","items_purchased":["FossilizedHelix","Thunder Strike","Symbiotic Virus","Capacitor","Centennial Puzzle"],"campfire_rested":2,"item_purchase_floors":[22,22,28,41,41],"current_hp_per_floor":[75,75,74,74,74,59,59,55,55,55,54,54,58,58,58,65,82,81,63,69,78,78,90,92,80,80,80,80,87,96,100,100,89,100,102,104,104,93,70,70,70,79,79,79,79,79,79,79,79,0],"gold":69,"neow_bonus":"RANDOM_COMMON_RELIC","is_prod":false,"is_daily":false,"chose_seed":false,"campfire_upgraded":2,"win_rate":0,"timestamp":1541843861,"path_taken":["M","$","M","M","$","E","M","M","T","M","M","R","E","?","R","BOSS","M","M","M","M","$","R","M","?","T","E","$","M","M","M","R","BOSS","M","M","?","M","?","R","$","M","T","$","?","R","?","M","R","BOSS"],"build_version":"2018-11-08","purchased_purges":0,"victory":false,"max_hp_per_floor":[75,75,75,75,75,75,75,75,75,77,77,77,82,82,82,82,82,84,86,88,90,90,90,92,94,94,96,96,96,98,100,100,100,100,102,104,104,106,108,108,108,110,110,110,110,110,110,110,110,110],"card_choices":[{"not_picked":["Streamline","Sweeping Beam","Cold Snap"],"picked":"SKIP","floor":1.0},{"not_picked":["Steam Power","Chill"],"picked":"Conserve Battery","floor":3.0},{"not_picked":["Sunder","Stack"],"picked":"Steam","floor":4.0},{"not_picked":["Leap","Capacitor"],"picked":"Buffer","floor":6.0},{"not_picked":["Chaos","Conserve Battery"],"picked":"Self Repair","floor":7.0},{"not_picked":["Rebound","Steam"],"picked":"Defragment","floor":8.0},{"not_picked":["Rebound","FTL","All For One"],"picked":"Singing Bowl","floor":10.0},{"not_picked":["Darkness","Stack"],"picked":"Ball Lightning","floor":11.0},{"not_picked":["Go for the Eyes","Chill"],"picked":"Heatsinks","floor":13.0},{"not_picked":["Fission","Echo Form"],"picked":"Electrodynamics","floor":16.0},{"not_picked":["Rip and Tear","Gash","Ball Lightning"],"picked":"Singing Bowl","floor":18.0},{"not_picked":["Chaos","Rip and Tear+1","Steam Power"],"picked":"Singing Bowl","floor":19.0},{"not_picked":["Sweeping Beam","Chill","Steam+1"],"picked":"Singing Bowl","floor":20.0},{"not_picked":["Redo","Ball Lightning+1","Rebound"],"picked":"Singing Bowl","floor":21.0},{"not_picked":["Beam Cell","Hello World+1","Steam"],"picked":"Singing Bowl","floor":24.0},{"not_picked":["Turbo","Darkness","Leap"],"picked":"Singing Bowl","floor":25.0},{"not_picked":["Blizzard","FTL+1","Hyperbeam"],"picked":"Singing Bowl","floor":27.0},{"not_picked":["Beam Cell","Coolheaded"],"picked":"Hologram+1","floor":29.0},{"not_picked":["Compile Driver+1","Cold Snap","Rebound"],"picked":"Singing Bowl","floor":30.0},{"not_picked":["Beam Cell","Self Repair","Hello World"],"picked":"Singing Bowl","floor":31.0},{"not_picked":["Buffer","Fission"],"picked":"Reboot","floor":33.0},{"not_picked":["FTL+1","Doom and Gloom+1","Darkness+1"],"picked":"Singing Bowl","floor":35},{"not_picked":["Stack+1","Hologram+1","Consume+1"],"picked":"Singing Bowl","floor":36},{"not_picked":["Blind","Discovery"],"picked":"Panache","floor":37},{"not_picked":["Streamline","Chill","Consume"],"picked":"Singing Bowl","floor":38},{"not_picked":["Undo","Consume","Doom and Gloom+1"],"picked":"Singing Bowl","floor":39},{"not_picked":["Leap+1","Consume","Barrage+1"],"picked":"Singing Bowl","floor":42},{"not_picked":["FTL+1","Turbo+1"],"picked":"Skim+1","floor":48}],"player_experience":448487,"relics_obtained":[{"floor":6.0,"key":"Bag of Marbles"},{"floor":9.0,"key":"Singing Bowl"},{"floor":13.0,"key":"Pocketwatch"},{"floor":25.0,"key":"Dead Branch"},{"floor":25.0,"key":"Letter Opener"},{"floor":26.0,"key":"Whetstone"},{"floor":27.0,"key":"Boot"},{"floor":39,"key":"Shovel"},{"floor":40,"key":"DataDisk"},{"floor":43,"key":"Omamori"},{"floor":46,"key":"Bottled Lightning"},{"floor":49,"key":"Meat on the Bone"}],"event_choices":[{"damage_healed":0.0,"max_hp_gain":0.0,"max_hp_loss":0.0,"gold_gain":0.0,"event_name":"Liars Game","player_choice":"Ignored","floor":14.0,"gold_loss":0.0,"damage_taken":0.0},{"damage_healed":0.0,"max_hp_gain":0.0,"max_hp_loss":0.0,"gold_gain":0.0,"event_name":"Colosseum","player_choice":"Fight","floor":25.0,"gold_loss":0.0,"damage_taken":0.0},{"damage_healed":0.0,"max_hp_gain":0.0,"max_hp_loss":0.0,"gold_gain":0.0,"event_name":"Colosseum","player_choice":"Fought Nobs","floor":25.0,"gold_loss":0.0,"damage_taken":0.0},{"damage_healed":0,"gold_gain":0,"player_choice":"Memory 1","damage_taken":0,"max_hp_gain":0,"max_hp_loss":0,"event_name":"SensoryStone","floor":37,"gold_loss":0},{"damage_healed":0,"gold_gain":0,"player_choice":"Fight","damage_taken":0,"max_hp_gain":0,"max_hp_loss":0,"event_name":"Mysterious Sphere","floor":39,"gold_loss":0},{"cards_removed":["Conserve Battery"],"damage_healed":0,"gold_gain":0,"player_choice":"Removed Skill","damage_taken":0,"max_hp_gain":0,"max_hp_loss":0,"event_name":"Falling","floor":45,"gold_loss":0},{"damage_healed":0,"gold_gain":0,"player_choice":"Upgrade","damage_taken":0,"relics_obtained":["Mark of the Bloom"],"max_hp_gain":0,"max_hp_loss":0,"event_name":"MindBloom","floor":47,"gold_loss":0,"cards_upgraded":["Strike_B","Strike_B","Defend_B","Defend_B","Zap","Dualcast","Steam","Self Repair","Ball Lightning","Heatsinks","Electrodynamics","Thunder Strike","Reboot","Panache","Capacitor"]}],"is_beta":false,"boss_relics":[{"not_picked":["Pandora\u0027s Box","Ectoplasm"],"picked":"Fusion Hammer"},{"not_picked":["Black Star","White Beast Statue"],"picked":"Cursed Key"}],"items_purged_floors":[],"is_endless":false,"potions_floor_spawned":[7,10,11,13,16,20,21,24,29,30,33,35,39,48],"killed_by":"Awakened One","ascension_level":0}