{"gold_per_floor":[210,210,223,238,238,238,248,248,248,267,299,316,327,338,338,438,438,449,461,461,282,282,282,282,282,305,305,317,335,347,379,379,482,482,493,510,529,529,372,390,416,269,269,169,186,199,199,216,216,216],"floor_reached":51,"playtime":1447,"items_purged":["Pain","Pain"],"score":730,"play_id":"d768bdd4-09e7-42fd-8a42-a892a4d0dd03","local_time":"20180806111847","is_ascension_mode":false,"campfire_choices":[{"data":"Sword Boomerang","floor":6.0,"key":"SMITH"},{"data":"Bash","floor":8.0,"key":"SMITH"},{"data":"Demon Form","floor":15.0,"key":"SMITH"},{"data":"Apotheosis","floor":23.0,"key":"SMITH"},{"data":"Limit Break","floor":25.0,"key":"SMITH"},{"data":"Battle Trance","floor":27.0,"key":"SMITH"},{"floor":32.0,"key":"REST"},{"data":"Evolve","floor":47,"key":"SMITH"},{"floor":49,"key":"REST"}],"neow_cost":"NONE","seed_source_timestamp":324943303278537,"circlet_count":0,"master_deck":["Defend_R","Defend_R","Defend_R","Defend_R","Bash+1","Sword Boomerang+1","Demon Form+1","Twin Strike","Limit Break+1","Battle Trance+1","Bite","Bite","Bite","Bite","Bite","Apotheosis+1","Shrug It Off","Feed+1","Evolve+1","Cleave+1","Sword Boomerang+1"],"special_seed":0,"relics":["Burning Blood","Singing Bowl","Bag of Preparation","Cursed Key","Potion Belt","Oddly Smooth Stone","Sozu","Meat on the Bone","Bag of Marbles","Bottled Tornado"],"potions_floor_usage":[50,50,50,50],"damage_taken":[{"damage":6.0,"enemies":"Cultist","floor":1.0,"turns":4.0},{"damage":0.0,"enemies":"Small Slimes","floor":3.0,"turns":3.0},{"damage":6.0,"enemies":"Jaw Worm","floor":4.0,"turns":3.0},{"damage":14.0,"enemies":"Blue Slaver","floor":7.0,"turns":3.0},{"damage":12.0,"enemies":"2 Fungi Beasts","floor":10.0,"turns":3.0},{"damage":35.0,"enemies":"3 Sentries","floor":11.0,"turns":7.0},{"damage":3.0,"enemies":"Red Slaver","floor":12.0,"turns":4.0},{"damage":9.0,"enemies":"3 Louse","floor":13.0,"turns":4.0},{"damage":24.0,"enemies":"Lots of Slimes","floor":14.0,"turns":5.0},{"damage":17.0,"enemies":"The Guardian","floor":16.0,"turns":7.0},{"damage":17.0,"enemies":"Spheric Guardian","floor":18.0,"turns":4.0},{"damage":29.0,"enemies":"Shell Parasite","floor":19.0,"turns":4.0},{"damage":31.0,"enemies":"Centurion and Healer","floor":28.0,"turns":5.0},{"damage":12.0,"enemies":"Cultist and Chosen","floor":29.0,"turns":4.0},{"damage":31.0,"enemies":"Snecko","floor":30.0,"turns":6.0},{"damage":45.0,"enemies":"Book of Stabbing","floor":31.0,"turns":4.0},{"damage":66.0,"enemies":"Automaton","floor":33.0,"turns":7.0},{"damage":10.0,"enemies":"Flame Bruiser 1 Orb","floor":35.0,"turns":4.0},{"damage":22.0,"enemies":"3 Shapes","floor":36.0,"turns":5.0},{"damage":30,"enemies":"Flame Bruiser 2 Orb","floor":37,"turns":6},{"damage":21,"enemies":"Transient","floor":40,"turns":5},{"damage":18,"enemies":"Nemesis","floor":41,"turns":5},{"damage":24,"enemies":"Spire Growth","floor":45,"turns":4},{"damage":20,"enemies":"3 Darklings","floor":46,"turns":3},{"damage":0,"enemies":"Transient","floor":48,"turns":5},{"damage":78,"enemies":"Awakened One","floor":50,"turns":7}],"seed_played":"8166919703749219454","potions_obtained":[{"floor":3.0,"key":"SmokeBomb"},{"floor":11.0,"key":"EssenceOfSteel"},{"floor":13.0,"key":"Swift Potion"},{"floor":16.0,"key":"SteroidPotion"},{"floor":28.0,"key":"Ancient Potion"},{"floor":29.0,"key":"Energy Potion"},{"floor":33.0,"key":"FearPotion"}],"is_trial":false,"path_per_floor":["M","$","M","M","$","R","M","R","T","M","E","M","M","M","R","B",null,"M","M","?","$","?","R","$","R","T","R","M","M","M","E","R","B",null,"M","M","M","?","$","M","E","$","T","$","M","M","R","M","R","B"],"character_chosen":"IRONCLAD","items_purchased":["Apotheosis","Evolve","Bag of Marbles"],"campfire_rested":2,"item_purchase_floors":[21,39,42],"current_hp_per_floor":[80,80,80,80,80,80,72,72,72,68,39,44,43,25,25,14,86,77,54,54,54,54,54,54,54,54,54,40,57,49,30,50,20,69,71,67,72,72,72,79,81,81,81,81,73,67,67,89,89,46],"gold":216,"neow_bonus":"HUNDRED_GOLD","is_prod":false,"is_daily":false,"chose_seed":false,"campfire_upgraded":7,"win_rate":0,"timestamp":1533543527,"path_taken":["M","$","M","M","$","R","M","R","T","M","E","?","M","M","R","BOSS","M","M","?","$","?","R","$","R","T","R","M","M","M","E","R","BOSS","M","M","M","?","$","M","E","$","T","$","M","M","R","M","R","BOSS"],"build_version":"2018-08-02","purchased_purges":2,"victory":true,"max_hp_per_floor":[80,80,80,80,80,80,80,80,80,82,82,84,86,86,86,86,86,88,88,61,61,61,61,61,61,61,61,63,65,67,69,69,69,69,71,77,79,79,79,79,81,81,81,81,85,87,87,89,89,89],"card_choices":[{"not_picked":["Iron Wave","Evolve","Heavy Blade"],"picked":"SKIP","floor":1.0},{"not_picked":["Shrug It Off","Pommel Strike","Wild Strike"],"picked":"SKIP","floor":3.0},{"not_picked":["Searing Blow","Dual Wield"],"picked":"Sword Boomerang","floor":4.0},{"not_picked":["Fiend Fire","Anger","Wild Strike"],"picked":"SKIP","floor":7.0},{"not_picked":["Evolve","True Grit","Sentinel"],"picked":"Singing Bowl","floor":10.0},{"not_picked":["True Grit","Spot Weakness"],"picked":"Demon Form","floor":11.0},{"not_picked":["Havoc","Thunderclap","Perfected Strike"],"picked":"Singing Bowl","floor":12.0},{"not_picked":["Headbutt","Perfected Strike","Evolve"],"picked":"Singing Bowl","floor":13.0},{"not_picked":["Headbutt","Sentinel"],"picked":"Twin Strike","floor":14.0},{"not_picked":["Bludgeon","Demon Form"],"picked":"Limit Break","floor":16.0},{"not_picked":["Perfected Strike","Dropkick","Warcry+1"],"picked":"Singing Bowl","floor":18.0},{"not_picked":["Warcry","Reaper"],"picked":"Battle Trance","floor":19.0},{"not_picked":["Flex","Bloodletting+1","Headbutt+1"],"picked":"Singing Bowl","floor":28.0},{"not_picked":["Perfected Strike","Clothesline","Cleave"],"picked":"Singing Bowl","floor":29.0},{"not_picked":["Twin Strike","Fiend Fire","Fire Breathing+1"],"picked":"Singing Bowl","floor":30.0},{"not_picked":["Carnage","Iron Wave","Twin Strike"],"picked":"Singing Bowl","floor":31.0},{"not_picked":["Reaper","Barricade"],"picked":"Feed","floor":33.0},{"not_picked":["Shrug It Off","Wild Strike+1","Thunderclap+1"],"picked":"Singing Bowl","floor":35.0},{"not_picked":["Pummel","Anger","Inflame+1"],"picked":"Singing Bowl","floor":36.0},{"not_picked":["True Grit","Clothesline+1","Iron Wave+1"],"picked":"Singing Bowl","floor":37},{"not_picked":["Sword Boomerang","Wild Strike+1"],"picked":"Cleave+1","floor":40},{"not_picked":["Second Wind","Cleave","Thunderclap+1"],"picked":"Singing Bowl","floor":41},{"not_picked":["Searing Blow+1","Warcry"],"picked":"Sword Boomerang+1","floor":45},{"not_picked":["Blood for Blood","Inflame+1","Corruption+1"],"picked":"Singing Bowl","floor":46},{"not_picked":["Sever Soul","Metallicize+1","Searing Blow"],"picked":"Singing Bowl","floor":48}],"player_experience":291457,"relics_obtained":[{"floor":9.0,"key":"Singing Bowl"},{"floor":11.0,"key":"Bag of Preparation"},{"floor":26.0,"key":"Potion Belt"},{"floor":31.0,"key":"Oddly Smooth Stone"},{"floor":41,"key":"Meat on the Bone"},{"floor":43,"key":"Bottled Tornado"}],"event_choices":[{"event_name":"Vampires","player_choice":"Became a vampire","floor":20.0,"damage_taken":0.0},{"event_name":"The Library","player_choice":"Read","floor":22.0,"damage_taken":0.0},{"event_name":"Upgrade Shrine","player_choice":"Upgraded","floor":38,"damage_taken":0}],"is_beta":false,"boss_relics":[{"not_picked":["Astrolabe","Pandora\u0027s Box"],"picked":"Cursed Key"},{"not_picked":["Velvet Choker","Mark of Pain"],"picked":"Sozu"}],"items_purged_floors":[39,44],"is_endless":false,"potions_floor_spawned":[3,11,13,14,16,28,29,33,35,40],"ascension_level":0}