{"gold_per_floor":[109,122,137,111,111,143,143,188,213,213,134,134,154,184,184,280,280,300,312,111,129,142,142,173,133,158,158,176,176,176,186,186,291,291,302,302,64,64,78,110,123,123,123,143,163,175,175,206,206,206],"floor_reached":51,"playtime":9800,"items_purged":[],"score":812,"play_id":"81a65eb3-ae77-4278-a273-119671b4bb37","local_time":"20190726123716","is_ascension_mode":false,"campfire_choices":[{"data":"Hologram","floor":7,"key":"SMITH"},{"floor":15,"key":"REST"},{"data":"Streamline","floor":23,"key":"SMITH"},{"data":"Defragment","floor":32,"key":"SMITH"},{"data":"Buffer","floor":42,"key":"SMITH"},{"floor":49,"key":"REST"}],"neow_cost":"NONE","seed_source_timestamp":1107710841291594,"circlet_count":0,"master_deck":["Strike_B","Strike_B","Defend_B","Defend_B","Defend_B","Zap","Dualcast","Go for the Eyes","Gash","Cold Snap","Hologram+1","Blizzard","All For One","Reinforced Body+1","Compile Driver","Fission+1","Barrage","Heatsinks","Steam+1","Steam+1","Streamline+1","Coolheaded+1","Reinforced Body+1","Compile Driver","Double Energy+1","Defragment+1","Buffer+1","Conserve Battery+1","Glacier+1","Conserve Battery+1","Coolheaded+1","Hologram+1","Barrage","Streamline+1","Barrage+1","Madness+1"],"relics":["Cracked Core","Regal Pillow","Happy Flower","Omamori","Toxic Egg 2","Meat on the Bone","Busted Crown","Bag of Preparation","Pen Nib","Ancient Tea Set","Boot","Inserter","Chemical X","Nunchaku","Pocketwatch","Ice Cream"],"potions_floor_usage":[13,21,33,44,50,50,50],"damage_taken":[{"damage":0,"enemies":"Cultist","floor":1,"turns":4},{"damage":7,"enemies":"2 Louse","floor":2,"turns":2},{"damage":1,"enemies":"Jaw Worm","floor":3,"turns":3},{"damage":23,"enemies":"Gremlin Nob","floor":6,"turns":5},{"damage":0,"enemies":"Large Slime","floor":13,"turns":4},{"damage":13,"enemies":"Lagavulin","floor":14,"turns":6},{"damage":40,"enemies":"The Guardian","floor":16,"turns":11},{"damage":11,"enemies":"3 Byrds","floor":18,"turns":5},{"damage":12,"enemies":"2 Thieves","floor":19,"turns":5},{"damage":2,"enemies":"Centurion and Healer","floor":21,"turns":6},{"damage":20,"enemies":"Cultist and Chosen","floor":22,"turns":7},{"damage":16,"enemies":"Slavers","floor":24,"turns":8},{"damage":6,"enemies":"Shelled Parasite and Fungi","floor":28,"turns":3},{"damage":0,"enemies":"Chosen and Byrds","floor":31,"turns":3},{"damage":0,"enemies":"Champ","floor":33,"turns":13},{"damage":7,"enemies":"Orb Walker","floor":35,"turns":3},{"damage":20,"enemies":"3 Darklings","floor":39,"turns":7},{"damage":12,"enemies":"Nemesis","floor":40,"turns":9},{"damage":0,"enemies":"Maw","floor":41,"turns":10},{"damage":9,"enemies":"4 Shapes","floor":44,"turns":6},{"damage":0,"enemies":"Spire Growth","floor":45,"turns":5},{"damage":0,"enemies":"3 Darklings","floor":46,"turns":5},{"damage":1,"enemies":"Reptomancer","floor":48,"turns":9},{"damage":0,"enemies":"Time Eater","floor":50,"turns":11}],"seed_played":"-3828270137594925112","potions_obtained":[{"floor":2,"key":"Regen Potion"},{"floor":16,"key":"FearPotion"},{"floor":18,"key":"FocusPotion"},{"floor":19,"key":"Block Potion"},{"floor":31,"key":"Ancient Potion"},{"floor":39,"key":"Dexterity Potion"},{"floor":44,"key":"Strength Potion"},{"floor":46,"key":"SkillPotion"}],"is_trial":false,"path_per_floor":["M","M","M","$","?","E","R","T","T","?","$","T","M","E","R","B",null,"M","M","$","M","M","R","E","$","T","?","M","?","?","M","R","B",null,"M","?","$","?","M","E","M","R","T","M","M","M","?","E","R","B",null],"character_chosen":"DEFECT","items_purchased":["Hologram","All For One","Bag of Preparation","Steam+1","Reinforced Body+1","Glacier+1","Chemical X"],"campfire_rested":2,"item_purchase_floors":[4,11,20,20,25,37,37],"current_hp_per_floor":[82,75,74,74,67,44,44,44,44,44,44,44,56,43,82,42,82,71,59,59,57,49,49,45,45,45,45,51,51,51,51,51,51,82,75,75,75,75,55,43,43,43,43,46,46,46,46,45,78,78],"gold":206,"neow_bonus":"TEN_PERCENT_HP_BONUS","is_prod":false,"is_daily":false,"chose_seed":false,"campfire_upgraded":4,"win_rate":0.0,"timestamp":1564162636,"path_taken":["M","?","M","$","?","E","R","?","T","?","$","?","M","E","R","BOSS","M","M","$","M","M","R","E","$","T","?","?","?","?","M","R","BOSS","M","?","$","?","M","E","M","R","T","?","M","M","?","E","R","BOSS"],"build_version":"2019-07-17","purchased_purges":0,"victory":true,"max_hp_per_floor":[82,82,82,82,82,82,82,82,82,82,82,82,82,82,82,82,82,82,82,82,82,82,82,82,82,82,82,82,82,82,82,82,82,82,82,82,82,78,78,78,78,78,78,78,78,78,78,78,78,78],"card_choices":[{"not_picked":["Streamline","Compile Driver"],"picked":"Go for the Eyes","floor":1},{"not_picked":["Stack","Compile Driver"],"picked":"Gash","floor":2},{"not_picked":["Sweeping Beam","Blizzard"],"picked":"Cold Snap","floor":3},{"not_picked":["Conserve Battery","Beam Cell"],"picked":"Blizzard","floor":6},{"not_picked":["Coolheaded+1","Cold Snap"],"picked":"Reinforced Body+1","floor":13},{"not_picked":["Storm","Fusion+1"],"picked":"Compile Driver","floor":14},{"not_picked":["Reboot+1","All For One"],"picked":"Fission+1","floor":16},{"not_picked":[],"picked":"Barrage","floor":18},{"not_picked":[],"picked":"Heatsinks","floor":19},{"not_picked":[],"picked":"Steam+1","floor":21},{"not_picked":[],"picked":"Streamline","floor":22},{"not_picked":[],"picked":"Coolheaded+1","floor":24},{"not_picked":[],"picked":"Double Energy+1","floor":28},{"not_picked":[],"picked":"Defragment","floor":31},{"not_picked":[],"picked":"Buffer","floor":33},{"not_picked":[],"picked":"Conserve Battery+1","floor":35},{"not_picked":[],"picked":"Conserve Battery+1","floor":39},{"not_picked":[],"picked":"Coolheaded+1","floor":40},{"not_picked":[],"picked":"Hologram+1","floor":41},{"not_picked":[],"picked":"Barrage","floor":44},{"not_picked":[],"picked":"Streamline+1","floor":45},{"not_picked":[],"picked":"Barrage+1","floor":46},{"not_picked":[],"picked":"Madness+1","floor":47},{"not_picked":["Barrage"],"picked":"SKIP","floor":48}],"player_experience":29797,"relics_obtained":[{"floor":6,"key":"Regal Pillow"},{"floor":8,"key":"Happy Flower"},{"floor":9,"key":"Omamori"},{"floor":12,"key":"Toxic Egg 2"},{"floor":14,"key":"Meat on the Bone"},{"floor":24,"key":"Pen Nib"},{"floor":26,"key":"Ancient Tea Set"},{"floor":40,"key":"Nunchaku"},{"floor":43,"key":"Pocketwatch"},{"floor":48,"key":"Ice Cream"}],"event_choices":[{"cards_removed":["Strike_B"],"damage_healed":0,"gold_gain":0,"player_choice":"Card Removal","damage_taken":7,"max_hp_gain":0,"max_hp_loss":0,"event_name":"Golden Wing","floor":5,"gold_loss":0},{"cards_removed":["Defend_B"],"damage_healed":0,"gold_gain":0,"player_choice":"Forget","damage_taken":0,"max_hp_gain":0,"max_hp_loss":0,"event_name":"Living Wall","floor":10,"gold_loss":0},{"damage_healed":0,"gold_gain":0,"cards_transformed":["Strike_B"],"player_choice":"Transformed","damage_taken":0,"max_hp_gain":0,"max_hp_loss":0,"event_name":"Transmorgrifier","floor":27,"gold_loss":0,"cards_obtained":["Compile Driver"]},{"damage_healed":0,"gold_gain":0,"player_choice":"Opened","damage_taken":0,"relics_obtained":["Boot"],"max_hp_gain":0,"max_hp_loss":0,"event_name":"The Mausoleum","floor":29,"gold_loss":0,"cards_obtained":["Writhe"]},{"damage_healed":0,"gold_gain":0,"player_choice":"Ignored","damage_taken":0,"max_hp_gain":0,"max_hp_loss":0,"event_name":"Beggar","floor":30,"gold_loss":0},{"damage_healed":0,"gold_gain":0,"player_choice":"Ignored","damage_taken":0,"max_hp_gain":0,"max_hp_loss":0,"event_name":"Tomb of Lord Red Mask","floor":36,"gold_loss":0},{"damage_healed":0,"gold_gain":0,"player_choice":"Max HP","damage_taken":0,"max_hp_gain":0,"max_hp_loss":4,"event_name":"Winding Halls","floor":38,"gold_loss":0},{"damage_healed":0,"gold_gain":0,"player_choice":"Memory 1","damage_taken":0,"max_hp_gain":0,"max_hp_loss":0,"event_name":"SensoryStone","floor":47,"gold_loss":0}],"is_beta":false,"boss_relics":[{"not_picked":["Tiny House","Lizard Tail"],"picked":"Busted Crown"},{"not_picked":["Calling Bell","Snecko Eye"],"picked":"Inserter"}],"items_purged_floors":[],"is_endless":false,"potions_floor_spawned":[2,16,18,19,31,39,44,46,48],"ascension_level":0}