{"path_per_floor":["M","M","$","M","M","R","E","R","T","M","M","R","M","?","R","B",null,"M","$","M","$","?","E","R","M","T","M","R","M","M","M","R","B",null,"M","M","$","?","$","R","M","M","T","M","M","M","R","M","R","B"],"character_chosen":"THE_SILENT","items_purchased":["Footwork","Lantern","Leg Sweep","Calculated Gamble","Shovel","Escape Plan"],"gold_per_floor":[214,225,3,21,34,34,59,59,59,77,96,96,106,129,129,230,230,246,174,189,109,109,142,142,154,181,196,196,212,223,238,238,341,341,351,371,71,71,2,2,14,31,31,47,65,76,76,87,87,87],"floor_reached":51,"campfire_rested":0,"playtime":2475,"item_purchase_floors":[],"current_hp_per_floor":[70,70,70,70,68,68,57,57,57,57,57,57,55,55,55,41,70,70,70,61,61,61,61,61,60,60,60,60,60,51,51,51,51,70,70,70,70,70,70,70,70,70,70,70,70,70,70,70,70,67],"items_purged":[],"gold":87,"score":754,"play_id":"6f06f352-4c27-4bdb-b0fb-d0dbd3cff358","local_time":"20180616222707","is_prod":false,"is_daily":false,"chose_seed":false,"is_ascension_mode":false,"campfire_upgraded":7,"win_rate":0,"timestamp":1529177227,"campfire_choices":[{"data":"Noxious Fumes","floor":6.0,"key":"SMITH"},{"data":"Footwork","floor":8.0,"key":"SMITH"},{"data":"Bullet Time","floor":12.0,"key":"SMITH"},{"data":"Neutralize","floor":15.0,"key":"SMITH"},{"data":"Calculated Gamble","floor":24.0,"key":"SMITH"},{"data":"Crippling Poison","floor":28.0,"key":"SMITH"},{"data":"After Image","floor":32.0,"key":"SMITH"},{"floor":40,"key":"DIG"},{"floor":47,"key":"DIG"},{"floor":49,"key":"DIG"}],"path_taken":["M","M","$","M","M","R","E","R","T","M","M","R","M","?","R","BOSS","M","$","M","$","?","E","R","M","T","M","R","M","M","M","R","BOSS","M","M","$","?","$","R","M","?","T","M","M","M","R","M","R","BOSS"],"build_version":"2018-06-14v2","seed_source_timestamp":102824315063645,"purchased_purges":0,"victory":true,"master_deck":["Defend_G","Defend_G","Defend_G","Defend_G","Defend_G","Strike_G","Strike_G","Strike_G","Strike_G","Strike_G","Survivor","Neutralize+1","Poisoned Stab","Footwork+1","Noxious Fumes+1","Blur","Bullet Time+1","Backflip","After Image+1","Backflip","Leg Sweep","Crippling Poison","Calculated Gamble+1","Crippling Poison+1","Cloak And Dagger","Backflip","Adrenaline","Noxious Fumes+1","Escape Plan","Caltrops","Deflect+1","Deflect+1"],"max_hp_per_floor":[70,70,70,70,70,70,70,70,70,70,70,70,70,70,70,70,70,70,70,70,70,70,70,70,70,70,70,70,70,70,70,70,70,70,70,70,70,70,70,70,70,70,70,70,70,70,70,70,70,70],"special_seed":0,"relics":["Ring of the Snake","Lantern","Anchor","Molten Egg 2","Odd Mushroom","Sozu","Calipers","Omamori","Busted Crown","Shovel","Du-Vu Doll","Smiling Mask","Bottled Flame","Toxic Egg 2"],"card_choices":[{"not_picked":["Underhanded Strike","PiercingWail"],"picked":"Poisoned Stab","floor":1.0},{"not_picked":["Quick Slash","Concentrate","Riddle With Holes"],"picked":"SKIP","floor":2.0},{"not_picked":["Terror","Flying Knee","Underhanded Strike"],"picked":"SKIP","floor":4.0},{"not_picked":["Bane","Slice"],"picked":"Noxious Fumes","floor":5.0},{"not_picked":["PiercingWail","Concentrate","Prepared"],"picked":"SKIP","floor":7.0},{"not_picked":["Sucker Punch+1","Heel Hook+1"],"picked":"Blur","floor":10.0},{"not_picked":["Quick Slash+1","Slice+1"],"picked":"Bullet Time","floor":11.0},{"not_picked":["Deadly Poison","Heel Hook+1"],"picked":"Backflip","floor":13.0},{"not_picked":["Finisher+1","Acrobatics"],"picked":"Poisoned Stab+1","floor":14.0},{"not_picked":["Wraith Form v2","Venomology"],"picked":"After Image","floor":16.0},{"not_picked":["Cloak And Dagger+1","Sucker Punch+1"],"picked":"Backflip","floor":18.0},{"not_picked":["Leg Sweep+1","Accuracy"],"picked":"Crippling Poison","floor":20.0},{"not_picked":["Prepared","PiercingWail+1","Underhanded Strike+1"],"picked":"SKIP","floor":23.0},{"not_picked":["Flying Knee+1","Glass Knife+1"],"picked":"Crippling Poison","floor":25.0},{"not_picked":["Acrobatics+1","PiercingWail","Deadly Poison"],"picked":"SKIP","floor":27.0},{"not_picked":["Poisoned Stab+1","Glass Knife+1"],"picked":"Cloak And Dagger","floor":29.0},{"not_picked":["Deflect","Dagger Throw+1"],"picked":"Backflip","floor":30.0},{"not_picked":["Outmaneuver+1","Concentrate","Reflex"],"picked":"SKIP","floor":31.0},{"not_picked":["Storm of Steel","Die Die Die+1"],"picked":"Adrenaline","floor":33},{"not_picked":["Reflex+1"],"picked":"SKIP","floor":35},{"not_picked":[],"picked":"Noxious Fumes+1","floor":36},{"not_picked":["Malaise+1"],"picked":"SKIP","floor":41},{"not_picked":[],"picked":"Caltrops","floor":42},{"not_picked":[],"picked":"Deflect+1","floor":44},{"not_picked":[],"picked":"Deflect+1","floor":45},{"not_picked":["Flying Knee+1"],"picked":"SKIP","floor":46},{"not_picked":["Acrobatics"],"picked":"SKIP","floor":48}],"player_experience":141370,"potions_floor_usage":[33],"damage_taken":[{"damage":0.0,"enemies":"Jaw Worm","floor":1.0,"turns":5.0},{"damage":0.0,"enemies":"Small Slimes","floor":2.0,"turns":3.0},{"damage":0.0,"enemies":"2 Louse","floor":4.0,"turns":3.0},{"damage":2.0,"enemies":"Large Slime","floor":5.0,"turns":8.0},{"damage":11.0,"enemies":"Gremlin Nob","floor":7.0,"turns":4.0},{"damage":0.0,"enemies":"Red Slaver","floor":10.0,"turns":5.0},{"damage":0.0,"enemies":"2 Fungi Beasts","floor":11.0,"turns":4.0},{"damage":2.0,"enemies":"Exordium Wildlife","floor":13.0,"turns":4.0},{"damage":0.0,"floor":14.0,"turns":5.0},{"damage":14.0,"enemies":"The Guardian","floor":16.0,"turns":10.0},{"damage":0.0,"enemies":"Shell Parasite","floor":18.0,"turns":6.0},{"damage":9.0,"enemies":"3 Byrds","floor":20.0,"turns":5.0},{"damage":0.0,"enemies":"Gremlin Leader","floor":23.0,"turns":10.0},{"damage":1.0,"enemies":"Slaver and Parasite","floor":25.0,"turns":7.0},{"damage":0.0,"enemies":"Snake Plant","floor":27.0,"turns":6.0},{"damage":0.0,"enemies":"Chosen and Byrds","floor":29.0,"turns":7.0},{"damage":9.0,"enemies":"Centurion and Healer","floor":30.0,"turns":7.0},{"damage":0.0,"enemies":"3 Cultists","floor":31.0,"turns":4.0},{"damage":0,"enemies":"Automaton","floor":33,"turns":16},{"damage":0,"enemies":"3 Shapes","floor":35,"turns":4},{"damage":0,"enemies":"3 Darklings","floor":36,"turns":5},{"damage":0,"enemies":"4 Shapes","floor":41,"turns":6},{"damage":0,"enemies":"Maw","floor":42,"turns":9},{"damage":0,"enemies":"3 Darklings","floor":44,"turns":5},{"damage":0,"enemies":"4 Shapes","floor":45,"turns":7},{"damage":0,"enemies":"Sphere and 2 Shapes","floor":46,"turns":5},{"damage":0,"enemies":"3 Darklings","floor":48,"turns":5},{"damage":3,"enemies":"Awakened One","floor":50,"turns":19}],"relics_obtained":[{"floor":7.0,"key":"Anchor"},{"floor":9.0,"key":"Molten Egg 2"},{"floor":14.0,"key":"Odd Mushroom"},{"floor":23.0,"key":"Calipers"},{"floor":26.0,"key":"Omamori"},{"floor":40,"key":"Du-Vu Doll"},{"floor":43,"key":"Smiling Mask"},{"floor":47,"key":"Bottled Flame"},{"floor":49,"key":"Toxic Egg 2"}],"event_choices":[{"event_name":"Mushrooms","player_choice":"Fought Mushrooms","floor":14.0,"damage_taken":0.0},{"event_name":"Cursed Tome","player_choice":"Ignored","floor":22.0,"damage_taken":0.0},{"event_name":"Falling","player_choice":"Removed Attack","floor":38,"damage_taken":0}],"boss_relics":[{"not_picked":["Runic Dome","Ectoplasm"],"picked":"Sozu"},{"not_picked":["Lizard Tail","Empty Cage"],"picked":"Busted Crown"}],"items_purged_floors":[],"is_endless":false,"potions_floor_spawned":[2,5,10,11,14,23,25,27,33,35,44,48],"seed_played":"4264677092074117816","ascension_level":0,"potions_obtained":[{"floor":2.0,"key":"GamblersBrew"},{"floor":5.0,"key":"SteroidPotion"},{"floor":10.0,"key":"Strength Potion"},{"floor":11.0,"key":"Weak Potion"},{"floor":14.0,"key":"Block Potion"}],"is_trial":false}