{"gold_per_floor":[114,114,114,131,144,144,154,46,46,46,46,62,62,76,76,178,178,196,206,225,72,72,72,72,72,72,72,92,108,108],"floor_reached":30,"playtime":702,"items_purged":["Strike_R","Strike_R"],"score":222,"play_id":"d60b6a91-a6d2-4ba7-bdf7-69ce7d4f70e1","local_time":"20190707184910","is_ascension_mode":false,"campfire_choices":[{"data":"Defend_R","floor":6,"key":"SMITH"},{"data":"Rampage","floor":10,"key":"SMITH"},{"data":"Defend_R","floor":15,"key":"SMITH"},{"data":"Battle Trance","floor":23,"key":"SMITH"},{"data":"Juggernaut","floor":25,"key":"SMITH"}],"neow_cost":"NONE","seed_source_timestamp":67742959163700,"circlet_count":0,"master_deck":["Strike_R","Strike_R","Defend_R","Defend_R+1","Defend_R","Defend_R+1","Bash","Inflame+1","Rampage+1","Juggernaut+1","Battle Trance+1","Shrug It Off"],"relics":["Burning Blood","NeowsBlessing","Dodecahedron","Eternal Feather","Question Card"],"potions_floor_usage":[19,30,30],"damage_taken":[{"damage":0,"enemies":"Jaw Worm","floor":1,"turns":1},{"damage":0,"enemies":"Cultist","floor":4,"turns":1},{"damage":0,"enemies":"2 Louse","floor":5,"turns":1},{"damage":12,"enemies":"Red Slaver","floor":7,"turns":4},{"damage":9,"enemies":"Looter","floor":12,"turns":4},{"damage":12,"enemies":"Blue Slaver","floor":14,"turns":3},{"damage":62,"enemies":"Slime Boss","floor":16,"turns":14},{"damage":17,"enemies":"Spheric Guardian","floor":18,"turns":5},{"damage":28,"enemies":"2 Thieves","floor":19,"turns":5},{"damage":25,"enemies":"Centurion and Healer","floor":20,"turns":7},{"damage":0,"enemies":"Snecko","floor":28,"turns":4},{"damage":9,"enemies":"Snake Plant","floor":29,"turns":5},{"damage":32,"enemies":"3 Cultists","floor":30,"turns":6}],"seed_played":"7815935763598936328","potions_obtained":[{"floor":1,"key":"Weak Potion"},{"floor":4,"key":"GamblersBrew"},{"floor":14,"key":"AttackPotion"},{"floor":16,"key":"Swift Potion"},{"floor":20,"key":"Block Potion"}],"is_trial":false,"path_per_floor":["M","?","$","M","M","R","M","$","T","R","?","M","$","M","R","B",null,"M","M","M","$","?","R","?","R","T","$","M","M","M"],"character_chosen":"IRONCLAD","items_purchased":["Rampage","Shrug It Off"],"campfire_rested":0,"item_purchase_floors":[8,21],"current_hp_per_floor":[80,80,80,80,80,80,74,74,74,74,74,71,71,65,65,9,80,69,47,28,28,13,19,19,25,25,25,31,28,0],"gold":108,"neow_bonus":"THREE_ENEMY_KILL","is_prod":false,"is_daily":false,"chose_seed":false,"campfire_upgraded":5,"win_rate":0,"timestamp":1562514550,"path_taken":["M","?","$","M","?","R","M","$","T","R","?","M","$","M","R","BOSS","M","M","M","$","?","R","?","R","T","$","M","M","M"],"build_version":"2019-07-05","purchased_purges":2,"victory":false,"max_hp_per_floor":[80,80,80,80,80,80,80,80,80,80,80,80,80,80,80,80,80,80,80,80,80,85,85,85,85,85,85,85,85,85],"card_choices":[{"not_picked":["Clash","Reckless Charge","Entrench"],"picked":"SKIP","floor":1},{"not_picked":["Perfected Strike","Dual Wield","Clothesline"],"picked":"SKIP","floor":4},{"not_picked":["Heavy Blade","Searing Blow","Clothesline"],"picked":"SKIP","floor":5},{"not_picked":["Dropkick","True Grit"],"picked":"Inflame","floor":7},{"not_picked":["Cleave","Dual Wield","Flame Barrier"],"picked":"SKIP","floor":12},{"not_picked":["Heavy Blade","Thunderclap","Flex"],"picked":"SKIP","floor":14},{"not_picked":["Demon Form","Offering"],"picked":"Juggernaut","floor":16},{"not_picked":["Sentinel","Sword Boomerang","Pummel"],"picked":"SKIP","floor":18},{"not_picked":["Evolve","Dual Wield"],"picked":"Battle Trance","floor":19},{"not_picked":["Cleave+1","Dropkick","Pummel"],"picked":"SKIP","floor":20},{"not_picked":["Body Slam","Entrench","Clothesline","Corruption+1"],"picked":"SKIP","floor":28},{"not_picked":["Searing Blow","Twin Strike","Reckless Charge","Feel No Pain"],"picked":"SKIP","floor":29}],"player_experience":683992,"relics_obtained":[{"floor":9,"key":"Dodecahedron"},{"floor":26,"key":"Question Card"}],"event_choices":[{"cards_removed":["Strike_R"],"damage_healed":0,"gold_gain":0,"player_choice":"Offered Basic","damage_taken":0,"max_hp_gain":0,"max_hp_loss":0,"event_name":"Bonfire Elementals","floor":2,"gold_loss":0},{"damage_healed":0,"gold_gain":0,"player_choice":"Forge","damage_taken":0,"max_hp_gain":0,"max_hp_loss":0,"event_name":"Accursed Blacksmith","floor":11,"gold_loss":0,"cards_upgraded":["Inflame"]},{"damage_healed":0,"gold_gain":0,"player_choice":"Shed Blood","damage_taken":20,"max_hp_gain":5,"max_hp_loss":0,"event_name":"Forgotten Altar","floor":22,"gold_loss":0},{"damage_healed":0,"gold_gain":0,"player_choice":"Ignored","damage_taken":0,"max_hp_gain":0,"max_hp_loss":0,"event_name":"Ghosts","floor":24,"gold_loss":0}],"is_beta":false,"boss_relics":[{"not_picked":["Runic Dome","Pandora\u0027s Box"],"picked":"Eternal Feather"}],"items_purged_floors":[8,21],"is_endless":false,"potions_floor_spawned":[1,4,14,16,20,29],"killed_by":"3 Cultists","ascension_level":0}