{"gold_per_floor":[112,112,112,17,35,35,48,128,155,178,178,249,249,33,33,159,159,184,184,184,184,208,251,251,270,270,270,306,322,335,4,4,4],"floor_reached":33,"playtime":694,"items_purged":[],"score":273,"play_id":"ddfb44a6-9da5-4130-8b1d-d6d35bc430c1","local_time":"20190728125835","is_ascension_mode":false,"campfire_choices":[{"data":"Blind","floor":6,"key":"SMITH"},{"data":"Bash","floor":11,"key":"SMITH"},{"data":"Strike_R","floor":13,"key":"SMITH"},{"data":"Strike_R","floor":15,"key":"SMITH"},{"data":"Double Tap","floor":24,"key":"SMITH"},{"data":"Spot Weakness","floor":32,"key":"SMITH"}],"neow_cost":"NONE","seed_source_timestamp":51963149392000,"circlet_count":0,"master_deck":["Strike_R","Strike_R","Strike_R","Strike_R+1","Strike_R+1","Defend_R","Defend_R","Defend_R","Defend_R","Bash+1","Blind+1","Cleave+1","Twin Strike+1","Double Tap+1","Spot Weakness+1","Writhe","Sword Boomerang+1","Sword Boomerang+1","Spot Weakness+1","Heavy Blade+1","Shrug It Off"],"relics":["Burning Blood","Golden Idol","Anchor","Molten Egg 2","Pen Nib","Happy Flower","Mark of Pain","PreservedInsect","Vajra","Paper Frog","Red Mask","Incense Burner"],"potions_floor_usage":[16,23,27,33,33],"damage_taken":[{"damage":1,"enemies":"2 Louse","floor":1,"turns":4},{"damage":0,"enemies":"Small Slimes","floor":5,"turns":4},{"damage":0,"enemies":"Jaw Worm","floor":7,"turns":2},{"damage":23,"enemies":"Exordium Thugs","floor":10,"turns":7},{"damage":13,"enemies":"Slime Boss","floor":16,"turns":9},{"damage":0,"enemies":"Chosen","floor":18,"turns":3},{"damage":15,"enemies":"2 Thieves","floor":22,"turns":4},{"damage":24,"enemies":"Gremlin Leader","floor":23,"turns":4},{"damage":21,"enemies":"Shelled Parasite and Fungi","floor":25,"turns":4},{"damage":0,"enemies":"Slavers","floor":27,"turns":1},{"damage":16,"enemies":"Masked Bandits","floor":28,"turns":4},{"damage":0,"enemies":"Snake Plant","floor":29,"turns":2},{"damage":7,"enemies":"Cultist and Chosen","floor":30,"turns":4},{"damage":47,"enemies":"Collector","floor":33,"turns":3}],"seed_played":"-9161852764888402752","potions_obtained":[{"floor":5,"key":"SmokeBomb"},{"floor":7,"key":"SkillPotion"},{"floor":10,"key":"Energy Potion"},{"floor":18,"key":"Weak Potion"},{"floor":30,"key":"Weak Potion"}],"is_trial":false,"path_per_floor":["M","?","?","$","M","R","M","T","T","M","R","?","R","$","R","B",null,"M","?","$","?","M","E","R","M","T","E","?","M","M","$","R","B"],"character_chosen":"IRONCLAD","items_purchased":["Blind","Cleave+1","Twin Strike+1","Happy Flower","Incense Burner","Shrug It Off"],"campfire_rested":0,"item_purchase_floors":[4,14,14,14,31,31],"current_hp_per_floor":[88,66,63,63,69,69,75,75,75,58,58,58,58,58,58,51,88,88,88,88,88,79,61,61,46,46,52,42,48,47,47,47,0],"gold":4,"neow_bonus":"TEN_PERCENT_HP_BONUS","is_prod":false,"is_daily":false,"chose_seed":false,"campfire_upgraded":6,"win_rate":0,"timestamp":1564307915,"path_taken":["M","?","?","$","M","R","M","?","T","?","R","?","R","$","R","BOSS","M","?","$","?","M","E","R","M","T","E","?","M","M","$","R","BOSS"],"build_version":"2019-07-17","purchased_purges":0,"victory":false,"max_hp_per_floor":[88,88,88,88,88,88,88,88,88,88,88,88,88,88,88,88,88,88,88,88,88,88,88,88,88,88,88,88,88,88,88,88,88],"card_choices":[{"not_picked":["Twin Strike","Havoc","Uppercut"],"picked":"SKIP","floor":1},{"not_picked":["Sever Soul","Combust","Sentinel"],"picked":"SKIP","floor":5},{"not_picked":["Clothesline","Flex","Searing Blow"],"picked":"SKIP","floor":7},{"not_picked":["Clash+1","Flex","Heavy Blade+1"],"picked":"SKIP","floor":10},{"not_picked":["Reaper+1","Brutality"],"picked":"Double Tap","floor":16},{"not_picked":["Carnage+1","Clothesline+1"],"picked":"Spot Weakness+1","floor":18},{"not_picked":["Anger+1","Perfected Strike+1"],"picked":"Sword Boomerang+1","floor":22},{"not_picked":["Juggernaut","Flex","Reckless Charge+1"],"picked":"SKIP","floor":23},{"not_picked":["Juggernaut","Flex","Reckless Charge+1"],"picked":"SKIP","floor":23},{"not_picked":["Pommel Strike+1","Twin Strike+1"],"picked":"Sword Boomerang+1","floor":25},{"not_picked":["Armaments","Heavy Blade+1"],"picked":"Spot Weakness","floor":28},{"not_picked":["True Grit","Power Through","Evolve"],"picked":"SKIP","floor":29},{"not_picked":["Wild Strike+1","Barricade"],"picked":"Heavy Blade+1","floor":30}],"player_experience":788152,"relics_obtained":[{"floor":8,"key":"Molten Egg 2"},{"floor":9,"key":"Pen Nib"},{"floor":23,"key":"Vajra"},{"floor":26,"key":"Paper Frog"},{"floor":28,"key":"Red Mask"}],"event_choices":[{"damage_healed":0,"gold_gain":0,"player_choice":"Take Damage","damage_taken":22,"relics_obtained":["Golden Idol"],"max_hp_gain":0,"max_hp_loss":0,"event_name":"Golden Idol","floor":2,"gold_loss":0},{"damage_healed":0,"gold_gain":0,"player_choice":"Success","damage_taken":3,"relics_obtained":["Anchor"],"max_hp_gain":0,"max_hp_loss":0,"event_name":"Scrap Ooze","floor":3,"gold_loss":0},{"damage_healed":0,"gold_gain":71,"player_choice":"Gained Gold","damage_taken":0,"max_hp_gain":0,"max_hp_loss":0,"event_name":"Golden Wing","floor":12,"gold_loss":0},{"damage_healed":0,"gold_gain":0,"player_choice":"Ignored","damage_taken":0,"max_hp_gain":0,"max_hp_loss":0,"event_name":"Vampires","floor":19,"gold_loss":0},{"damage_healed":0,"gold_gain":0,"player_choice":"Opened","damage_taken":0,"relics_obtained":["PreservedInsect"],"max_hp_gain":0,"max_hp_loss":0,"event_name":"The Mausoleum","floor":21,"gold_loss":0,"cards_obtained":["Writhe"]},{"damage_healed":0,"gold_gain":0,"player_choice":"Fought Bandits","damage_taken":0,"max_hp_gain":0,"max_hp_loss":0,"event_name":"Masked Bandits","floor":28,"gold_loss":0}],"is_beta":false,"boss_relics":[{"not_picked":["Snecko Eye","Runic Dome"],"picked":"Mark of Pain"}],"items_purged_floors":[],"is_endless":false,"potions_floor_spawned":[5,7,10,18,30],"killed_by":"Collector","ascension_level":0}