{"gold_per_floor":[12,23,23,23,23,55,55,90,137,137,137,149,161,175,175,272,272,290,290,270,270,270],"floor_reached":22,"playtime":3437,"items_purged":[],"score":213,"play_id":"32df3dd2-d47c-4d94-85bd-d490a55fc9a7","local_time":"20190715115449","is_ascension_mode":true,"campfire_choices":[{"floor":7.0,"key":"REST"},{"floor":15.0,"key":"REST"}],"neow_cost":"NO_GOLD","seed_source_timestamp":0,"circlet_count":0,"master_deck":["Strike_B","Strike_B","Strike_B","Defend_B","Defend_B","Defend_B","Defend_B","Zap","Dualcast","Turbo","Beam Cell","Static Discharge","Reinforced Body","Creative AI","Beam Cell","Scrape","Leap","Buffer","Lockon","Clumsy","Go for the Eyes"],"special_seed":0,"relics":["Cracked Core","Pocketwatch","Blue Candle","Bag of Marbles","Bottled Flame","Bag of Preparation","Smiling Mask","Cursed Key","Ornamental Fan","Enchiridion"],"potions_floor_usage":[],"damage_taken":[{"damage":3.0,"enemies":"Small Slimes","floor":1.0,"turns":4.0},{"damage":7.0,"enemies":"Jaw Worm","floor":2.0,"turns":3.0},{"damage":26.0,"enemies":"Lagavulin","floor":6.0,"turns":6.0},{"damage":17.0,"enemies":"3 Sentries","floor":8.0,"turns":8.0},{"damage":6.0,"enemies":"2 Louse","floor":12.0,"turns":2.0},{"damage":0.0,"enemies":"Red Slaver","floor":13.0,"turns":4.0},{"damage":14.0,"enemies":"Exordium Wildlife","floor":14.0,"turns":5.0},{"damage":18.0,"enemies":"Slime Boss","floor":16.0,"turns":9.0},{"damage":15,"enemies":"Shell Parasite","floor":18,"turns":6},{"damage":13,"enemies":"2 Thieves","floor":20,"turns":4},{"damage":31,"enemies":"3 Cultists","floor":22,"turns":5}],"seed_played":"-2912121958614994414","potions_obtained":[{"floor":2.0,"key":"GamblersBrew"},{"floor":12.0,"key":"Swift Potion"},{"floor":13.0,"key":"Poison Potion"},{"floor":14.0,"key":"SkillPotion"},{"floor":18,"key":"SpeedPotion"}],"is_trial":false,"path_per_floor":["M","M","?","T","$","E","R","E","T","?","T","M","M","M","R","B",null,"M","T","M","?","M"],"character_chosen":"DEFECT","items_purchased":[],"campfire_rested":2,"item_purchase_floors":[],"current_hp_per_floor":[72,65,65,65,65,39,61,44,44,44,44,38,38,24,46,28,75,60,60,47,31,0],"gold":270,"neow_bonus":"ONE_RARE_RELIC","is_prod":false,"is_daily":false,"chose_seed":false,"campfire_upgraded":0,"win_rate":0,"timestamp":1563209689,"path_taken":["M","M","?","?","?","E","R","E","T","?","?","M","M","M","R","BOSS","M","?","M","?","M"],"build_version":"2019-07-05","purchased_purges":0,"victory":false,"max_hp_per_floor":[75,75,75,75,75,75,75,75,75,75,75,75,75,75,75,75,75,75,75,75,75,75],"card_choices":[{"not_picked":["Streamline","Hologram"],"picked":"Turbo","floor":1.0},{"not_picked":["All For One","Cold Snap"],"picked":"Beam Cell","floor":2.0},{"not_picked":["Rip and Tear","Double Energy"],"picked":"Reinforced Body","floor":6.0},{"not_picked":["Leap","Conserve Battery"],"picked":"Creative AI","floor":8.0},{"not_picked":["Cold Snap","Redo"],"picked":"Beam Cell","floor":12.0},{"not_picked":["Barrage","Glacier"],"picked":"Scrape","floor":13.0},{"not_picked":["Rebound","Fusion"],"picked":"Leap","floor":14.0},{"not_picked":["Fission","Thunder Strike"],"picked":"Buffer","floor":16.0},{"not_picked":["Rip and Tear","Sweeping Beam"],"picked":"Lockon","floor":18},{"not_picked":["Double Energy","Ball Lightning"],"picked":"Go for the Eyes","floor":20}],"player_experience":342842,"relics_obtained":[{"floor":4.0,"key":"Blue Candle"},{"floor":6.0,"key":"Bag of Marbles"},{"floor":8.0,"key":"Bottled Flame"},{"floor":9.0,"key":"Bag of Preparation"},{"floor":11.0,"key":"Smiling Mask"},{"floor":19,"key":"Ornamental Fan"},{"floor":21,"key":"Enchiridion"}],"event_choices":[{"damage_healed":0.0,"max_hp_gain":0.0,"max_hp_loss":0.0,"gold_gain":0.0,"cards_transformed":["Strike_B"],"event_name":"Living Wall","player_choice":"Change","floor":3.0,"gold_loss":0.0,"damage_taken":0.0,"cards_obtained":["Static Discharge"]},{"damage_healed":0.0,"max_hp_gain":0.0,"max_hp_loss":0.0,"gold_gain":0.0,"event_name":"Liars Game","player_choice":"Ignored","floor":10.0,"gold_loss":0.0,"damage_taken":0.0},{"damage_healed":0,"gold_gain":0,"player_choice":"Obtained Book","damage_taken":16,"max_hp_gain":0,"max_hp_loss":0,"event_name":"Cursed Tome","floor":21,"gold_loss":0}],"is_beta":false,"boss_relics":[{"not_picked":["Busted Crown","Pandora\u0027s Box"],"picked":"Cursed Key"}],"items_purged_floors":[],"is_endless":false,"potions_floor_spawned":[2,12,13,14,18],"killed_by":"3 Cultists","ascension_level":2}