{"gold_per_floor":[119,69,86,102,113,113,148,148,171,195,205,205,218,292,292,389,389,409,114,114,86,185,185,185,185,185,218,237,237,272,285,285,381,431,442,461,461,109,127,152,152,172,242,258,258,274,274,34,34,34],"floor_reached":51,"playtime":4220,"items_purged":["Defend_G","Strike_G"],"score":1063,"play_id":"c6cd91f2-bc39-4777-9597-3f1ce4758917","local_time":"20181201005828","is_ascension_mode":true,"campfire_choices":[{"data":"Leg Sweep","floor":6.0,"key":"SMITH"},{"data":"Blur","floor":8.0,"key":"SMITH"},{"floor":12.0,"key":"REST"},{"data":"After Image","floor":15.0,"key":"SMITH"},{"data":"A Thousand Cuts","floor":23,"key":"SMITH"},{"floor":25,"key":"REST"},{"floor":29,"key":"REST"},{"floor":32,"key":"REST"},{"data":"Backflip","floor":41,"key":"SMITH"},{"data":"Tools of the Trade","floor":47,"key":"SMITH"},{"floor":49,"key":"REST"}],"neow_cost":"NONE","seed_source_timestamp":18813819936639,"circlet_count":0,"master_deck":["AscendersBane","Defend_G","Defend_G+1","Defend_G","Defend_G","Strike_G","Strike_G","Strike_G","Survivor","Neutralize+1","Leg Sweep+1","Blur+1","Infinite Blades","Heel Hook","Predator","Backstab","After Image+1","Backflip+1","A Thousand Cuts+1","Deflect+1","Caltrops","Blade Dance+1","Flying Knee","Tools of the Trade+1","Heel Hook+1","Blade Dance+1"],"special_seed":0,"relics":["Ring of the Snake","Potion Belt","Ancient Tea Set","Odd Mushroom","Kunai","White Beast Statue","Bronze Scales","FaceOfCleric","Pocketwatch","Omamori","War Paint","Tiny House","Paper Crane","Smiling Mask","Meat on the Bone","Shuriken"],"potions_floor_usage":[21,28,30,31,33,35,35,40,42,42,46,50,50,50],"damage_taken":[{"damage":1.0,"enemies":"Small Slimes","floor":1.0,"turns":6.0},{"damage":0.0,"enemies":"Jaw Worm","floor":3.0,"turns":7.0},{"damage":0.0,"enemies":"2 Louse","floor":4.0,"turns":4.0},{"damage":3.0,"enemies":"Gremlin Gang","floor":5.0,"turns":7.0},{"damage":19.0,"enemies":"3 Sentries","floor":7.0,"turns":9.0},{"damage":9.0,"enemies":"The Mushroom Lair","floor":10.0,"turns":7.0},{"damage":3.0,"enemies":"3 Louse","floor":11.0,"turns":6.0},{"damage":7.0,"enemies":"Exordium Wildlife","floor":13.0,"turns":4.0},{"damage":16,"enemies":"Slime Boss","floor":16,"turns":17},{"damage":28,"enemies":"Spheric Guardian","floor":18,"turns":10},{"damage":0,"enemies":"2 Thieves","floor":21,"turns":5},{"damage":18,"enemies":"Book of Stabbing","floor":27,"turns":5},{"damage":1,"enemies":"Snake Plant","floor":28,"turns":4},{"damage":13,"enemies":"Gremlin Leader","floor":30,"turns":8},{"damage":10,"enemies":"Sentry and Sphere","floor":31,"turns":5},{"damage":26,"enemies":"Automaton","floor":33,"turns":12},{"damage":3,"enemies":"3 Darklings","floor":35,"turns":5},{"damage":12,"enemies":"Orb Walker","floor":36,"turns":5},{"damage":8,"enemies":"Spire Growth","floor":39,"turns":8},{"damage":0,"enemies":"Giant Head","floor":40,"turns":12},{"damage":19,"enemies":"Jaw Worm Horde","floor":42,"turns":4},{"damage":0,"enemies":"Sphere and 2 Shapes","floor":44,"turns":8},{"damage":0,"enemies":"Maw","floor":46,"turns":8},{"damage":27,"enemies":"Awakened One","floor":50,"turns":10}],"seed_played":"5230754685985554810","potions_obtained":[{"floor":1.0,"key":"Poison Potion"},{"floor":3.0,"key":"Fire Potion"},{"floor":5.0,"key":"Explosive Potion"},{"floor":10.0,"key":"Poison Potion"},{"floor":16,"key":"Fire Potion"},{"floor":18,"key":"Block Potion"},{"floor":21,"key":"GhostInAJar"},{"floor":27,"key":"PowerPotion"},{"floor":28,"key":"GhostInAJar"},{"floor":30,"key":"SkillPotion"},{"floor":31,"key":"Explosive Potion"},{"floor":33,"key":"EssenceOfSteel"},{"floor":34,"key":"Fire Potion"},{"floor":35,"key":"Energy Potion"},{"floor":36,"key":"LiquidBronze"},{"floor":39,"key":"FairyPotion"},{"floor":40,"key":"Regen Potion"},{"floor":42,"key":"Swift Potion"},{"floor":44,"key":"Swift Potion"},{"floor":46,"key":"Fire Potion"}],"is_trial":false,"path_per_floor":["M","?","M","M","M","R","E","R","T","?","M","R","M","T","R","B",null,"M","$","?","M","?","R","$","R","T","E","M","R","E","M","R","B",null,"M","M","?","$","M","E","R","M","T","M","?","M","R","$","R","B",null],"character_chosen":"THE_SILENT","items_purchased":["Bronze Scales","Caltrops","Paper Crane","Shuriken"],"campfire_rested":5,"item_purchase_floors":[19,19,38,48],"current_hp_per_floor":[69,69,69,69,66,66,47,47,47,38,35,58,51,51,51,35,67,39,39,39,40,40,40,40,63,63,46,46,70,58,49,73,48,79,77,66,66,66,59,60,60,54,54,55,55,56,56,56,84,58],"gold":34,"neow_bonus":"TEN_PERCENT_HP_BONUS","is_prod":false,"is_daily":false,"chose_seed":false,"campfire_upgraded":6,"win_rate":0,"timestamp":1543622308,"path_taken":["M","?","M","M","M","R","E","R","T","?","M","R","M","?","R","BOSS","M","$","?","?","?","R","?","R","T","E","?","R","E","M","R","BOSS","M","M","?","$","M","E","R","M","T","M","?","?","R","$","R","BOSS"],"build_version":"2018-11-15","purchased_purges":2,"victory":true,"max_hp_per_floor":[77,77,77,77,77,77,77,77,77,77,77,77,77,77,77,77,77,77,77,77,78,78,78,78,78,78,79,80,80,81,82,82,83,88,89,90,90,90,91,92,92,93,93,94,94,95,95,95,95,96],"card_choices":[{"not_picked":["PiercingWail","Calculated Gamble"],"picked":"Leg Sweep","floor":1.0},{"not_picked":["Cloak And Dagger","Endless Agony"],"picked":"Blur","floor":3.0},{"not_picked":["Eviscerate","Leg Sweep"],"picked":"Infinite Blades","floor":4.0},{"not_picked":["Dagger Throw","Caltrops"],"picked":"Heel Hook","floor":5.0},{"not_picked":["Dodge and Roll","Prepared"],"picked":"Predator","floor":7.0},{"not_picked":["Underhanded Strike","Deadly Poison"],"picked":"Backstab","floor":10.0},{"not_picked":["Dagger Throw","Poisoned Stab"],"picked":"After Image","floor":11.0},{"not_picked":["Underhanded Strike","Deadly Poison"],"picked":"Backflip","floor":13.0},{"not_picked":["Corpse Explosion","Doppelganger"],"picked":"A Thousand Cuts","floor":16},{"not_picked":["Flying Knee","Distraction"],"picked":"Deflect","floor":18},{"not_picked":["Slice+1","A Thousand Cuts"],"picked":"Blade Dance+1","floor":21},{"not_picked":["Sucker Punch","Acrobatics"],"picked":"Flying Knee","floor":27},{"not_picked":["Calculated Gamble","Blur","Dagger Throw+1"],"picked":"SKIP","floor":28},{"not_picked":["Slice","Sucker Punch","Accuracy"],"picked":"SKIP","floor":30},{"not_picked":["Outmaneuver","Setup+1","Flying Knee"],"picked":"SKIP","floor":31},{"not_picked":["Burst","Corpse Explosion"],"picked":"Tools of the Trade","floor":33},{"not_picked":["Accuracy","Riddle With Holes+1","Quick Slash"],"picked":"SKIP","floor":35},{"not_picked":["Bane+1","Quick Slash+1"],"picked":"Heel Hook+1","floor":36},{"not_picked":["Crippling Poison+1","Terror"],"picked":"Blade Dance+1","floor":39},{"not_picked":["Acrobatics","Deadly Poison+1","Bane"],"picked":"SKIP","floor":40},{"not_picked":["Dagger Spray","Finisher+1","Slice"],"picked":"SKIP","floor":42},{"not_picked":["Dagger Spray","Finisher+1","Slice"],"picked":"SKIP","floor":42},{"not_picked":["Poisoned Stab","Caltrops","Acrobatics+1"],"picked":"SKIP","floor":44},{"not_picked":["Flying Knee+1","Setup","Dagger Spray+1"],"picked":"SKIP","floor":46}],"player_experience":683299,"relics_obtained":[{"floor":7.0,"key":"Potion Belt"},{"floor":9.0,"key":"Ancient Tea Set"},{"floor":10.0,"key":"Odd Mushroom"},{"floor":14.0,"key":"Kunai"},{"floor":26,"key":"Pocketwatch"},{"floor":27,"key":"Omamori"},{"floor":30,"key":"War Paint"},{"floor":40,"key":"Smiling Mask"},{"floor":43,"key":"Meat on the Bone"}],"event_choices":[{"cards_removed":["Strike_G"],"damage_healed":0.0,"max_hp_gain":0.0,"max_hp_loss":0.0,"gold_gain":0.0,"event_name":"The Cleric","player_choice":"Card Removal","floor":2.0,"gold_loss":50.0,"damage_taken":0.0},{"damage_healed":0.0,"max_hp_gain":0.0,"max_hp_loss":0.0,"gold_gain":0.0,"event_name":"Mushrooms","player_choice":"Fought Mushrooms","floor":10.0,"gold_loss":0.0,"damage_taken":0.0},{"damage_healed":0,"gold_gain":0,"player_choice":"Trade","damage_taken":0,"relics_obtained":["FaceOfCleric"],"max_hp_gain":0,"max_hp_loss":0,"event_name":"FaceTrader","floor":20,"gold_loss":0},{"damage_healed":0,"gold_gain":99,"player_choice":"Stole From Cult","damage_taken":0,"max_hp_gain":0,"max_hp_loss":0,"event_name":"Nest","floor":22,"gold_loss":0},{"damage_healed":0,"gold_gain":0,"player_choice":"Ignored","damage_taken":0,"max_hp_gain":0,"max_hp_loss":0,"event_name":"Tomb of Lord Red Mask","floor":37,"gold_loss":0},{"damage_healed":0,"gold_gain":0,"player_choice":"Ignored","damage_taken":0,"max_hp_gain":0,"max_hp_loss":0,"event_name":"Mysterious Sphere","floor":45,"gold_loss":0}],"is_beta":true,"boss_relics":[{"not_picked":["Black Star","Lizard Tail"],"picked":"White Beast Statue"},{"not_picked":["Runic Dome","Coffee Dripper"],"picked":"Tiny House"}],"items_purged_floors":[19,38],"is_endless":false,"potions_floor_spawned":[1,3,5,10,16,18,21,27,28,30,31,33,35,36,39,40,42,44,46],"ascension_level":10}