{"gold_per_floor":[111,62,72,92,92,123,123,139,163,18,47,47,78,94,94,94],"floor_reached":16,"playtime":2578,"items_purged":[],"score":138,"play_id":"801268f8-d412-482f-8ffa-3cbe5e9c716f","local_time":"20190726153949","is_ascension_mode":true,"campfire_choices":[{"data":"Carnage","floor":7,"key":"SMITH"},{"floor":15,"key":"REST"}],"neow_cost":"PERCENT_DAMAGE","seed_source_timestamp":15954456968893,"circlet_count":0,"master_deck":["Strike_R","Strike_R","Strike_R","Strike_R","Strike_R","Defend_R","Defend_R","Defend_R","Defend_R","Bash","Havoc","Havoc","Carnage+1","Shockwave","Headbutt","Infernal Blade","Disarm","Sentinel","Warcry"],"relics":["Burning Blood","Gambling Chip","Bag of Marbles","Dream Catcher","Anchor","Orichalcum","Blue Candle"],"potions_floor_usage":[6],"damage_taken":[{"damage":6,"enemies":"2 Louse","floor":1,"turns":3},{"damage":1,"enemies":"Cultist","floor":3,"turns":3},{"damage":2,"enemies":"Jaw Worm","floor":4,"turns":3},{"damage":12,"enemies":"Gremlin Nob","floor":6,"turns":4},{"damage":0,"enemies":"Large Slime","floor":8,"turns":2},{"damage":33,"enemies":"3 Sentries","floor":11,"turns":9},{"damage":6,"enemies":"Gremlin Nob","floor":13,"turns":3},{"damage":10,"enemies":"2 Fungi Beasts","floor":14,"turns":3},{"damage":58,"enemies":"The Guardian","floor":16,"turns":13}],"seed_played":"4577236206598538081","potions_obtained":[{"floor":1,"key":"Fire Potion"},{"floor":4,"key":"Block Potion"},{"floor":14,"key":"EssenceOfSteel"}],"is_trial":false,"path_per_floor":["M","$","M","M","?","E","R","M","T","$","E","?","E","M","R","B"],"character_chosen":"IRONCLAD","items_purchased":["Havoc","Anchor"],"campfire_rested":1,"item_purchase_floors":[2,10],"current_hp_per_floor":[56,56,61,65,65,59,59,65,65,65,38,38,38,34,58,0],"gold":94,"neow_bonus":"ONE_RARE_RELIC","is_prod":false,"is_daily":false,"chose_seed":false,"campfire_upgraded":1,"win_rate":0,"timestamp":1564173589,"path_taken":["M","$","M","M","?","E","R","M","T","?","E","?","E","M","R","BOSS"],"build_version":"2019-07-17","purchased_purges":0,"victory":false,"max_hp_per_floor":[80,80,80,80,80,80,80,80,80,80,80,80,80,80,80,80],"card_choices":[{"not_picked":["Flame Barrier","Headbutt"],"picked":"Havoc","floor":1},{"not_picked":["Warcry","Inflame"],"picked":"Carnage","floor":3},{"not_picked":["Thunderclap","Intimidate"],"picked":"Shockwave","floor":4},{"not_picked":["Pommel Strike","Twin Strike"],"picked":"Headbutt","floor":6},{"not_picked":["Berserk","Rupture"],"picked":"Infernal Blade","floor":8},{"not_picked":["Flex","Hemokinesis","Thunderclap"],"picked":"SKIP","floor":11},{"not_picked":["Heavy Blade","Havoc"],"picked":"Disarm","floor":13},{"not_picked":["Rupture","Thunderclap"],"picked":"Sentinel","floor":14},{"not_picked":["Pommel Strike","Flex"],"picked":"Warcry","floor":15}],"player_experience":652811,"relics_obtained":[{"floor":6,"key":"Bag of Marbles"},{"floor":9,"key":"Dream Catcher"},{"floor":11,"key":"Orichalcum"},{"floor":13,"key":"Blue Candle"}],"event_choices":[{"damage_healed":0,"gold_gain":0,"player_choice":"Bought 0 Potions","damage_taken":0,"max_hp_gain":0,"max_hp_loss":0,"event_name":"The Woman in Blue","floor":5,"gold_loss":0},{"damage_healed":0,"gold_gain":0,"player_choice":"Ignored","damage_taken":0,"max_hp_gain":0,"max_hp_loss":0,"event_name":"Liars Game","floor":12,"gold_loss":0}],"is_beta":false,"boss_relics":[],"items_purged_floors":[],"is_endless":false,"potions_floor_spawned":[1,4,14],"killed_by":"The Guardian","ascension_level":3}