{"path_per_floor":["M","?","$","?","M","?","M","R","T","M","M","R","M","M","R","B",null,"M","M","$","M","M","R","E","R","T","M","M","?","?","M","R","B",null,"M","$","M","?","M","$","?","R","T","R","?","M","M","?","R","B"],"character_chosen":"THE_SILENT","items_purchased":["Footwork","Accuracy","Finesse","Concentrate","Finesse"],"gold_per_floor":[116,116,40,40,56,56,76,76,76,90,104,104,119,136,136,234,234,252,266,64,82,100,100,130,130,181,200,219,219,144,164,164,269,269,282,25,39,0,10,10,10,10,10,10,10,22,33,33,33,33],"floor_reached":51,"campfire_rested":1,"playtime":5389,"current_hp_per_floor":[70,70,70,75,75,75,73,73,73,73,73,73,73,73,73,48,75,70,58,58,56,56,56,43,43,49,46,43,34,34,25,50,36,86,86,86,82,82,68,68,68,68,74,74,74,74,65,65,65,37],"items_purged":["Strike_G","Strike_G"],"gold":33,"play_id":"0d63c624-524c-4106-bce0-1b40d822990a","is_prod":false,"is_daily":false,"campfire_rituals":0,"campfire_upgraded":8,"is_hardmode":false,"path_taken":["M","?","$","?","M","?","M","R","T","M","M","R","?","M","R","BOSS","M","M","$","M","M","R","E","R","T","M","M","?","?","?","R","BOSS","M","$","M","?","?","$","?","R","T","R","?","M","?","?","R","BOSS"],"build_version":"2018-01-18-PROD4","purchased_purges":2,"victory":true,"master_deck":["Defend_G","Defend_G","Defend_G","Defend_G","Survivor","Neutralize","Bouncing Flask","Cloak And Dagger","Dagger Spray","Footwork","Quick Slash","A Thousand Cuts","Backflip","Infinite Blades","Blur","Adrenaline","Cloak And Dagger","Well Laid Plans","Accuracy","Finesse","Noxious Fumes","Injury","Blur","Prepared","Wraith Form","Outmaneuver","Concentrate","Finesse","Cloak And Dagger","Predator"],"max_hp_per_floor":[70,70,70,75,75,75,75,75,75,75,75,75,75,75,75,75,75,75,75,75,75,75,75,75,75,81,81,81,86,86,86,86,86,86,86,86,86,86,86,86,86,86,92,92,92,92,92,92,92,92],"relics":["Ring of the Snake","Bronze Scales","Cursed Key","Darkstone Periapt","Bag of Preparation","Sozu","Red Mask","Ginger"],"campfire_meditates":0,"card_choices":[{"not_picked":["Dash","Slice"],"picked":"Cloak And Dagger"},{"not_picked":["Dagger Spray","Endless Agony"],"picked":"Quick Slash"},{"not_picked":["Flying Knee","Setup"],"picked":"A Thousand Cuts"},{"not_picked":["Flying Knee","Acrobatics"],"picked":"Backflip"},{"not_picked":["Underhanded Strike","Acrobatics"],"picked":"Infinite Blades"},{"not_picked":["Dagger Spray","Flying Knee"],"picked":"Blur"},{"not_picked":["Night Terror","Tools of the Trade"],"picked":"Adrenaline"},{"not_picked":["Dagger Throw","Sucker Punch"],"picked":"Cloak And Dagger"},{"not_picked":["Backflip","Sucker Punch"],"picked":"Well Laid Plans"},{"not_picked":["Riddle With Holes","Cloak And Dagger"],"picked":"Noxious Fumes"},{"not_picked":["Sucker Punch","Predator"],"picked":"Blur"},{"not_picked":["Dodge and Roll","Dagger Throw"],"picked":"Prepared"},{"not_picked":["Doppelganger","Glass Knife"],"picked":"Wraith Form"},{"not_picked":["Deflect","Footwork"],"picked":"Outmaneuver"},{"not_picked":["Backflip","Flying Knee"],"picked":"Cloak And Dagger"},{"not_picked":["Noxious Fumes","Poisoned Stab"],"picked":"Predator"}],"player_experience":177935,"potions_floor_usage":[16,18,21,24,24,27],"damage_taken":[{"damage":0,"enemies":"Jaw Worm","floor":1,"turns":3},{"damage":0,"enemies":"Cultist","floor":5,"turns":3},{"damage":2,"enemies":"2 Louse","floor":7,"turns":3},{"damage":0,"enemies":"Exordium Wildlife","floor":10,"turns":2},{"damage":0,"enemies":"Looter","floor":11,"turns":3},{"damage":0,"enemies":"Red Slaver","floor":13,"turns":4},{"damage":0,"enemies":"Exordium Wildlife","floor":14,"turns":3},{"damage":25,"enemies":"Slime Boss","floor":16,"turns":8},{"damage":5,"enemies":"Shell Parasite","floor":18,"turns":5},{"damage":12,"enemies":"Chosen","floor":19,"turns":4},{"damage":2,"enemies":"Centurion and Healer","floor":21,"turns":5},{"damage":0,"enemies":"Sentry and Sphere","floor":22,"turns":4},{"damage":13,"enemies":"Slavers","floor":24,"turns":4},{"damage":3,"enemies":"Snake Plant","floor":27,"turns":3},{"damage":3,"enemies":"3 Cultists","floor":28,"turns":4},{"damage":9,"enemies":"Snecko","floor":31,"turns":4},{"damage":14,"enemies":"Automaton","floor":33,"turns":10},{"damage":0,"enemies":"Orb Walker","floor":35,"turns":3},{"damage":4,"enemies":"3 Darklings","floor":37,"turns":5},{"damage":14,"enemies":"4 Shapes","floor":39,"turns":4},{"damage":0,"enemies":"Sphere and 2 Shapes","floor":46,"turns":4},{"damage":9,"enemies":"Maw","floor":47,"turns":6},{"damage":28,"enemies":"Awakened One","floor":50,"turns":10}],"event_choices":[{"event_name":"Match and Keep!","player_choice":"1 cards matched","floor":2,"damage_taken":0},{"event_name":"Big Fish","player_choice":"Donut","floor":4,"damage_taken":0},{"event_name":"Bonfire Elementals","player_choice":"BASIC","floor":6,"damage_taken":0},{"event_name":"Forgotten Altar","player_choice":"Shed Blood","floor":29,"damage_taken":0},{"event_name":"Beggar","player_choice":"Gave Gold","floor":30,"damage_taken":0},{"event_name":"Tomb of Lord Red Mask","player_choice":"Paid","floor":38,"damage_taken":0},{"event_name":"Match and Keep!","player_choice":"0 cards matched","floor":41,"damage_taken":0},{"event_name":"Purifier","player_choice":"One Purge","floor":48,"damage_taken":0}],"boss_relics":[{"not_picked":["Runic Pyramid","Tiny House"],"picked":"Cursed Key"},{"not_picked":["Snecko Eye","Question Card"],"picked":"Sozu"}],"potions_floor_spawned":[1,11,14,16,19,21,22,24,31,37,47],"seed_played":"6484959901507551259","is_trial":false}