{"path_per_floor":["M","M","$","M","M","E","M","?","T","M","R","$","?","M","R","B",null,"M","?","$","M","?","R","?","E","T","M","M","M","R","M","R","B",null,"M","$","?","$","M","M","R","M","T","M","R","M","?","M","R","B"],"character_chosen":"IRONCLAD","items_purchased":["Battle Trance","Apotheosis","Perfected Strike","Rage","Inflame","Pen Nib","Inflame"],"gold_per_floor":[116,128,59,69,84,119,132,132,132,146,146,146,146,156,156,254,254,268,418,105,124,124,124,124,154,154,173,190,206,206,222,222,326,326,338,257,257,39,49,64,64,81,81,98,98,115,115,126,126,126],"floor_reached":51,"campfire_rested":1,"playtime":1297,"item_purchase_floors":[],"current_hp_per_floor":[75,62,62,62,68,52,37,63,63,69,69,69,69,65,65,18,80,80,80,80,73,58,58,85,58,58,64,65,58,58,52,52,40,85,85,85,85,85,78,78,78,66,66,44,44,19,19,21,46,12],"items_purged":[],"gold":126,"score":725,"play_id":"40f878d6-be68-45df-93da-fe78b8dcb5ff","local_time":"20180609004747","is_prod":false,"is_daily":false,"chose_seed":false,"is_ascension_mode":false,"campfire_upgraded":7,"win_rate":0.0,"timestamp":1528494467,"campfire_choices":[{"data":"Battle Trance","floor":11.0,"key":"SMITH"},{"data":"Spot Weakness","floor":15.0,"key":"SMITH"},{"data":"Apotheosis","floor":23.0,"key":"SMITH"},{"data":"Berserk","floor":30.0,"key":"SMITH"},{"data":"Offering","floor":32.0,"key":"SMITH"},{"data":"Limit Break","floor":41.0,"key":"SMITH"},{"data":"Inflame","floor":45.0,"key":"SMITH"},{"floor":49,"key":"REST"}],"path_taken":["M","M","$","M","M","E","M","?","T","M","R","$","?","M","R","BOSS","M","?","$","M","?","R","?","E","T","?","M","M","R","M","R","BOSS","M","$","?","$","M","M","R","M","T","M","R","M","?","M","R","BOSS"],"build_version":"2018-06-07v3","seed_source_timestamp":600952023966747,"purchased_purges":0,"victory":true,"master_deck":["Strike_R","Strike_R","Strike_R","Strike_R","Strike_R","Defend_R","Defend_R","Defend_R","Bash","Perfected Strike","Battle Trance+1","Cleave","Cleave","Perfected Strike","Perfected Strike","Spot Weakness+1","Berserk+1","Twin Strike","Apotheosis+1","Perfected Strike","Rage","Rage+1","Sword Boomerang","Battle Trance","Offering+1","Limit Break+1","Inflame+1","Inflame","Sword Boomerang","Shrug It Off+1","Perfected Strike","Perfected Strike","Limit Break+1"],"max_hp_per_floor":[80,80,80,80,80,80,80,80,80,80,80,80,80,80,80,80,80,80,80,80,80,85,85,85,85,85,85,85,85,85,85,85,85,85,85,85,85,85,85,85,85,85,85,85,85,85,85,85,85,85],"relics":["Burning Blood","Boot","Happy Flower","Vajra","Mark of Pain","Bottled Flame","Mummified Hand","Philosopher\u0027s Stone","Pen Nib","Torii"],"card_choices":[{"not_picked":["Clothesline","Bloodletting","True Grit"],"picked":"SKIP","floor":1.0},{"not_picked":["Iron Wave","Uppercut"],"picked":"Perfected Strike","floor":2.0},{"not_picked":["Warcry","Iron Wave","Sentinel"],"picked":"SKIP","floor":4.0},{"not_picked":["Blood for Blood","Iron Wave"],"picked":"Cleave","floor":5.0},{"not_picked":["Fire Breathing","Armaments"],"picked":"Cleave","floor":6.0},{"not_picked":["Heavy Blade","Flex"],"picked":"Perfected Strike","floor":7.0},{"not_picked":["Body Slam","Wild Strike"],"picked":"Perfected Strike","floor":10.0},{"not_picked":["Anger","Double Tap"],"picked":"Spot Weakness","floor":14.0},{"not_picked":["Barricade","Exhume"],"picked":"Berserk","floor":16.0},{"not_picked":["Body Slam+1","Headbutt"],"picked":"Twin Strike","floor":18.0},{"not_picked":["Havoc","Fire Breathing","Flex"],"picked":"SKIP","floor":21.0},{"not_picked":["Armaments","Wild Strike"],"picked":"Rage+1","floor":25.0},{"not_picked":["Hemokinesis","True Grit+1"],"picked":"Sword Boomerang","floor":27.0},{"not_picked":["Rampage","Reckless Charge+1"],"picked":"Battle Trance","floor":28.0},{"not_picked":["Shrug It Off+1","Flame Barrier"],"picked":"Offering","floor":29.0},{"not_picked":["Carnage+1","Havoc+1","Burning Pact"],"picked":"SKIP","floor":31.0},{"not_picked":["Feed","Offering"],"picked":"Limit Break","floor":33.0},{"not_picked":["Armaments+1","Wild Strike","Dropkick+1"],"picked":"SKIP","floor":35.0},{"not_picked":["Shockwave","Flame Barrier+1"],"picked":"Sword Boomerang","floor":39.0},{"not_picked":["Disarm","Spot Weakness+1","Pummel+1"],"picked":"SKIP","floor":40.0},{"not_picked":["Anger","Iron Wave+1"],"picked":"Shrug It Off+1","floor":42.0},{"not_picked":["True Grit","Sword Boomerang+1"],"picked":"Perfected Strike","floor":44.0},{"not_picked":["True Grit+1","Clash"],"picked":"Perfected Strike","floor":46.0},{"not_picked":["Thunderclap","Rage+1","Iron Wave"],"picked":"SKIP","floor":48}],"player_experience":99375,"potions_floor_usage":[50,50,50],"damage_taken":[{"damage":11.0,"enemies":"Jaw Worm","floor":1.0,"turns":2.0},{"damage":19.0,"enemies":"2 Louse","floor":2.0,"turns":3.0},{"damage":6.0,"enemies":"Cultist","floor":4.0,"turns":3.0},{"damage":0.0,"enemies":"Large Slime","floor":5.0,"turns":4.0},{"damage":22.0,"enemies":"3 Sentries","floor":6.0,"turns":6.0},{"damage":21.0,"enemies":"Red Slaver","floor":7.0,"turns":3.0},{"damage":0.0,"enemies":"Lots of Slimes","floor":10.0,"turns":1.0},{"damage":10.0,"enemies":"Looter","floor":14.0,"turns":2.0},{"damage":53.0,"enemies":"The Guardian","floor":16.0,"turns":9.0},{"damage":0.0,"enemies":"Spheric Guardian","floor":18.0,"turns":2.0},{"damage":13.0,"enemies":"Shell Parasite","floor":21.0,"turns":3.0},{"damage":33.0,"enemies":"Slavers","floor":25.0,"turns":4.0},{"damage":0.0,"enemies":"Sentry and Sphere","floor":27.0,"turns":3.0},{"damage":5.0,"enemies":"Snecko","floor":28.0,"turns":3.0},{"damage":13.0,"enemies":"Slaver and Parasite","floor":29.0,"turns":4.0},{"damage":12.0,"enemies":"Centurion and Healer","floor":31.0,"turns":4.0},{"damage":18.0,"enemies":"Automaton","floor":33.0,"turns":6.0},{"damage":0.0,"enemies":"3 Shapes","floor":35.0,"turns":3.0},{"damage":13.0,"enemies":"3 Darklings","floor":39.0,"turns":3.0},{"damage":6.0,"enemies":"Sphere and 2 Shapes","floor":40.0,"turns":2.0},{"damage":18.0,"enemies":"4 Shapes","floor":42.0,"turns":3.0},{"damage":28.0,"enemies":"Maw","floor":44.0,"turns":5.0},{"damage":31.0,"enemies":"3 Darklings","floor":46.0,"turns":3.0},{"damage":4,"enemies":"Sphere and 2 Shapes","floor":48,"turns":2},{"damage":40,"enemies":"Donu and Deca","floor":50,"turns":4}],"relics_obtained":[{"floor":6.0,"key":"Boot"},{"floor":9.0,"key":"Happy Flower"},{"floor":25.0,"key":"Bottled Flame"},{"floor":26.0,"key":"Mummified Hand"},{"floor":43.0,"key":"Torii"}],"event_choices":[{"event_name":"Big Fish","player_choice":"Banana","floor":8.0,"damage_taken":0.0},{"event_name":"Accursed Blacksmith","player_choice":"Rummage","floor":13.0,"damage_taken":0.0},{"event_name":"Nest","player_choice":"Stole From Cult","floor":19.0,"damage_taken":0.0},{"event_name":"Forgotten Altar","player_choice":"Shed Blood","floor":22.0,"damage_taken":0.0},{"event_name":"Wheel of Change","player_choice":"Full Heal","floor":24.0,"damage_taken":0.0},{"event_name":"Falling","player_choice":"Removed Skill","floor":37.0,"damage_taken":0.0},{"event_name":"Duplicator","player_choice":"One dupe","floor":47.0,"damage_taken":0.0}],"boss_relics":[{"not_picked":["Cursed Key","Tiny House"],"picked":"Mark of Pain"},{"not_picked":["Velvet Choker","Astrolabe"],"picked":"Philosopher\u0027s Stone"}],"items_purged_floors":[],"potions_floor_spawned":[2,5,10,16,21,29,31,39,44],"seed_played":"-1540189553095927502","ascension_level":0,"potions_obtained":[{"floor":2.0,"key":"SkillPotion"},{"floor":5.0,"key":"BloodPotion"},{"floor":10.0,"key":"Block Potion"},{"floor":16.0,"key":"LiquidBronze"},{"floor":21.0,"key":"EssenceOfSteel"},{"floor":29.0,"key":"Block Potion"},{"floor":31.0,"key":"FearPotion"},{"floor":44.0,"key":"LiquidBronze"}],"is_trial":false}