{"gold_per_floor":[112,129,129,147,165,197,197,118,118,130,165,179,190,47,47,146,146,165,185,199,217,233,233,158,158,210,228,258,258,258,114,114,114],"floor_reached":33,"playtime":833,"items_purged":[],"score":306,"play_id":"c7737ac9-f3d2-4a41-b3d2-13eb94e6cd10","local_time":"20180801032344","is_ascension_mode":false,"campfire_choices":[{"data":"Bash","floor":7,"key":"SMITH"},{"floor":15,"key":"REST"},{"floor":23,"key":"REST"},{"data":"Double Tap","floor":32,"key":"SMITH"}],"neow_cost":"NONE","seed_source_timestamp":24273732838400,"circlet_count":0,"master_deck":["Defend_R","Defend_R","Defend_R","Bash+1","Inflame","Inflame","Double Tap+1","Twin Strike+1","Rage","Bite","Bite","Bite","Bite","Bite"],"relics":["Burning Blood","Juzu Bracelet","Omamori","Art of War","Ornamental Fan","Vajra","Sozu","Red Skull","Ginger","Pen Nib"],"potions_floor_usage":[11,11,11,16,28],"damage_taken":[{"damage":6,"enemies":"Jaw Worm","floor":1,"turns":3},{"damage":1,"enemies":"Cultist","floor":2,"turns":3},{"damage":5,"enemies":"Small Slimes","floor":4,"turns":5},{"damage":13,"enemies":"Blue Slaver","floor":5,"turns":6},{"damage":34,"enemies":"Gremlin Nob","floor":6,"turns":5},{"damage":4,"enemies":"3 Louse","floor":10,"turns":4},{"damage":41,"enemies":"Lagavulin","floor":11,"turns":4},{"damage":2,"enemies":"Exordium Wildlife","floor":12,"turns":4},{"damage":7,"enemies":"2 Fungi Beasts","floor":13,"turns":3},{"damage":44,"enemies":"Hexaghost","floor":16,"turns":8},{"damage":23,"enemies":"3 Byrds","floor":18,"turns":6},{"damage":5,"enemies":"Chosen","floor":19,"turns":3},{"damage":29,"enemies":"3 Cultists","floor":20,"turns":5},{"damage":9,"enemies":"Snecko","floor":21,"turns":4},{"damage":15,"enemies":"Snake Plant","floor":22,"turns":3},{"damage":18,"enemies":"3 Cultists","floor":27,"turns":5},{"damage":21,"enemies":"Gremlin Leader","floor":28,"turns":5},{"damage":35,"enemies":"Collector","floor":33,"turns":3}],"seed_played":"-784582566956338175","potions_obtained":[{"floor":1,"key":"BloodPotion"},{"floor":5,"key":"Strength Potion"},{"floor":6,"key":"SkillPotion"},{"floor":12,"key":"Swift Potion"},{"floor":13,"key":"SteroidPotion"}],"is_trial":false,"path_per_floor":["M","M","?","M","M","E","R","$","T","M","E","M","M","$","R","B",null,"M","M","M","M","M","R","?","$","T","M","E","$","?","$","R"],"character_chosen":"IRONCLAD","items_purchased":["Inflame","Vajra","Pen Nib"],"campfire_rested":2,"item_purchase_floors":[8,14,31],"current_hp_per_floor":[80,80,80,80,73,45,45,45,45,47,20,24,23,23,47,9,80,63,64,41,38,29,53,53,53,53,41,26,26,26,26,26,0],"gold":114,"neow_bonus":"RANDOM_COMMON_RELIC","is_prod":false,"is_daily":false,"chose_seed":false,"campfire_upgraded":2,"win_rate":0,"timestamp":1533083024,"path_taken":["M","M","?","M","M","E","R","$","T","M","E","M","M","$","R","BOSS","M","M","M","M","M","R","?","$","T","M","E","$","?","$","R","BOSS"],"build_version":"2018-07-26","purchased_purges":0,"victory":false,"max_hp_per_floor":[80,80,80,80,80,80,80,80,80,80,80,80,80,80,80,80,80,80,80,80,80,80,80,80,80,80,80,80,80,56,56,56,56],"card_choices":[{"not_picked":["Dropkick","Perfected Strike","Pommel Strike"],"picked":"SKIP","floor":1},{"not_picked":["Infernal Blade","Heavy Blade","Thunderclap"],"picked":"SKIP","floor":2},{"not_picked":["True Grit","Power Through","Headbutt"],"picked":"SKIP","floor":4},{"not_picked":["Pommel Strike","Heavy Blade","Searing Blow"],"picked":"SKIP","floor":5},{"not_picked":["Brutality","Seeing Red","Flex"],"picked":"SKIP","floor":6},{"not_picked":["Intimidate","Power Through","Clothesline"],"picked":"SKIP","floor":10},{"not_picked":["Pommel Strike","Perfected Strike","Iron Wave"],"picked":"SKIP","floor":11},{"not_picked":["Sentinel","Perfected Strike"],"picked":"Inflame","floor":12},{"not_picked":["Intimidate","Corruption","Disarm"],"picked":"SKIP","floor":13},{"not_picked":["Impervious","Brutality"],"picked":"Double Tap","floor":16},{"not_picked":["True Grit","Pommel Strike","Shrug It Off"],"picked":"SKIP","floor":18},{"not_picked":["Iron Wave+1","Rupture+1"],"picked":"Twin Strike+1","floor":19},{"not_picked":["Reckless Charge","Shockwave"],"picked":"Rage","floor":20},{"not_picked":["Metallicize","Iron Wave+1","Heavy Blade"],"picked":"SKIP","floor":21},{"not_picked":["True Grit","Searing Blow+1","Spot Weakness"],"picked":"SKIP","floor":22},{"not_picked":["Heavy Blade","Searing Blow","Shrug It Off"],"picked":"SKIP","floor":27},{"not_picked":["Flame Barrier","Seeing Red","Clothesline"],"picked":"SKIP","floor":28}],"player_experience":284512,"relics_obtained":[{"floor":6,"key":"Omamori"},{"floor":9,"key":"Art of War"},{"floor":11,"key":"Ornamental Fan"},{"floor":26,"key":"Red Skull"},{"floor":28,"key":"Ginger"}],"event_choices":[{"event_name":"Transmorgrifier","player_choice":"Skipped","floor":3,"damage_taken":0},{"event_name":"Beggar","player_choice":"Gave Gold","floor":24,"damage_taken":0},{"event_name":"Vampires","player_choice":"Became a vampire","floor":30,"damage_taken":0}],"is_beta":false,"boss_relics":[{"not_picked":["Black Blood","Empty Cage"],"picked":"Sozu"}],"items_purged_floors":[],"is_endless":false,"potions_floor_spawned":[1,5,6,12,13,19,21,22,28],"killed_by":"Collector","ascension_level":0}