{"gold_per_floor":[111,130,146,421,274,274,302,312,312,342,358,377,377,20,20,120,120,132,132,132,7,25,54,54,65,117,147,147,147,147,161,161,265,265,284,284,134,146,100,118,118,131,131,131,142,172,183,199,199,199],"floor_reached":51,"playtime":1560,"items_purged":["Regret","Regret","Strike_R+1","Strike_R+1"],"score":854,"play_id":"0c7331d5-920d-4cc2-b1b3-bd58e9424780","local_time":"20190719105752","is_ascension_mode":false,"campfire_choices":[{"data":"Body Slam","floor":6.0,"key":"SMITH"},{"data":"Barricade","floor":15.0,"key":"SMITH"},{"data":"Ghostly Armor","floor":24.0,"key":"SMITH"},{"data":"Impervious","floor":28,"key":"SMITH"},{"data":"Bash","floor":32,"key":"SMITH"},{"floor":44,"key":"RECALL"},{"data":"Entrench","floor":49,"key":"SMITH"}],"neow_cost":"NONE","seed_source_timestamp":96683803611800,"circlet_count":0,"master_deck":["Strike_R+1","Strike_R+1","Defend_R+1","Defend_R+1","Defend_R+1","Defend_R+1","Bash+1","Body Slam+1","Ghostly Armor+1","Barricade+1","Evolve+1","Impervious+1","Body Slam+1","Ghostly Armor+1","Body Slam+1","Entrench+1"],"special_seed":0,"relics":["Burning Blood","Molten Egg 2","Frozen Egg 2","Blue Candle","Charon\u0027s Ashes","Letter Opener","Runic Pyramid","Bronze Scales","Juzu Bracelet","PreservedInsect","Cursed Key","Dodecahedron"],"potions_floor_usage":[33,40,50],"damage_taken":[{"damage":7.0,"enemies":"Small Slimes","floor":1.0,"turns":4.0},{"damage":0.0,"enemies":"Cultist","floor":2.0,"turns":3.0},{"damage":5.0,"enemies":"2 Louse","floor":3.0,"turns":3.0},{"damage":20.0,"enemies":"Gremlin Nob","floor":7.0,"turns":4.0},{"damage":24.0,"enemies":"Large Slime","floor":8.0,"turns":13.0},{"damage":34.0,"enemies":"3 Sentries","floor":10.0,"turns":13.0},{"damage":20.0,"enemies":"Exordium Wildlife","floor":11.0,"turns":8.0},{"damage":1.0,"enemies":"3 Louse","floor":12.0,"turns":4.0},{"damage":10.0,"enemies":"Slime Boss","floor":16.0,"turns":10.0},{"damage":26.0,"enemies":"Shell Parasite","floor":18.0,"turns":14.0},{"damage":10.0,"enemies":"3 Byrds","floor":22.0,"turns":5.0},{"damage":19.0,"enemies":"Slavers","floor":23.0,"turns":9.0},{"damage":0.0,"enemies":"Sentry and Sphere","floor":25.0,"turns":5.0},{"damage":26,"enemies":"Book of Stabbing","floor":27,"turns":6},{"damage":5,"enemies":"3 Cultists","floor":31,"turns":5},{"damage":0,"enemies":"Collector","floor":33,"turns":9},{"damage":3,"enemies":"3 Darklings","floor":35,"turns":3},{"damage":0,"enemies":"Orb Walker","floor":38,"turns":4},{"damage":0,"enemies":"Sphere and 2 Shapes","floor":40,"turns":5},{"damage":0,"enemies":"Maw","floor":42,"turns":5},{"damage":0,"enemies":"Spire Growth","floor":45,"turns":4},{"damage":0,"enemies":"Reptomancer","floor":46,"turns":4},{"damage":0,"enemies":"3 Darklings","floor":47,"turns":5},{"damage":0,"enemies":"Transient","floor":48,"turns":5},{"damage":31,"enemies":"Awakened One","floor":50,"turns":8}],"seed_played":"8888412380930339892","potions_obtained":[{"floor":3.0,"key":"FearPotion"},{"floor":7.0,"key":"EssenceOfSteel"},{"floor":8.0,"key":"SpeedPotion"},{"floor":10.0,"key":"Regen Potion"},{"floor":23.0,"key":"Fruit Juice"},{"floor":27,"key":"Regen Potion"},{"floor":31,"key":"Dexterity Potion"},{"floor":33,"key":"AttackPotion"},{"floor":40,"key":"Fruit Juice"}],"is_trial":false,"path_per_floor":["M","M","M","?","$","R","E","M","T","E","M","M","?","$","R","B",null,"M","?","?","$","M","E","R","M","T","E","R","?","?","M","R","B",null,"M","?","$","M","$","M","T","M","T","R","M","E","M","M","R","B",null],"character_chosen":"IRONCLAD","items_purchased":["Barricade","Letter Opener","Body Slam+1"],"campfire_rested":0,"item_purchase_floors":[5,14,39],"current_hp_per_floor":[87,88,88,88,88,88,74,56,56,28,14,19,19,19,19,30,88,68,68,68,68,64,56,56,62,62,42,42,42,42,43,43,49,93,93,93,93,93,93,98,98,98,98,98,98,98,98,98,98,83],"gold":199,"neow_bonus":"TEN_PERCENT_HP_BONUS","is_prod":false,"is_daily":false,"chose_seed":false,"campfire_upgraded":6,"win_rate":0,"timestamp":1563523072,"path_taken":["M","M","M","?","$","R","E","M","T","E","M","?","?","$","R","BOSS","M","?","?","$","M","E","R","M","T","E","R","?","?","M","R","BOSS","M","?","$","M","$","M","?","M","T","R","M","E","M","M","R","BOSS"],"build_version":"2019-07-18","purchased_purges":4,"victory":true,"max_hp_per_floor":[88,88,88,88,88,88,88,88,88,88,88,88,88,88,88,88,88,88,88,88,88,88,93,93,93,93,93,93,93,93,93,93,93,93,93,93,93,93,93,98,98,98,98,98,98,98,98,98,98,98],"card_choices":[{"not_picked":["Rage","Wild Strike"],"picked":"Body Slam","floor":1.0},{"not_picked":["Whirlwind","Warcry"],"picked":"Ghostly Armor","floor":2.0},{"not_picked":["Headbutt","Anger","Thunderclap"],"picked":"SKIP","floor":3.0},{"not_picked":["Shockwave","Warcry","Feel No Pain"],"picked":"SKIP","floor":7.0},{"not_picked":["Clothesline+1","Infernal Blade","Pommel Strike+1"],"picked":"SKIP","floor":8.0},{"not_picked":["Havoc","Anger+1"],"picked":"Evolve+1","floor":10.0},{"not_picked":["Flex","Clash+1","Blood for Blood+1"],"picked":"SKIP","floor":11.0},{"not_picked":["Clash+1","Armaments","Twin Strike+1"],"picked":"SKIP","floor":12.0},{"not_picked":["Offering","Dark Embrace+1"],"picked":"Impervious","floor":16.0},{"not_picked":["Flame Barrier","Flex","Pommel Strike+1"],"picked":"SKIP","floor":18.0},{"not_picked":["Clothesline+1","Havoc","Spot Weakness"],"picked":"SKIP","floor":22.0},{"not_picked":["Wild Strike+1","Blood for Blood+1"],"picked":"Body Slam+1","floor":23.0},{"not_picked":["Fire Breathing+1","Pommel Strike+1","Whirlwind+1"],"picked":"SKIP","floor":25.0},{"not_picked":["Infernal Blade","Blood for Blood+1"],"picked":"Ghostly Armor+1","floor":27},{"not_picked":["Feed+1","Warcry+1","Blood for Blood+1"],"picked":"SKIP","floor":31},{"not_picked":["Perfected Strike+1","Power Through","Clothesline+1"],"picked":"SKIP","floor":35},{"not_picked":["Intimidate","Pommel Strike+1","True Grit"],"picked":"SKIP","floor":38},{"not_picked":["Carnage+1","Warcry","Rage+1"],"picked":"SKIP","floor":40},{"not_picked":["Havoc","Clash+1","Warcry+1"],"picked":"SKIP","floor":42},{"not_picked":["Perfected Strike+1","Clothesline+1","Cleave+1"],"picked":"SKIP","floor":45},{"not_picked":["Iron Wave+1","Sever Soul+1","Carnage+1"],"picked":"SKIP","floor":46},{"not_picked":["Iron Wave+1","Inflame+1"],"picked":"Entrench","floor":47},{"not_picked":["Flex+1","Berserk+1","Pommel Strike+1"],"picked":"SKIP","floor":48}],"player_experience":179376,"relics_obtained":[{"floor":7.0,"key":"Molten Egg 2"},{"floor":9.0,"key":"Frozen Egg 2"},{"floor":10.0,"key":"Blue Candle"},{"floor":23.0,"key":"Bronze Scales"},{"floor":26.0,"key":"Juzu Bracelet"},{"floor":27,"key":"PreservedInsect"},{"floor":46,"key":"Dodecahedron"}],"event_choices":[{"damage_healed":0.0,"max_hp_gain":0.0,"max_hp_loss":0.0,"gold_gain":275.0,"event_name":"Golden Shrine","player_choice":"Desecrate","floor":4.0,"gold_loss":0.0,"damage_taken":0.0,"cards_obtained":["Regret"]},{"damage_healed":0.0,"max_hp_gain":0.0,"max_hp_loss":0.0,"gold_gain":0.0,"event_name":"Big Fish","player_choice":"Box","floor":13.0,"gold_loss":0.0,"damage_taken":0.0,"relics_obtained":["Charon\u0027s Ashes"],"cards_obtained":["Regret"]},{"damage_healed":0.0,"max_hp_gain":0.0,"max_hp_loss":0.0,"gold_gain":0.0,"event_name":"Back to Basics","player_choice":"Simplicity","floor":20.0,"gold_loss":0.0,"damage_taken":0.0,"cards_upgraded":["Strike_R","Strike_R","Strike_R","Strike_R","Strike_R","Defend_R","Defend_R","Defend_R","Defend_R"]},{"damage_healed":0,"gold_gain":0,"player_choice":"Ignored","damage_taken":0,"max_hp_gain":0,"max_hp_loss":0,"event_name":"Ghosts","floor":29,"gold_loss":0},{"damage_healed":0,"gold_gain":0,"player_choice":"Ignored","damage_taken":0,"max_hp_gain":0,"max_hp_loss":0,"event_name":"Vampires","floor":30,"gold_loss":0},{"cards_removed":["Strike_R"],"damage_healed":0,"gold_gain":0,"player_choice":"Removed Attack","damage_taken":0,"max_hp_gain":0,"max_hp_loss":0,"event_name":"Falling","floor":36,"gold_loss":0}],"is_beta":true,"boss_relics":[{"not_picked":["Runic Dome","Snecko Eye"],"picked":"Runic Pyramid"},{"not_picked":["Pandora\u0027s Box","Black Star"],"picked":"Cursed Key"}],"items_purged_floors":[5,14,21,37],"is_endless":false,"potions_floor_spawned":[3,7,8,10,11,23,27,31,33,38,40],"ascension_level":0}