{"gold_per_floor":[118,133,133,133,147,182,182,216,264,264,280,280,298,1,1,102,102,120,138,157,172,97,97,125,125,125,56,56,8,25,54,54,151,151,168,268,278,288,306,306,324,343,343,343,361,361,361,286,286,286],"floor_reached":50,"playtime":3572,"items_purged":["Parasite"],"score":569,"play_id":"0f1bd28b-d2ee-480f-bb33-155e1c5a31a3","local_time":"20190710090710","is_ascension_mode":false,"campfire_choices":[{"floor":7,"key":"REST"},{"data":"Blade Dance","floor":10,"key":"SMITH"},{"data":"Neutralize","floor":12,"key":"SMITH"},{"data":"Apotheosis","floor":15,"key":"SMITH"},{"data":"Envenom","floor":23,"key":"SMITH"},{"data":"Noxious Fumes","floor":25,"key":"SMITH"},{"floor":32,"key":"RECALL"},{"data":"After Image","floor":40,"key":"SMITH"},{"floor":44,"key":"REST"},{"data":"Accuracy","floor":46,"key":"SMITH"},{"floor":49,"key":"REST"}],"neow_cost":"NONE","seed_source_timestamp":47973203635199,"circlet_count":0,"master_deck":["Strike_G","Strike_G","Strike_G","Strike_G","Strike_G","Defend_G","Defend_G","Defend_G","Defend_G","Defend_G","Survivor","Neutralize+1","Choke","All Out Attack","Bandage Up","Underhanded Strike","Deadly Poison","Dodge and Roll","Blade Dance+1","Dagger Spray","Flying Knee","Noxious Fumes+1","Apotheosis+1","Poisoned Stab","Envenom+1","Dodge and Roll","Caltrops+1","Deflect","Cloak And Dagger+1","Accuracy+1","Slice","After Image+1","Infinite Blades","Catalyst","Cloak And Dagger","Deflect+1","Clumsy","Dodge and Roll+1","Madness","Madness"],"relics":["Ring of the Snake","Kunai","Centennial Puzzle","Pen Nib","Oddly Smooth Stone","Cursed Key","Mummified Hand","Nilry\u0027s Codex","Letter Opener","Sozu","StoneCalendar","Sundial"],"potions_floor_usage":[6,8,13,21,24,24,31,33,33,38],"damage_taken":[{"damage":0,"enemies":"2 Louse","floor":1,"turns":3},{"damage":0,"enemies":"Jaw Worm","floor":2,"turns":4},{"damage":6,"enemies":"Cultist","floor":5,"turns":4},{"damage":54,"enemies":"Lagavulin","floor":6,"turns":7},{"damage":15,"enemies":"Gremlin Nob","floor":8,"turns":4},{"damage":3,"enemies":"Red Slaver","floor":11,"turns":4},{"damage":0,"enemies":"Gremlin Gang","floor":13,"turns":3},{"damage":24,"enemies":"The Guardian","floor":16,"turns":9},{"damage":2,"enemies":"Spheric Guardian","floor":18,"turns":3},{"damage":0,"enemies":"Chosen","floor":19,"turns":3},{"damage":7,"enemies":"Snake Plant","floor":20,"turns":3},{"damage":10,"enemies":"Shelled Parasite and Fungi","floor":21,"turns":4},{"damage":0,"enemies":"Gremlin Leader","floor":24,"turns":6},{"damage":3,"enemies":"Snecko","floor":30,"turns":4},{"damage":0,"enemies":"Slavers","floor":31,"turns":2},{"damage":39,"enemies":"Automaton","floor":33,"turns":8},{"damage":4,"enemies":"Orb Walker","floor":35,"turns":3},{"damage":15,"enemies":"Mind Bloom Boss Battle","floor":36,"turns":7},{"damage":3,"enemies":"3 Darklings","floor":37,"turns":4},{"damage":17,"enemies":"Sphere and 2 Shapes","floor":38,"turns":4},{"damage":7,"enemies":"Transient","floor":39,"turns":5},{"damage":12,"enemies":"Jaw Worm Horde","floor":41,"turns":5},{"damage":0,"enemies":"Maw","floor":42,"turns":6},{"damage":5,"enemies":"4 Shapes","floor":45,"turns":5},{"damage":77,"enemies":"Awakened One","floor":50,"turns":10}],"seed_played":"5633408114493739347","potions_obtained":[{"floor":1,"key":"Regen Potion"},{"floor":2,"key":"GamblersBrew"},{"floor":6,"key":"Energy Potion"},{"floor":8,"key":"SpeedPotion"},{"floor":18,"key":"Block Potion"},{"floor":20,"key":"Weak Potion"},{"floor":24,"key":"SkillPotion"},{"floor":30,"key":"EssenceOfSteel"},{"floor":31,"key":"Poison Potion"}],"is_trial":false,"path_per_floor":["M","M","?","?","M","E","R","E","T","R","M","R","M","$","R","B",null,"M","M","M","M","?","R","E","R","T","$","?","$","M","E","R","B",null,"M","?","M","M","M","R","M","M","T","R","M","R","?","$","R","B"],"character_chosen":"THE_SILENT","items_purchased":["Noxious Fumes","Apotheosis","Poisoned Stab","Accuracy","Strength Potion"],"campfire_rested":3,"item_purchase_floors":[14,14,14,27,29],"current_hp_per_floor":[70,70,63,63,61,22,43,32,32,32,33,33,33,33,33,15,70,68,70,69,59,59,59,65,65,65,65,49,49,50,54,54,21,70,66,55,58,47,40,40,32,38,38,59,60,60,51,51,67,0],"gold":286,"neow_bonus":"ONE_RANDOM_RARE_CARD","is_prod":false,"is_daily":false,"chose_seed":false,"campfire_upgraded":7,"win_rate":0,"timestamp":1562742430,"path_taken":["M","M","?","?","M","E","R","E","T","R","?","R","M","?","R","BOSS","M","?","?","M","?","R","E","R","T","$","?","?","M","E","R","BOSS","M","?","M","M","M","R","M","M","T","R","M","R","?","$","R","BOSS"],"build_version":"2019-07-05","purchased_purges":1,"victory":false,"max_hp_per_floor":[70,70,70,70,70,70,70,70,70,70,70,70,70,70,70,70,70,70,70,70,70,70,70,70,70,70,70,70,70,70,70,70,70,70,70,70,70,70,70,70,70,70,70,70,70,70,70,67,67,67],"card_choices":[{"not_picked":["Eviscerate","PiercingWail"],"picked":"Choke","floor":1},{"not_picked":["Dagger Throw","Deflect"],"picked":"All Out Attack","floor":2},{"not_picked":["Distraction","Outmaneuver"],"picked":"Deadly Poison","floor":5},{"not_picked":["Catalyst","Calculated Gamble"],"picked":"Dodge and Roll","floor":6},{"not_picked":["Sucker Punch","Skewer"],"picked":"Blade Dance","floor":8},{"not_picked":["Acrobatics","Heel Hook"],"picked":"Dagger Spray","floor":11},{"not_picked":["Predator","Underhanded Strike"],"picked":"Flying Knee","floor":13},{"not_picked":["Doppelganger","Die Die Die"],"picked":"Envenom","floor":16},{"not_picked":["Prepared+1","Slice"],"picked":"Dodge and Roll","floor":18},{"not_picked":["Flying Knee","Underhanded Strike","Dagger Spray+1"],"picked":"SKIP","floor":19},{"not_picked":["Storm of Steel","Flechettes+1"],"picked":"Caltrops+1","floor":20},{"not_picked":["Blade Dance","Prepared"],"picked":"Deflect","floor":21},{"not_picked":["Crippling Poison","Dodge and Roll"],"picked":"Cloak And Dagger+1","floor":24},{"not_picked":["Dagger Spray","Predator","Poisoned Stab"],"picked":"SKIP","floor":30},{"not_picked":["PiercingWail","Flechettes"],"picked":"Slice","floor":31},{"not_picked":["Unload","Bullet Time"],"picked":"After Image","floor":33},{"not_picked":["Bane+1","Underhanded Strike"],"picked":"Infinite Blades","floor":35},{"not_picked":["Well Laid Plans+1","Backflip"],"picked":"Catalyst","floor":36},{"not_picked":["Prepared","Deflect","Sucker Punch"],"picked":"SKIP","floor":37},{"not_picked":["Blade Dance","Flechettes+1"],"picked":"Cloak And Dagger","floor":38},{"not_picked":["Riddle With Holes+1","Finisher"],"picked":"Deflect+1","floor":39},{"not_picked":["Deflect","Calculated Gamble+1","Tactician+1"],"picked":"SKIP","floor":41},{"not_picked":["Cloak And Dagger","Storm of Steel","Acrobatics"],"picked":"SKIP","floor":42},{"not_picked":["Concentrate+1","Backflip+1"],"picked":"Dodge and Roll+1","floor":45}],"player_experience":334560,"relics_obtained":[{"floor":6,"key":"Centennial Puzzle"},{"floor":8,"key":"Pen Nib"},{"floor":9,"key":"Oddly Smooth Stone"},{"floor":24,"key":"Mummified Hand"},{"floor":28,"key":"Nilry\u0027s Codex"},{"floor":31,"key":"Letter Opener"},{"floor":36,"key":"StoneCalendar"},{"floor":43,"key":"Sundial"}],"event_choices":[{"damage_healed":0,"gold_gain":0,"player_choice":"Success","damage_taken":7,"relics_obtained":["Kunai"],"max_hp_gain":0,"max_hp_loss":0,"event_name":"Scrap Ooze","floor":3,"gold_loss":0},{"damage_healed":0,"gold_gain":0,"player_choice":"2 cards matched","damage_taken":0,"max_hp_gain":0,"max_hp_loss":0,"event_name":"Match and Keep!","floor":4,"gold_loss":0,"cards_obtained":["Bandage Up","Underhanded Strike"]},{"cards_removed":["Phantasmal Killer"],"damage_healed":0,"gold_gain":0,"player_choice":"Gave Gold","damage_taken":0,"max_hp_gain":0,"max_hp_loss":0,"event_name":"Beggar","floor":22,"gold_loss":75},{"damage_healed":0,"gold_gain":0,"player_choice":"Obtained Book","damage_taken":16,"max_hp_gain":0,"max_hp_loss":0,"event_name":"Cursed Tome","floor":28,"gold_loss":0},{"damage_healed":0,"gold_gain":0,"player_choice":"Fight","damage_taken":0,"max_hp_gain":0,"max_hp_loss":0,"event_name":"MindBloom","floor":36,"gold_loss":0},{"damage_healed":0,"gold_gain":0,"player_choice":"Embrace Madness","damage_taken":9,"max_hp_gain":0,"max_hp_loss":0,"event_name":"Winding Halls","floor":47,"gold_loss":0,"cards_obtained":["Madness","Madness"]}],"is_beta":false,"boss_relics":[{"not_picked":["Runic Dome","Velvet Choker"],"picked":"Cursed Key"},{"not_picked":["Black Star","Orrery"],"picked":"Sozu"}],"items_purged_floors":[48],"is_endless":false,"potions_floor_spawned":[1,2,6,8,18,20,24,30,31,35,38,41],"killed_by":"Awakened One","ascension_level":0}