{"path_per_floor":["M","M","$","M","M","R","M","E","T","M","M","M","$","M","R","B",null,"M","M","M","?","$","E","M","E","T","R","M","M","M","?","R"],"character_chosen":"IRONCLAD","items_purchased":["Paper Frog","Shrug It Off","Orichalcum"],"gold_per_floor":[118,136,136,152,165,165,183,215,297,317,337,348,46,61,61,158,158,178,195,215,215,61,96,111,145,145,145,158,168,187,187,187,187],"floor_reached":33,"campfire_rested":1,"playtime":1253,"item_purchase_floors":[],"current_hp_per_floor":[80,80,80,80,76,76,75,56,56,55,50,49,49,52,52,44,86,85,81,71,71,71,53,51,41,41,41,47,49,38,22,52,0],"items_purged":[],"gold":187,"score":322,"play_id":"cc3a7382-b0f7-485d-bc4b-b0e462cdc9ea","local_time":"20180609002244","is_prod":false,"is_daily":false,"chose_seed":false,"is_ascension_mode":false,"campfire_upgraded":3,"win_rate":0.0,"timestamp":1528492964,"campfire_choices":[{"data":"Fiend Fire","floor":6.0,"key":"SMITH"},{"data":"Spot Weakness","floor":15.0,"key":"SMITH"},{"data":"Feed","floor":27,"key":"SMITH"},{"floor":32,"key":"REST"}],"path_taken":["M","M","$","M","M","R","M","E","T","M","M","M","$","M","R","BOSS","M","M","M","?","$","E","?","E","T","R","?","M","M","?","R","BOSS"],"build_version":"2018-06-07v3","seed_source_timestamp":599523870040314,"purchased_purges":0,"victory":false,"master_deck":["Strike_R","Strike_R","Strike_R","Strike_R","Strike_R","Defend_R","Defend_R","Defend_R","Defend_R","Bash+1","Parasite","Fiend Fire+1","Twin Strike","Ghostly Armor","Iron Wave","Iron Wave","Twin Strike","Feed+1","Cleave+1","Twin Strike","Shrug It Off","Spot Weakness+1","Offering","Rage","Thunderclap","Flame Barrier+1","Bloodletting+1","Iron Wave+1","Whirlwind","Necronomicurse","Ghostly Armor"],"max_hp_per_floor":[80,80,80,80,80,80,80,80,80,83,86,86,86,86,86,86,86,86,86,86,86,86,89,92,95,95,95,99,99,103,103,103,108],"relics":["Burning Blood","Self Forming Clay","Tiny Chest","Paper Frog","Velvet Choker","Orichalcum","Matryoshka","Whetstone","Anchor","Dream Catcher","Necronomicon"],"card_choices":[{"not_picked":["Barricade","Reaper"],"picked":"Fiend Fire","floor":0.0},{"not_picked":["Sever Soul","Iron Wave"],"picked":"Twin Strike","floor":1.0},{"not_picked":["Blood for Blood","Shockwave"],"picked":"Ghostly Armor","floor":2.0},{"not_picked":["Wild Strike","Headbutt"],"picked":"Iron Wave","floor":4.0},{"not_picked":["Havoc","Disarm"],"picked":"Iron Wave","floor":5.0},{"not_picked":["Flex","Infernal Blade"],"picked":"Twin Strike","floor":7.0},{"not_picked":["Body Slam","Iron Wave"],"picked":"Feed","floor":8.0},{"not_picked":["Heavy Blade","Havoc"],"picked":"Cleave","floor":10.0},{"not_picked":["Warcry","Thunderclap"],"picked":"Twin Strike","floor":11.0},{"not_picked":["Heavy Blade","Sentinel","Hemokinesis"],"picked":"SKIP","floor":12.0},{"not_picked":["Anger","Entrench"],"picked":"Spot Weakness","floor":14.0},{"not_picked":["Dark Embrace","Bludgeon"],"picked":"Offering","floor":16.0},{"not_picked":["Burning Pact","Pommel Strike"],"picked":"Rage","floor":18.0},{"not_picked":["Dual Wield","Clothesline","Wild Strike+1"],"picked":"SKIP","floor":19.0},{"not_picked":["Heavy Blade+1","Clothesline"],"picked":"Thunderclap","floor":20.0},{"not_picked":["Anger","Heavy Blade","Pommel Strike+1"],"picked":"SKIP","floor":23.0},{"not_picked":["Shockwave","Havoc","Sentinel"],"picked":"SKIP","floor":24},{"not_picked":["Clothesline","Fire Breathing"],"picked":"Flame Barrier+1","floor":25},{"not_picked":["Rage","Headbutt"],"picked":"Bloodletting+1","floor":28},{"not_picked":["Clothesline+1","Juggernaut"],"picked":"Iron Wave+1","floor":29},{"not_picked":["Twin Strike","Pommel Strike+1"],"picked":"Whirlwind","floor":30},{"not_picked":["Clothesline","Heavy Blade"],"picked":"Ghostly Armor","floor":32}],"player_experience":98122,"potions_floor_usage":[33,33,33],"damage_taken":[{"damage":6.0,"enemies":"Jaw Worm","floor":1.0,"turns":3.0},{"damage":6.0,"enemies":"Cultist","floor":2.0,"turns":3.0},{"damage":0.0,"enemies":"Small Slimes","floor":4.0,"turns":3.0},{"damage":10.0,"enemies":"Exordium Wildlife","floor":5.0,"turns":6.0},{"damage":7.0,"enemies":"Large Slime","floor":7.0,"turns":7.0},{"damage":25.0,"enemies":"3 Sentries","floor":8.0,"turns":8.0},{"damage":10.0,"enemies":"Lots of Slimes","floor":10.0,"turns":4.0},{"damage":14.0,"enemies":"Gremlin Gang","floor":11.0,"turns":4.0},{"damage":7.0,"enemies":"Looter","floor":12.0,"turns":2.0},{"damage":3.0,"enemies":"2 Fungi Beasts","floor":14.0,"turns":3.0},{"damage":14.0,"enemies":"Slime Boss","floor":16.0,"turns":7.0},{"damage":7.0,"enemies":"3 Byrds","floor":18.0,"turns":3.0},{"damage":10.0,"enemies":"2 Thieves","floor":19.0,"turns":2.0},{"damage":16.0,"enemies":"3 Cultists","floor":20.0,"turns":5.0},{"damage":27.0,"enemies":"Book of Stabbing","floor":23.0,"turns":4.0},{"damage":11,"enemies":"Cultist and Chosen","floor":24,"turns":4},{"damage":19,"enemies":"Slavers","floor":25,"turns":4},{"damage":4,"enemies":"Snake Plant","floor":28,"turns":3},{"damage":4,"enemies":"Snecko","floor":29,"turns":5},{"damage":21,"enemies":"Chosen and Byrds","floor":30,"turns":5},{"damage":58,"enemies":"Automaton","floor":33,"turns":8}],"relics_obtained":[{"floor":8.0,"key":"Self Forming Clay"},{"floor":9.0,"key":"Tiny Chest"},{"floor":23.0,"key":"Matryoshka"},{"floor":25,"key":"Whetstone"},{"floor":26,"key":"Anchor"},{"floor":26,"key":"Dream Catcher"},{"floor":31,"key":"Necronomicon"}],"event_choices":[{"event_name":"Beggar","player_choice":"Ignored","floor":21.0,"damage_taken":0.0},{"event_name":"Cursed Tome","player_choice":"Obtained Book","floor":31,"damage_taken":0}],"boss_relics":[{"not_picked":["Black Blood","Eternal Feather"],"picked":"Velvet Choker"}],"items_purged_floors":[],"potions_floor_spawned":[2,5,7,8,10,14,23,24,25,28,29],"seed_played":"-6664270697325375356","killed_by":"Automaton","ascension_level":0,"potions_obtained":[{"floor":2.0,"key":"Dexterity Potion"},{"floor":5.0,"key":"Weak Potion"},{"floor":7.0,"key":"Weak Potion"},{"floor":8.0,"key":"Block Potion"},{"floor":10.0,"key":"GamblersBrew"},{"floor":14.0,"key":"LiquidBronze"},{"floor":23.0,"key":"Weak Potion"},{"floor":24,"key":"EssenceOfSteel"},{"floor":25,"key":"GamblersBrew"},{"floor":29,"key":"Fruit Juice"}],"is_trial":false}