{"path_per_floor":["M","?","M","$","M","R","E","R","T","M","M","M","M","?","R","B",null,"M","M","M","?","?","R","E","$","T","M","M","$","M","M","R","B",null,"M","M","M","?","M","E","M","R","T","R","?","E","$","M","R","B"],"character_chosen":"THE_SILENT","items_purchased":["Dagger Spray","Torii","War Paint"],"gold_per_floor":[115,115,135,14,26,26,54,54,77,91,102,118,131,131,131,226,226,238,257,269,269,184,184,216,116,116,130,146,21,41,53,53,148,148,168,185,203,203,214,249,262,262,287,287,587,615,13,30,30,30],"floor_reached":51,"campfire_rested":5,"playtime":7088,"current_hp_per_floor":[70,56,56,56,56,56,50,50,50,50,50,50,50,50,50,31,70,70,50,48,48,48,69,59,59,59,29,21,21,21,21,42,16,70,70,66,66,66,60,48,26,47,47,68,68,64,64,56,70,24],"items_purged":["Defend_G","Strike_G","Injury","Strike_G"],"gold":30,"play_id":"6f96411a-9c17-493e-8061-0654467d4c71","is_prod":false,"is_daily":false,"is_ascension_mode":false,"campfire_upgraded":3,"path_taken":["M","?","?","$","M","R","E","R","T","?","M","M","M","?","R","BOSS","M","M","M","?","?","R","E","$","T","M","M","$","M","M","R","BOSS","M","M","M","?","M","E","M","R","T","R","?","E","$","M","R","BOSS"],"build_version":"2018-02-01-BETA1","purchased_purges":4,"victory":true,"master_deck":["Defend_G+1","Defend_G+1","Defend_G","Defend_G","Strike_G+1","Strike_G+1","Survivor","Neutralize+1","Noxious Fumes+1","Deadly Poison","Dagger Spray+1","Leg Sweep+1","Bouncing Flask","Predator+1","Escape Plan+1","Dodge and Roll+1","Venomology","Footwork","Backstab","Footwork+1","Calculated Gamble+1","Tools of the Trade","Prepared+1","Underhanded Strike","Noxious Fumes+1","Bane+1"],"max_hp_per_floor":[70,70,70,70,70,70,70,70,70,70,70,70,70,70,70,70,70,70,70,70,70,70,70,70,70,70,70,70,70,70,70,70,70,70,70,70,70,70,70,70,70,70,70,70,70,70,70,70,70,70],"relics":["Ring of the Snake","Ancient Tea Set","Bag of Preparation","Black Star","Ornamental Fan","Calipers","Frozen Eye","Du-Vu Doll","White Beast Statue","Pen Nib","Blood Vial","Whetstone","Happy Flower","Orichalcum","Torii","War Paint"],"card_choices":[{"not_picked":["A Thousand Cuts","Deadly Poison"],"picked":"Noxious Fumes"},{"not_picked":["Heel Hook","Flechettes"],"picked":"Deadly Poison"},{"not_picked":["Caltrops","Outmaneuver"],"picked":"Leg Sweep"},{"not_picked":["Setup","Deadly Poison"],"picked":"Bouncing Flask"},{"not_picked":["Dagger Throw","Eviscerate"],"picked":"Predator"},{"not_picked":["Bane","Cloak And Dagger"],"picked":"Escape Plan"},{"not_picked":["Cloak And Dagger","Sucker Punch"],"picked":"Dodge and Roll"},{"not_picked":["Finisher","Bane"],"picked":"Venomology"},{"not_picked":["Eviscerate","Predator"],"picked":"Footwork"},{"not_picked":["Slice","Eviscerate"],"picked":"Backstab"},{"not_picked":["Accuracy","Poisoned Stab"],"picked":"Footwork"},{"not_picked":["Finisher","Eviscerate"],"picked":"Calculated Gamble"},{"not_picked":["Storm of Steel","Venomology"],"picked":"Tools of the Trade"},{"not_picked":["Leg Sweep","Dodge and Roll"],"picked":"Prepared"},{"not_picked":["Calculated Gamble","Burst"],"picked":"Underhanded Strike"},{"not_picked":["Blade Dance","Outmaneuver"],"picked":"Noxious Fumes"},{"not_picked":["Prepared","Wraith Form"],"picked":"Bane"}],"player_experience":185626,"potions_floor_usage":[11,18,19,19,24,27,30,30,31,33,33,35,35,36,37,37,39,39,40,40,41,41,46,46,48,50,50,50,50],"damage_taken":[{"damage":0,"enemies":"Blue Slaver","floor":1,"turns":8},{"damage":0,"enemies":"Small Slimes","floor":3,"turns":4},{"damage":0,"enemies":"Jaw Worm","floor":5,"turns":3},{"damage":6,"enemies":"Lagavulin","floor":7,"turns":7},{"damage":0,"enemies":"Gremlin Gang","floor":10,"turns":2},{"damage":0,"enemies":"Large Slime","floor":11,"turns":6},{"damage":0,"enemies":"Lots of Slimes","floor":12,"turns":3},{"damage":0,"enemies":"3 Louse","floor":13,"turns":2},{"damage":19,"enemies":"Slime Boss","floor":16,"turns":7},{"damage":0,"enemies":"Chosen","floor":18,"turns":5},{"damage":20,"enemies":"2 Thieves","floor":19,"turns":3},{"damage":2,"enemies":"Centurion and Healer","floor":20,"turns":7},{"damage":10,"enemies":"Gremlin Leader","floor":24,"turns":7},{"damage":30,"enemies":"Cultist and Chosen","floor":27,"turns":10},{"damage":8,"enemies":"Snecko","floor":28,"turns":5},{"damage":0,"enemies":"Centurion and Healer","floor":30,"turns":8},{"damage":0,"enemies":"Snake Plant","floor":31,"turns":6},{"damage":26,"enemies":"Champ","floor":33,"turns":15},{"damage":0,"enemies":"3 Shapes","floor":35,"turns":8},{"damage":4,"enemies":"3 Darklings","floor":36,"turns":6},{"damage":0,"enemies":"Flame Bruiser 2 Orb","floor":37,"turns":8},{"damage":6,"enemies":"4 Shapes","floor":39,"turns":6},{"damage":12,"enemies":"Giant Head","floor":40,"turns":11},{"damage":24,"enemies":"Maw","floor":41,"turns":11},{"damage":6,"enemies":"Nemesis","floor":46,"turns":10},{"damage":23,"enemies":"3 Darklings","floor":48,"turns":6},{"damage":61,"enemies":"Donu and Deca","floor":50,"turns":11}],"event_choices":[{"event_name":"Shining Light","player_choice":"Entered Light","floor":2,"damage_taken":0},{"event_name":"Accursed Blacksmith","player_choice":"Forge","floor":14,"damage_taken":0},{"event_name":"Vampires","player_choice":"Ignored","floor":21,"damage_taken":0},{"event_name":"Addict","player_choice":"Obtained Relic","floor":22,"damage_taken":0},{"event_name":"Mysterious Sphere","player_choice":"Ignore","floor":38,"damage_taken":0},{"event_name":"Wheel of Change","player_choice":"Gold","floor":45,"damage_taken":0}],"boss_relics":[{"not_picked":["Cursed Key","Philosopher\u0027s Stone"],"picked":"Black Star"},{"not_picked":["Tiny House","Runic Dome"],"picked":"White Beast Statue"}],"potions_floor_spawned":[1,10,12,16,20,27,28,30,35,36,37,39,40,41,46,48],"seed_played":"4523793139398480457","ascension_level":0,"is_trial":false}