{"gold_per_floor":[118,118,129,129,54,54,81,95,122,122,152,162,162,17,17,120,120,132,152,172,97,97,132,132,164,164,79,79,39,4,18,18,119,119,133,151,171,182,182,182,182,182,209,209,0,0,19,19,19,19],"floor_reached":51,"playtime":3532,"items_purged":["Defend_G"],"score":1030,"play_id":"44216353-7d1c-445d-b511-24c1116d6b2b","local_time":"20181119195223","is_ascension_mode":true,"campfire_choices":[{"data":"Predator","floor":6,"key":"SMITH"},{"floor":10,"key":"REST"},{"floor":15,"key":"REST"},{"data":"After Image","floor":24,"key":"SMITH"},{"floor":32,"key":"REST"},{"floor":40,"key":"REST"},{"data":"A Thousand Cuts","floor":42,"key":"SMITH"},{"data":"Noxious Fumes","floor":44,"key":"SMITH"},{"data":"Crippling Poison","floor":46,"key":"SMITH"},{"floor":49,"key":"REST"}],"neow_cost":"NONE","seed_source_timestamp":12048710307846,"circlet_count":0,"master_deck":["Defend_G","Defend_G","Defend_G+1","Defend_G","Strike_G+1","Strike_G","Strike_G","Strike_G+1","Survivor+1","Neutralize+1","Predator+1","Cloak And Dagger","Dash+1","Poisoned Stab","After Image+1","Dagger Spray","Bullet Time+1","Escape Plan+1","Crippling Poison+1","Noxious Fumes+1","Calculated Gamble+1","A Thousand Cuts+1","Acrobatics+1","Slice+1","Madness+1","Madness+1","Neutralize+1"],"relics":["Ring of the Snake","PreservedInsect","Blood Vial","Juzu Bracelet","Whetstone","Runic Pyramid","Ninja Scroll","Molten Egg 2","Dodecahedron","Toxic Egg 2","Busted Crown","War Paint","Red Mask"],"potions_floor_usage":[11,16,18,18,33,33,36,48,50,50],"damage_taken":[{"damage":0,"enemies":"2 Louse","floor":1,"turns":2},{"damage":0,"enemies":"Small Slimes","floor":3,"turns":2},{"damage":33,"enemies":"Lagavulin","floor":7,"turns":7},{"damage":0,"enemies":"Cultist","floor":8,"turns":4},{"damage":2,"enemies":"3 Sentries","floor":11,"turns":6},{"damage":0,"enemies":"Red Slaver","floor":12,"turns":3},{"damage":0,"enemies":"The Guardian","floor":16,"turns":15},{"damage":3,"enemies":"2 Thieves","floor":18,"turns":3},{"damage":13,"enemies":"Chosen","floor":19,"turns":5},{"damage":7,"enemies":"3 Cultists","floor":20,"turns":5},{"damage":1,"enemies":"Slavers","floor":23,"turns":5},{"damage":8,"enemies":"Gremlin Leader","floor":25,"turns":5},{"damage":0,"enemies":"Snecko","floor":31,"turns":4},{"damage":37,"enemies":"Automaton","floor":33,"turns":9},{"damage":4,"enemies":"3 Shapes","floor":35,"turns":5},{"damage":4,"enemies":"3 Darklings","floor":36,"turns":3},{"damage":9,"enemies":"Transient","floor":37,"turns":5},{"damage":15,"enemies":"4 Shapes","floor":38,"turns":4},{"damage":0,"enemies":"Spire Growth","floor":47,"turns":4},{"damage":0,"enemies":"Sphere and 2 Shapes","floor":48,"turns":1},{"damage":37,"enemies":"Awakened One","floor":50,"turns":13}],"seed_played":"-3998705796546766902","potions_obtained":[{"floor":3,"key":"Swift Potion"},{"floor":7,"key":"GamblersBrew"},{"floor":12,"key":"SkillPotion"},{"floor":13,"key":"AttackPotion"},{"floor":13,"key":"EssenceOfSteel"},{"floor":16,"key":"SpeedPotion"},{"floor":20,"key":"Block Potion"},{"floor":31,"key":"Strength Potion"},{"floor":33,"key":"LiquidBronze"},{"floor":37,"key":"SmokeBomb"},{"floor":38,"key":"Energy Potion"}],"is_trial":false,"path_per_floor":["M","?","M","?","$","R","E","M","T","R","E","M","?","$","R","B",null,"M","M","M","?","?","E","R","E","T","?","$","?","$","M","R","B",null,"M","M","M","M","?","R","?","R","T","R","?","R","M","M","R","B",null],"character_chosen":"THE_SILENT","items_purchased":["Whetstone","Noxious Fumes"],"campfire_rested":5,"item_purchase_floors":[14,30],"current_hp_per_floor":[63,49,49,49,49,49,16,16,16,37,37,39,39,39,60,62,68,67,56,51,51,51,52,52,46,46,46,46,46,46,48,69,33,61,59,57,50,37,28,49,49,49,49,49,49,49,51,53,70,33],"gold":19,"neow_bonus":"THREE_CARDS","is_prod":false,"is_daily":false,"chose_seed":false,"campfire_upgraded":5,"win_rate":0,"timestamp":1542653543,"path_taken":["M","?","M","?","$","R","E","M","T","R","E","M","?","?","R","BOSS","M","M","M","?","?","E","R","E","T","?","?","?","$","M","R","BOSS","M","M","M","M","?","R","?","R","T","R","?","R","M","M","R","BOSS"],"build_version":"2018-11-15","purchased_purges":1,"victory":true,"max_hp_per_floor":[70,70,70,70,70,70,70,70,70,70,70,70,70,70,70,70,70,70,70,70,70,70,70,70,70,70,70,70,70,70,70,70,70,70,70,70,70,70,70,70,70,70,70,70,70,70,70,70,70,70],"card_choices":[{"not_picked":["Backflip","Poisoned Stab"],"picked":"Predator","floor":0},{"not_picked":["Flechettes","Dagger Spray"],"picked":"Cloak And Dagger","floor":1},{"not_picked":["Outmaneuver","Eviscerate","Deadly Poison"],"picked":"SKIP","floor":3},{"not_picked":["Caltrops","Quick Slash"],"picked":"Dash","floor":7},{"not_picked":["Backflip","Blade Dance"],"picked":"Poisoned Stab","floor":8},{"not_picked":["Backflip","Dash"],"picked":"After Image","floor":11},{"not_picked":["Dagger Throw","Leg Sweep"],"picked":"Dagger Spray","floor":12},{"not_picked":["Wraith Form v2","Phantasmal Killer"],"picked":"Bullet Time","floor":16},{"not_picked":["Outmaneuver","Dash+1","Cloak And Dagger"],"picked":"SKIP","floor":18},{"not_picked":["Dagger Spray","Bouncing Flask"],"picked":"Escape Plan","floor":19},{"not_picked":["Acrobatics","Bane","Underhanded Strike+1"],"picked":"SKIP","floor":20},{"not_picked":["Deadly Poison","Choke"],"picked":"Crippling Poison","floor":23},{"not_picked":["Dagger Spray","Outmaneuver","Distraction"],"picked":"SKIP","floor":25},{"not_picked":["Choke+1","Acrobatics+1"],"picked":"Calculated Gamble+1","floor":31},{"not_picked":["Envenom","Unload+1"],"picked":"A Thousand Cuts","floor":33},{"not_picked":[],"picked":"Acrobatics+1","floor":35},{"not_picked":["Flechettes+1"],"picked":"SKIP","floor":36},{"not_picked":[],"picked":"Slice+1","floor":37},{"not_picked":["All Out Attack+1"],"picked":"SKIP","floor":38},{"not_picked":["Noxious Fumes"],"picked":"SKIP","floor":47}],"player_experience":659174,"relics_obtained":[{"floor":7,"key":"PreservedInsect"},{"floor":9,"key":"Blood Vial"},{"floor":11,"key":"Juzu Bracelet"},{"floor":23,"key":"Ninja Scroll"},{"floor":25,"key":"Molten Egg 2"},{"floor":26,"key":"Dodecahedron"},{"floor":43,"key":"War Paint"}],"event_choices":[{"damage_healed":0,"gold_gain":0,"player_choice":"Entered Light","damage_taken":14,"max_hp_gain":0,"max_hp_loss":0,"event_name":"Shining Light","floor":2,"gold_loss":0,"cards_upgraded":["Strike_G","Neutralize"]},{"damage_healed":0,"gold_gain":0,"player_choice":"Bought 0 Potions","damage_taken":0,"max_hp_gain":0,"max_hp_loss":0,"event_name":"The Woman in Blue","floor":4,"gold_loss":0},{"damage_healed":0,"gold_gain":0,"player_choice":"Got Potions","damage_taken":0,"max_hp_gain":0,"max_hp_loss":0,"event_name":"Lab","floor":13,"gold_loss":0},{"cards_removed":["Strike_G"],"damage_healed":0,"gold_gain":0,"player_choice":"Gave Gold","damage_taken":0,"max_hp_gain":0,"max_hp_loss":0,"event_name":"Beggar","floor":21,"gold_loss":75},{"damage_healed":0,"gold_gain":0,"player_choice":"Ignored","damage_taken":0,"max_hp_gain":0,"max_hp_loss":0,"event_name":"Vampires","floor":22,"gold_loss":0},{"damage_healed":0,"gold_gain":0,"player_choice":"Obtained Relic","damage_taken":0,"relics_obtained":["Toxic Egg 2"],"max_hp_gain":0,"max_hp_loss":0,"event_name":"Addict","floor":27,"gold_loss":85},{"damage_healed":0,"gold_gain":0,"player_choice":"Upgraded Two","damage_taken":0,"max_hp_gain":0,"max_hp_loss":0,"event_name":"Designer","floor":29,"gold_loss":40,"cards_upgraded":["Bullet Time","Escape Plan"]},{"damage_healed":0,"gold_gain":0,"player_choice":"Embrace Madness","damage_taken":9,"max_hp_gain":0,"max_hp_loss":0,"event_name":"Winding Halls","floor":39,"gold_loss":0,"cards_obtained":["Madness","Madness"]},{"damage_healed":0,"gold_gain":0,"player_choice":"1 cards matched","damage_taken":0,"max_hp_gain":0,"max_hp_loss":0,"event_name":"Match and Keep!","floor":41,"gold_loss":0,"cards_obtained":["Neutralize"]},{"damage_healed":0,"gold_gain":0,"player_choice":"Paid","damage_taken":0,"relics_obtained":["Red Mask"],"max_hp_gain":0,"max_hp_loss":0,"event_name":"Tomb of Lord Red Mask","floor":45,"gold_loss":209}],"is_beta":true,"boss_relics":[{"not_picked":["Black Star","Philosopher\u0027s Stone"],"picked":"Runic Pyramid"},{"not_picked":["Cursed Key","Calling Bell"],"picked":"Busted Crown"}],"items_purged_floors":[5],"is_endless":false,"potions_floor_spawned":[3,7,12,16,20,31,33,37,38],"ascension_level":9}