{"gold_per_floor":[116,116,116,127,142,167,167,185,185,217,232,244,244,262,262,362,362,378,391,391,401,6,6,37,0,0,26,26,26,46,46,46,46],"floor_reached":33,"playtime":12252,"items_purged":["Strike_R"],"score":327,"play_id":"e4058a0e-2ec9-404d-afb9-52c377ea9330","local_time":"20190706160842","is_ascension_mode":true,"campfire_choices":[{"floor":7,"key":"REST"},{"floor":13,"key":"REST"},{"data":"Flex","floor":15,"key":"SMITH"},{"floor":23,"key":"REST"},{"floor":28,"key":"REST"},{"floor":32,"key":"REST"}],"neow_cost":"NONE","seed_source_timestamp":401316308070,"circlet_count":0,"master_deck":["Strike_R+1","Strike_R","Strike_R","Defend_R","Defend_R+1","Defend_R","Defend_R","Bash","Deep Breath","Infernal Blade","Headbutt","Flex+1","Pummel","Sword Boomerang","Spot Weakness","Fire Breathing","Sword Boomerang","Twin Strike","Limit Break","Blood for Blood+1","Clash","Barricade","Disarm+1","Inflame","Heavy Blade","Rampage","Anger","Sword Boomerang"],"relics":["Burning Blood","Bag of Preparation","Sozu","Thread and Needle","Letter Opener","Ornamental Fan","StoneCalendar","Nloth\u0027s Gift"],"potions_floor_usage":[33],"damage_taken":[{"damage":4,"enemies":"Jaw Worm","floor":1,"turns":6},{"damage":7,"enemies":"2 Louse","floor":4,"turns":3},{"damage":1,"enemies":"Cultist","floor":5,"turns":3},{"damage":39,"enemies":"Gremlin Nob","floor":6,"turns":4},{"damage":0,"enemies":"Lots of Slimes","floor":8,"turns":4},{"damage":40,"enemies":"3 Sentries","floor":10,"turns":10},{"damage":9,"enemies":"2 Fungi Beasts","floor":11,"turns":2},{"damage":5,"enemies":"Red Slaver","floor":12,"turns":3},{"damage":0,"enemies":"Exordium Wildlife","floor":14,"turns":2},{"damage":39,"enemies":"The Guardian","floor":16,"turns":8},{"damage":29,"enemies":"2 Thieves","floor":18,"turns":4},{"damage":4,"enemies":"Chosen","floor":19,"turns":4},{"damage":24,"enemies":"Snake Plant","floor":21,"turns":3},{"damage":17,"enemies":"Gremlin Leader","floor":24,"turns":4},{"damage":27,"enemies":"Slavers","floor":27,"turns":3},{"damage":11,"enemies":"Snecko","floor":30,"turns":3},{"damage":42,"enemies":"Colosseum Slavers","floor":31,"turns":4},{"damage":50,"enemies":"Automaton","floor":33,"turns":6}],"seed_played":"-5429905635068668029","potions_obtained":[{"floor":8,"key":"Dexterity Potion"},{"floor":12,"key":"EssenceOfSteel"},{"floor":14,"key":"EntropicBrew"}],"is_trial":false,"path_per_floor":["M","?","?","M","M","E","R","M","T","E","M","M","R","M","R","B",null,"M","M","?","M","$","R","E","$","T","E","R","?","M","?","R","B"],"character_chosen":"IRONCLAD","items_purchased":["Inflame","Thread and Needle","Rampage"],"campfire_rested":5,"item_purchase_floors":[22,22,25],"current_hp_per_floor":[80,64,64,63,68,35,59,65,65,31,28,29,53,59,59,26,80,57,59,59,41,41,65,54,54,54,33,57,57,52,16,40,0],"gold":46,"neow_bonus":"RANDOM_COLORLESS","is_prod":false,"is_daily":false,"chose_seed":false,"campfire_upgraded":1,"win_rate":0,"timestamp":1562447322,"path_taken":["M","?","?","M","M","E","R","M","T","E","M","M","R","M","R","BOSS","M","M","?","?","$","R","E","?","T","E","R","?","?","?","R","BOSS"],"build_version":"2019-07-05","purchased_purges":1,"victory":false,"max_hp_per_floor":[80,80,80,80,80,80,80,80,80,80,80,80,80,80,80,80,80,80,80,80,80,80,80,80,80,80,80,80,80,80,80,80,80],"card_choices":[{"not_picked":["Wild Strike","Twin Strike"],"picked":"Infernal Blade","floor":1},{"not_picked":["Pommel Strike","Anger"],"picked":"Headbutt","floor":4},{"not_picked":["Perfected Strike","Second Wind"],"picked":"Flex","floor":5},{"not_picked":["Thunderclap","Entrench"],"picked":"Pummel","floor":6},{"not_picked":["Second Wind","Exhume"],"picked":"Sword Boomerang","floor":8},{"not_picked":["Shrug It Off","Battle Trance"],"picked":"Spot Weakness","floor":10},{"not_picked":["Wild Strike","Warcry"],"picked":"Fire Breathing","floor":11},{"not_picked":["Shockwave","Anger"],"picked":"Sword Boomerang","floor":12},{"not_picked":["Pommel Strike","Sever Soul"],"picked":"Twin Strike","floor":14},{"not_picked":["Dark Embrace","Bludgeon"],"picked":"Limit Break","floor":16},{"not_picked":["Sentinel","Second Wind"],"picked":"Blood for Blood+1","floor":18},{"not_picked":["Second Wind","Iron Wave"],"picked":"Clash","floor":19},{"not_picked":["Havoc","True Grit"],"picked":"Disarm+1","floor":21},{"not_picked":["Dual Wield","Warcry+1"],"picked":"Heavy Blade","floor":24},{"not_picked":["Clothesline","Burning Pact"],"picked":"Anger","floor":27},{"not_picked":["Havoc","Burning Pact"],"picked":"Sword Boomerang","floor":30}],"player_experience":307608,"relics_obtained":[{"floor":6,"key":"Bag of Preparation"},{"floor":10,"key":"Mummified Hand"},{"floor":24,"key":"Letter Opener"},{"floor":26,"key":"Ornamental Fan"},{"floor":27,"key":"StoneCalendar"}],"event_choices":[{"damage_healed":0,"gold_gain":0,"player_choice":"Entered Light","damage_taken":16,"max_hp_gain":0,"max_hp_loss":0,"event_name":"Shining Light","floor":2,"gold_loss":0,"cards_upgraded":["Strike_R","Defend_R"]},{"damage_healed":0,"gold_gain":0,"player_choice":"Ignored","damage_taken":0,"max_hp_gain":0,"max_hp_loss":0,"event_name":"Liars Game","floor":3,"gold_loss":0},{"damage_healed":0,"gold_gain":0,"cards_transformed":["Strike_R"],"player_choice":"Transformed","damage_taken":0,"max_hp_gain":0,"max_hp_loss":0,"event_name":"Transmorgrifier","floor":20,"gold_loss":0,"cards_obtained":["Barricade"]},{"damage_healed":0,"gold_gain":0,"player_choice":"Traded Relic","damage_taken":0,"relics_obtained":["Nloth\u0027s Gift"],"max_hp_gain":0,"max_hp_loss":0,"event_name":"N\u0027loth","floor":29,"relics_lost":["Mummified Hand"],"gold_loss":0},{"damage_healed":0,"gold_gain":0,"player_choice":"Fight","damage_taken":0,"max_hp_gain":0,"max_hp_loss":0,"event_name":"Colosseum","floor":31,"gold_loss":0},{"damage_healed":0,"gold_gain":0,"player_choice":"Fled From Nobs","damage_taken":0,"max_hp_gain":0,"max_hp_loss":0,"event_name":"Colosseum","floor":31,"gold_loss":0}],"is_beta":false,"boss_relics":[{"not_picked":["Runic Pyramid","Tiny House"],"picked":"Sozu"}],"items_purged_floors":[22],"is_endless":false,"potions_floor_spawned":[8,12,14,16,19,24,31],"killed_by":"Automaton","ascension_level":2}