{"path_per_floor":["M","M","$","M","?","R","E","M","T","R","M","E","R","E","R","B",null,"M","?","?","M","?","R","$","R","T","R","M","M","?","M","R","B",null,"M","?","?","?","?","R","M","M","T","M","$","M","$","M","R","B"],"character_chosen":"THE_SILENT","items_purchased":["Finesse","Thinking Ahead","Infinite Blades"],"gold_per_floor":[111,125,50,66,66,66,91,101,101,101,117,148,148,179,179,284,284,302,227,142,154,186,186,79,79,79,79,94,111,111,126,126,225,225,243,243,465,465,465,465,476,495,495,509,204,224,30,44,44,44],"floor_reached":51,"campfire_rested":0,"playtime":4839,"current_hp_per_floor":[70,69,69,69,57,57,51,48,48,48,48,48,48,41,41,38,70,69,69,69,69,68,68,68,68,68,68,68,68,68,67,67,66,70,70,70,70,60,60,60,60,60,60,52,52,51,51,51,51,49],"items_purged":["Strike_G","Defend_G","Parasite"],"gold":44,"play_id":"e7601e67-a503-4b68-b5f5-7a63c61e3898","is_prod":false,"is_daily":false,"is_ascension_mode":false,"campfire_upgraded":10,"path_taken":["M","M","$","M","?","R","E","M","T","R","M","E","R","E","R","BOSS","M","?","?","M","?","R","?","R","T","R","M","?","?","M","R","BOSS","M","?","?","?","?","R","M","M","T","?","$","M","$","M","R","BOSS"],"build_version":"2018-01-25-BETA1","purchased_purges":3,"victory":true,"master_deck":["Defend_G","Defend_G","Strike_G","Survivor+1","Neutralize+1","Predator+1","Slice","Deflect","Caltrops+1","Well Laid Plans","Adrenaline+1","Acrobatics+1","Outmaneuver+1","Tools of the Trade+1","Finisher+1","A Thousand Cuts+1","Malaise+1","Expertise+1","Finesse","Prepared+1","Wraith Form+1","Madness+1","Madness","Choke","Thinking Ahead+1","Infinite Blades"],"max_hp_per_floor":[70,70,70,70,70,70,70,70,70,70,70,70,70,70,70,70,70,70,70,70,70,70,70,70,70,70,70,70,70,70,70,70,70,70,70,70,70,70,70,70,70,70,70,70,70,70,67,67,67,67],"relics":["Ring of the Snake","Meat on the Bone","Bag of Marbles","Paper Crane","Sundial","Torii","Astrolabe","Vajra","Red Mask","Unceasing Top","Cursed Key","Snake Skull"],"card_choices":[{"not_picked":["Dodge and Roll","Outmaneuver"],"picked":"Predator"},{"not_picked":["Sucker Punch","Quick Slash"],"picked":"Slice"},{"not_picked":["Phantasmal Killer","Dagger Throw"],"picked":"Deflect"},{"not_picked":["Deadly Poison","Dodge and Roll"],"picked":"Caltrops"},{"not_picked":["Caltrops","Leg Sweep"],"picked":"Well Laid Plans"},{"not_picked":["Backflip","Poisoned Stab"],"picked":"Adrenaline"},{"not_picked":["Riddle With Holes","Prepared"],"picked":"Acrobatics"},{"not_picked":["Deadly Poison","Flying Knee"],"picked":"Outmaneuver"},{"not_picked":["A Thousand Cuts","After Image"],"picked":"Tools of the Trade"},{"not_picked":["Slice","Dash"],"picked":"Expertise"},{"not_picked":["Noxious Fumes","A Thousand Cuts"],"picked":"Prepared"},{"not_picked":["Phantasmal Killer","Unload"],"picked":"Wraith Form"},{"not_picked":["Dagger Throw","Poisoned Stab"],"picked":"Choke"}],"player_experience":4302,"potions_floor_usage":[7,11,31,44,50,50,50],"damage_taken":[{"damage":0,"enemies":"2 Louse","floor":1,"turns":4},{"damage":1,"enemies":"Jaw Worm","floor":2,"turns":6},{"damage":0,"enemies":"Small Slimes","floor":4,"turns":3},{"damage":6,"enemies":"3 Sentries","floor":7,"turns":9},{"damage":3,"enemies":"Looter","floor":8,"turns":3},{"damage":0,"enemies":"3 Louse","floor":11,"turns":2},{"damage":0,"enemies":"Lagavulin","floor":12,"turns":5},{"damage":7,"enemies":"Gremlin Nob","floor":14,"turns":3},{"damage":15,"enemies":"Hexaghost","floor":16,"turns":11},{"damage":1,"enemies":"Shell Parasite","floor":18,"turns":6},{"damage":0,"enemies":"Spheric Guardian","floor":21,"turns":3},{"damage":1,"enemies":"Masked Bandits","floor":22,"turns":2},{"damage":0,"enemies":"Snecko","floor":28,"turns":5},{"damage":0,"enemies":"Centurion and Healer","floor":29,"turns":4},{"damage":1,"enemies":"Slaver and Parasite","floor":31,"turns":4},{"damage":1,"enemies":"Automaton","floor":33,"turns":5},{"damage":0,"enemies":"3 Darklings","floor":35,"turns":4},{"damage":0,"enemies":"Orb Walker","floor":41,"turns":3},{"damage":0,"enemies":"Flame Bruiser 2 Orb","floor":42,"turns":3},{"damage":8,"enemies":"3 Darklings","floor":44,"turns":4},{"damage":1,"enemies":"Spire Growth","floor":46,"turns":3},{"damage":0,"enemies":"Sphere and 2 Shapes","floor":48,"turns":3},{"damage":2,"enemies":"Donu and Deca","floor":50,"turns":4}],"event_choices":[{"event_name":"Scrap Ooze","player_choice":"success","floor":5,"damage_taken":12},{"event_name":"Beggar","player_choice":"Gave Gold","floor":19,"damage_taken":0},{"event_name":"Addict","player_choice":"Obtained Relic","floor":20,"damage_taken":0},{"event_name":"Masked Bandits","player_choice":"Fought over 154 gold","floor":22,"damage_taken":0},{"event_name":"The Mausoleum","player_choice":"No","floor":30,"damage_taken":0},{"event_name":"Upgrade Shrine","player_choice":"Upgraded","floor":36,"damage_taken":0},{"event_name":"Tomb of Lord Red Mask","player_choice":"Wore Mask","floor":37,"damage_taken":0},{"event_name":"Winding Halls","player_choice":"Embrace Madness","floor":38,"damage_taken":0},{"event_name":"Bonfire Elementals","player_choice":"BASIC","floor":39,"damage_taken":0}],"boss_relics":[{"not_picked":["Philosopher\u0027s Stone","Runic Dome"],"picked":"Astrolabe"},{"not_picked":["Question Card","Lizard Tail"],"picked":"Cursed Key"}],"potions_floor_spawned":[2,4,8,21,28,41,44],"seed_played":"1494738335919295052","ascension_level":0,"is_trial":false}