{"path_per_floor":["M","M","M","M","M","R","$","M","T","E","M","M","?","?","R"],"character_chosen":"DEFECT","items_purchased":["Boot"],"gold_per_floor":[113,129,139,151,171,171,27,45,45,77,87,105,105,105,105,105],"floor_reached":16,"campfire_rested":1,"playtime":490,"item_purchase_floors":[],"current_hp_per_floor":[74,68,68,65,65,65,65,64,64,28,23,10,10,10,32,0],"items_purged":[],"gold":105,"score":106,"play_id":"0f2f31ac-8092-4e13-8aef-50b9016e35c9","local_time":"20180610012252","is_prod":false,"is_daily":false,"chose_seed":false,"is_ascension_mode":false,"campfire_upgraded":1,"win_rate":0.0,"timestamp":1528582972,"campfire_choices":[{"data":"Redo","floor":6.0,"key":"SMITH"},{"floor":15,"key":"REST"}],"path_taken":["M","M","M","M","M","R","$","M","T","E","M","?","?","?","R","BOSS"],"build_version":"2018-06-07v3","seed_source_timestamp":690423985695272,"purchased_purges":0,"victory":false,"master_deck":["Strike_B","Strike_B","Strike_B","Strike_B","Defend_B","Defend_B","Defend_B","Defend_B","Zap","Dualcast","Gash","Redo+1","Beam Cell","Redo+1","Consume","Capacitor","Defragment","Gash+1"],"max_hp_per_floor":[75,75,75,75,75,75,75,75,75,75,75,75,75,75,75,75],"relics":["Cracked Core","Boot","Molten Egg 2","Question Card","Singing Bowl"],"card_choices":[{"not_picked":["Auto Shields","Stack"],"picked":"Gash","floor":1.0},{"not_picked":["Barrage","Hologram"],"picked":"Redo","floor":2.0},{"not_picked":["Tempest","Go for the Eyes"],"picked":"Beam Cell","floor":3.0},{"not_picked":["Biased Cognition","Cold Snap","Hello World"],"picked":"SKIP","floor":4.0},{"not_picked":["Steam Power","Capacitor"],"picked":"Redo","floor":5.0},{"not_picked":["Skim","Scrape"],"picked":"Consume","floor":8.0},{"not_picked":["Barrage+1","Reboot"],"picked":"Capacitor","floor":10},{"not_picked":["Compile Driver+1","Conserve Battery","Reprogram"],"picked":"Defragment","floor":11},{"not_picked":["Reinforced Body","Sweeping Beam+1","Redo"],"picked":"Gash+1","floor":12}],"player_experience":103801,"potions_floor_usage":[16],"damage_taken":[{"damage":1.0,"enemies":"Cultist","floor":1.0,"turns":4.0},{"damage":6.0,"enemies":"Jaw Worm","floor":2.0,"turns":3.0},{"damage":0.0,"enemies":"Small Slimes","floor":3.0,"turns":4.0},{"damage":3.0,"enemies":"Red Slaver","floor":4.0,"turns":3.0},{"damage":0.0,"enemies":"Blue Slaver","floor":5.0,"turns":2.0},{"damage":1.0,"enemies":"3 Louse","floor":8.0,"turns":2.0},{"damage":36,"enemies":"Lagavulin","floor":10,"turns":6},{"damage":5,"enemies":"Looter","floor":11,"turns":3},{"damage":13,"enemies":"Red Slaver","floor":12,"turns":2},{"damage":33,"enemies":"The Guardian","floor":16,"turns":8}],"relics_obtained":[{"floor":9.0,"key":"Molten Egg 2"},{"floor":10,"key":"Question Card"}],"event_choices":[{"event_name":"Dead Adventurer","player_choice":"Searched \u00271\u0027 times","floor":13,"damage_taken":0},{"event_name":"Accursed Blacksmith","player_choice":"Forge","floor":14,"damage_taken":0}],"boss_relics":[],"items_purged_floors":[],"potions_floor_spawned":[3,5,8,10],"seed_played":"8719308071344140879","killed_by":"The Guardian","ascension_level":0,"potions_obtained":[{"floor":3.0,"key":"Explosive Potion"},{"floor":5.0,"key":"Ancient Potion"},{"floor":8.0,"key":"Strength Potion"},{"floor":10,"key":"EssenceOfSteel"}],"is_trial":false}