{"gold_per_floor":[110,110,131,131,151,182,196,196,196,125,125,125,125,138,138,261,261,286,302,316,163,179,179,192,208,208,208,289,322,322,345,345,466,529,548,572,586,610,76,76,76,76,76,95,95,116,116,116],"floor_reached":48,"playtime":1610,"items_purged":[],"score":481,"play_id":"75cfe1a4-01b8-4753-880b-46b7e859d0ed","local_time":"20190618131046","is_ascension_mode":false,"campfire_choices":[{"data":"Demon Form","floor":8.0,"key":"SMITH"},{"data":"Bash","floor":12.0,"key":"SMITH"},{"data":"Defend_R","floor":15.0,"key":"SMITH"},{"data":"Defend_R","floor":23.0,"key":"SMITH"},{"data":"Defend_R","floor":30.0,"key":"SMITH"},{"floor":32.0,"key":"REST"},{"data":"Apotheosis","floor":40.0,"key":"SMITH"},{"data":"Blind","floor":42.0,"key":"SMITH"},{"data":"Shrug It Off","floor":47,"key":"SMITH"}],"neow_cost":"NONE","seed_source_timestamp":395819189589700,"circlet_count":0,"master_deck":["Strike_R","Strike_R","Strike_R","Strike_R+1","Strike_R","Defend_R+1","Defend_R+1","Defend_R+1","Defend_R+1","Bash+1","Demon Form+1","Dropkick","Cleave","Shrug It Off+1","Thunderclap","Heavy Blade+1","Inflame+1","Twin Strike","Reaper","Shrug It Off+1","Blind+1","Apotheosis+1","Flame Barrier+1","Demon Form+1"],"special_seed":0,"relics":["Burning Blood","Golden Idol","Letter Opener","Kunai","Mark of Pain","Pen Nib","Ornamental Fan","The Courier","Self Forming Clay","Tiny House","Bag of Preparation","Shuriken","Dream Catcher"],"potions_floor_usage":[44],"damage_taken":[{"damage":6.0,"enemies":"Jaw Worm","floor":1.0,"turns":3.0},{"damage":4.0,"enemies":"Small Slimes","floor":3.0,"turns":4.0},{"damage":0.0,"enemies":"2 Louse","floor":5.0,"turns":2.0},{"damage":24.0,"enemies":"Gremlin Nob","floor":6.0,"turns":5.0},{"damage":9.0,"enemies":"Gremlin Gang","floor":7.0,"turns":6.0},{"damage":14.0,"enemies":"Exordium Wildlife","floor":14.0,"turns":3.0},{"damage":13.0,"enemies":"The Guardian","floor":16.0,"turns":7.0},{"damage":0.0,"enemies":"Chosen","floor":18.0,"turns":4.0},{"damage":23.0,"enemies":"Shell Parasite","floor":19.0,"turns":5.0},{"damage":6.0,"enemies":"Snecko","floor":20.0,"turns":4.0},{"damage":17.0,"enemies":"3 Cultists","floor":22.0,"turns":6.0},{"damage":17.0,"enemies":"Chosen and Byrds","floor":24.0,"turns":7.0},{"damage":6.0,"enemies":"Snecko","floor":25.0,"turns":3.0},{"damage":21.0,"enemies":"Book of Stabbing","floor":29.0,"turns":4.0},{"damage":16.0,"enemies":"Centurion and Healer","floor":31.0,"turns":4.0},{"damage":52.0,"enemies":"Collector","floor":33.0,"turns":8.0},{"damage":26.0,"enemies":"3 Darklings","floor":35.0,"turns":6.0},{"damage":6.0,"enemies":"3 Shapes","floor":36.0,"turns":3.0},{"damage":29.0,"enemies":"3 Darklings","floor":37.0,"turns":6.0},{"damage":16.0,"enemies":"Maw","floor":38.0,"turns":6.0},{"damage":18,"enemies":"Transient","floor":44,"turns":5},{"damage":23,"enemies":"Sphere and 2 Shapes","floor":46,"turns":8},{"damage":72,"enemies":"Writhing Mass","floor":48,"turns":6}],"seed_played":"3060166665973325601","potions_obtained":[{"floor":6.0,"key":"Fire Potion"},{"floor":11.0,"key":"AttackPotion"},{"floor":11.0,"key":"Explosive Potion"},{"floor":11.0,"key":"FairyPotion"},{"floor":14.0,"key":"Block Potion"},{"floor":20.0,"key":"Explosive Potion"},{"floor":24.0,"key":"SpeedPotion"},{"floor":25.0,"key":"Dexterity Potion"},{"floor":33.0,"key":"GamblersBrew"},{"floor":34.0,"key":"Block Potion"},{"floor":38.0,"key":"Poison Potion"}],"is_trial":false,"path_per_floor":["M","?","M","?","M","E","M","R","T","$","?","R","$","M","R","B",null,"M","M","M","$","M","R","M","M","T","?","T","E","R","M","R","B",null,"M","M","M","M","$","R","$","R","T","M","?","M","R","M"],"character_chosen":"IRONCLAD","items_purchased":["Dropkick","Pen Nib","Blind","Bag of Preparation","Shuriken","Apotheosis"],"campfire_rested":1,"item_purchase_floors":[10,21,39,39,39,39],"current_hp_per_floor":[88,66,68,68,74,56,53,53,53,53,53,53,53,45,45,38,88,88,71,71,71,60,60,49,49,49,49,49,34,34,24,50,14,93,81,92,69,59,59,59,59,59,59,47,47,47,47,0],"gold":116,"neow_bonus":"TEN_PERCENT_HP_BONUS","is_prod":false,"is_daily":false,"chose_seed":false,"campfire_upgraded":8,"win_rate":0,"timestamp":1560852646,"path_taken":["M","?","M","?","M","E","M","R","T","$","?","R","$","M","R","BOSS","M","M","M","$","M","R","M","?","T","?","?","E","R","M","R","BOSS","M","M","M","M","$","R","$","R","T","M","?","M","R","?"],"build_version":"2019-01-23","purchased_purges":0,"victory":false,"max_hp_per_floor":[88,88,88,88,88,88,88,88,88,88,88,88,88,88,88,88,88,88,88,88,88,88,88,88,88,88,88,88,88,88,88,88,88,93,93,93,93,93,93,93,93,93,93,93,93,93,93,93],"card_choices":[{"not_picked":["Anger","Armaments","Intimidate"],"picked":"SKIP","floor":1.0},{"not_picked":["Heavy Blade","Flex","Rampage"],"picked":"SKIP","floor":3.0},{"not_picked":["Pummel","True Grit","Infernal Blade"],"picked":"SKIP","floor":5.0},{"not_picked":["Shrug It Off","Body Slam"],"picked":"Demon Form","floor":6.0},{"not_picked":["Body Slam","Rupture","Hemokinesis"],"picked":"SKIP","floor":7.0},{"not_picked":["Flex","Clash"],"picked":"Cleave","floor":14.0},{"not_picked":["Armaments","Fire Breathing"],"picked":"Shrug It Off+1","floor":18.0},{"not_picked":["Iron Wave","Entrench","Warcry"],"picked":"SKIP","floor":19.0},{"not_picked":["Disarm","True Grit"],"picked":"Thunderclap","floor":20.0},{"not_picked":["Shrug It Off","Inflame"],"picked":"Heavy Blade+1","floor":22.0},{"not_picked":["Warcry+1","True Grit"],"picked":"Inflame+1","floor":24.0},{"not_picked":["Havoc","Fire Breathing+1"],"picked":"Twin Strike","floor":25.0},{"not_picked":["Corruption","Sever Soul","Armaments"],"picked":"SKIP","floor":29.0},{"not_picked":["Shockwave","True Grit","Rampage"],"picked":"SKIP","floor":31.0},{"not_picked":["Immolate","Demon Form"],"picked":"Reaper","floor":33.0},{"not_picked":["Inflame+1","Cleave"],"picked":"Shrug It Off","floor":34.0},{"not_picked":["Uppercut","True Grit+1","Body Slam+1"],"picked":"SKIP","floor":35.0},{"not_picked":["Iron Wave+1","Cleave+1","Heavy Blade+1"],"picked":"SKIP","floor":36.0},{"not_picked":["Flame Barrier","Blood for Blood","Second Wind"],"picked":"SKIP","floor":37.0},{"not_picked":["Rupture","Shockwave","True Grit+1"],"picked":"SKIP","floor":38.0},{"not_picked":["Burning Pact+1","Reckless Charge"],"picked":"Flame Barrier+1","floor":44},{"not_picked":["Corruption+1","Iron Wave+1","Inflame+1"],"picked":"SKIP","floor":46}],"player_experience":627580,"relics_obtained":[{"floor":6.0,"key":"Letter Opener"},{"floor":9.0,"key":"Kunai"},{"floor":26.0,"key":"Ornamental Fan"},{"floor":28.0,"key":"The Courier"},{"floor":29.0,"key":"Self Forming Clay"},{"floor":43.0,"key":"Dream Catcher"}],"event_choices":[{"damage_healed":0.0,"max_hp_gain":0.0,"max_hp_loss":0.0,"gold_gain":0.0,"event_name":"Golden Idol","player_choice":"Take Damage","floor":2.0,"gold_loss":0.0,"damage_taken":22.0,"relics_obtained":["Golden Idol"]},{"damage_healed":0.0,"max_hp_gain":0.0,"max_hp_loss":0.0,"gold_gain":0.0,"event_name":"Living Wall","player_choice":"Grow","floor":4.0,"gold_loss":0.0,"damage_taken":0.0,"cards_upgraded":["Defend_R"]},{"damage_healed":0.0,"max_hp_gain":0.0,"max_hp_loss":0.0,"gold_gain":0.0,"event_name":"Lab","player_choice":"Got Potions","floor":11.0,"gold_loss":0.0,"damage_taken":0.0},{"damage_healed":0.0,"max_hp_gain":0.0,"max_hp_loss":0.0,"gold_gain":0.0,"event_name":"Cursed Tome","player_choice":"Ignored","floor":27.0,"gold_loss":0.0,"damage_taken":0.0},{"damage_healed":0,"gold_gain":0,"player_choice":"Copied","damage_taken":0,"max_hp_gain":0,"max_hp_loss":0,"event_name":"Duplicator","floor":45,"gold_loss":0,"cards_obtained":["Demon Form"]}],"is_beta":false,"boss_relics":[{"not_picked":["Runic Cube","Snecko Eye"],"picked":"Mark of Pain"},{"not_picked":["Orrery","Runic Dome"],"picked":"Tiny House"}],"items_purged_floors":[],"is_endless":false,"potions_floor_spawned":[6,14,20,24,25,31,33,36,38],"killed_by":"Writhing Mass","ascension_level":0}