{"gold_per_floor":[214,389,405,419,33,33,33,51,51,65,65,75,101,117,117,215,215,232,31,48,48,148,168,168,184,211,223,233,253,263,133,133,230,230,250,268,283,283,134,134,134,53,80,93,93,93,104,123,123,123],"floor_reached":51,"playtime":1736,"items_purged":["Doubt"],"score":682,"play_id":"535a9efa-9561-45e5-bb73-abe5fba084bb","local_time":"20180815012420","is_ascension_mode":false,"campfire_choices":[{"data":"Zap","floor":6,"key":"SMITH"},{"data":"Static Discharge","floor":11,"key":"SMITH"},{"data":"Dualcast","floor":15,"key":"SMITH"},{"data":"Heatsinks","floor":24,"key":"SMITH"},{"data":"Creative AI","floor":32,"key":"SMITH"},{"data":"Echo Form","floor":40,"key":"SMITH"},{"data":"Capacitor","floor":45,"key":"SMITH"},{"data":"Echo Form","floor":49,"key":"SMITH"}],"neow_cost":"NONE","seed_source_timestamp":29773867906844,"circlet_count":0,"master_deck":["Strike_B","Strike_B","Strike_B","Defend_B","Defend_B","Defend_B","Defend_B","Zap+1","Dualcast+1","Leap","Conserve Battery+1","Ball Lightning","Static Discharge+1","Leap","FTL","Electrodynamics","Heatsinks+1","Steam","Auto Shields+1","Leap+1","Creative AI+1","Self Repair","Conserve Battery","Capacitor+1","Echo Form+1","Storm","Hologram+1","Echo Form+1","Conserve Battery+1"],"relics":["Cracked Core","Bird Faced Urn","Dodecahedron","Anchor","Velvet Choker","Runic Capacitor","Blood Vial","Eternal Feather","Vajra"],"potions_floor_usage":[8,16,16,44,50,50,50],"damage_taken":[{"damage":1,"enemies":"Jaw Worm","floor":1,"turns":4},{"damage":0,"enemies":"2 Louse","floor":3,"turns":3},{"damage":5,"enemies":"Small Slimes","floor":4,"turns":3},{"damage":6,"enemies":"2 Fungi Beasts","floor":8,"turns":3},{"damage":6,"enemies":"Exordium Wildlife","floor":10,"turns":4},{"damage":8,"enemies":"Lots of Slimes","floor":12,"turns":2},{"damage":8,"enemies":"Gremlin Nob","floor":13,"turns":4},{"damage":2,"enemies":"Blue Slaver","floor":14,"turns":4},{"damage":16,"enemies":"The Guardian","floor":16,"turns":9},{"damage":0,"enemies":"3 Byrds","floor":18,"turns":2},{"damage":1,"enemies":"2 Thieves","floor":20,"turns":4},{"damage":9,"enemies":"Snake Plant","floor":23,"turns":4},{"damage":1,"enemies":"Centurion and Healer","floor":25,"turns":5},{"damage":18,"enemies":"Snecko","floor":27,"turns":4},{"damage":9,"enemies":"Sentry and Sphere","floor":28,"turns":7},{"damage":9,"enemies":"Centurion and Healer","floor":29,"turns":6},{"damage":9,"enemies":"Chosen and Byrds","floor":30,"turns":6},{"damage":5,"enemies":"Champ","floor":33,"turns":13},{"damage":27,"enemies":"Flame Bruiser 1 Orb","floor":35,"turns":5},{"damage":11,"enemies":"3 Darklings","floor":36,"turns":4},{"damage":19,"enemies":"Sphere and 2 Shapes","floor":37,"turns":4},{"damage":12,"enemies":"Flame Bruiser 2 Orb","floor":44,"turns":6},{"damage":9,"enemies":"Maw","floor":47,"turns":5},{"damage":9,"enemies":"Spire Growth","floor":48,"turns":4},{"damage":35,"enemies":"Donu and Deca","floor":50,"turns":6}],"seed_played":"5485348372208339388","potions_obtained":[{"floor":1,"key":"Block Potion"},{"floor":4,"key":"Fruit Juice"},{"floor":13,"key":"Explosive Potion"},{"floor":16,"key":"FearPotion"},{"floor":23,"key":"Swift Potion"},{"floor":28,"key":"Fire Potion"},{"floor":30,"key":"FocusPotion"},{"floor":47,"key":"Block Potion"}],"is_trial":false,"path_per_floor":["M","?","M","M","$","R","?","M","T","M","R","M","E","M","R","B",null,"M","$","M","?","?","M","R","M","T","M","M","M","M","$","R","B",null,"M","M","M","?","$","R","?","$","T","M","R","?","M","M","R","B"],"character_chosen":"DEFECT","items_purchased":["Bird Faced Urn","Ball Lightning","Runic Capacitor","Self Repair","Conserve Battery","Echo Form","Storm"],"campfire_rested":0,"item_purchase_floors":[5,5,19,31,31,39,42],"current_hp_per_floor":[74,74,74,69,69,69,54,53,53,49,49,43,37,35,35,21,80,80,80,80,80,80,72,72,77,77,64,63,62,61,61,61,80,80,63,69,66,66,66,80,80,80,80,80,80,80,80,80,80,57],"gold":123,"neow_bonus":"HUNDRED_GOLD","is_prod":false,"is_daily":false,"chose_seed":false,"campfire_upgraded":8,"win_rate":0,"timestamp":1534285460,"path_taken":["M","?","M","M","$","R","?","M","T","?","R","M","E","M","R","BOSS","M","$","M","?","?","M","R","M","T","M","M","M","M","$","R","BOSS","M","M","?","?","$","R","?","$","T","M","R","?","M","M","R","BOSS"],"build_version":"2018-08-09","purchased_purges":1,"victory":true,"max_hp_per_floor":[75,75,75,75,75,75,75,80,80,80,80,80,80,80,80,80,80,80,80,80,80,80,80,80,80,80,80,80,80,80,80,80,80,80,80,80,80,80,80,80,80,80,80,80,80,80,80,80,80,80],"card_choices":[{"not_picked":["Fusion","Recycle","Sweeping Beam"],"picked":"SKIP","floor":1},{"not_picked":["Reprogram","Stack"],"picked":"Leap","floor":3},{"not_picked":["Capacitor","Gash"],"picked":"Conserve Battery","floor":4},{"not_picked":["Go for the Eyes","Conserve Battery"],"picked":"Static Discharge","floor":8},{"not_picked":["Rebound","Beam Cell","Sweeping Beam"],"picked":"SKIP","floor":10},{"not_picked":["Cold Snap","Go for the Eyes"],"picked":"Leap","floor":12},{"not_picked":["Biased Cognition","Go for the Eyes","Streamline"],"picked":"SKIP","floor":13},{"not_picked":["Glacier","Compile Driver"],"picked":"FTL","floor":14},{"not_picked":["Thunder Strike","All For One"],"picked":"Electrodynamics","floor":16},{"not_picked":["Chaos","Go for the Eyes"],"picked":"Heatsinks","floor":18},{"not_picked":["Rebound","FTL+1"],"picked":"Steam","floor":20},{"not_picked":["Compile Driver","Multi-Cast"],"picked":"Auto Shields+1","floor":23},{"not_picked":["Capacitor+1","Cold Snap"],"picked":"Leap+1","floor":25},{"not_picked":["Auto Shields","Rebound","Ball Lightning+1"],"picked":"SKIP","floor":27},{"not_picked":["Streamline","Beam Cell+1","Barrage"],"picked":"SKIP","floor":28},{"not_picked":["Conserve Battery","Reinforced Body","Fusion"],"picked":"SKIP","floor":29},{"not_picked":["Rebound","Storm"],"picked":"Creative AI","floor":30},{"not_picked":["Skim+1","Redo+1","Stack+1"],"picked":"SKIP","floor":35},{"not_picked":["Rebound","Genetic Algorithm","Reprogram+1"],"picked":"SKIP","floor":36},{"not_picked":["Steam Power+1","Recycle+1"],"picked":"Capacitor","floor":37},{"not_picked":["Coolheaded+1","Genetic Algorithm"],"picked":"Hologram+1","floor":44},{"not_picked":["Ball Lightning+1","Streamline"],"picked":"Echo Form","floor":47},{"not_picked":["Barrage+1","Steam Power"],"picked":"Conserve Battery+1","floor":48}],"player_experience":302240,"relics_obtained":[{"floor":9,"key":"Dodecahedron"},{"floor":13,"key":"Anchor"},{"floor":26,"key":"Blood Vial"},{"floor":43,"key":"Vajra"}],"event_choices":[{"event_name":"Liars Game","player_choice":"agreed","floor":2,"damage_taken":0},{"event_name":"Shining Light","player_choice":"Entered Light","floor":7,"damage_taken":0},{"event_name":"Ghosts","player_choice":"Ignored","floor":21,"damage_taken":0},{"event_name":"Golden Shrine","player_choice":"Pray","floor":22,"damage_taken":0},{"event_name":"The Woman in Blue","player_choice":"Bought 0 Potions","floor":38,"damage_taken":0},{"event_name":"Transmorgrifier","player_choice":"Skipped","floor":41,"damage_taken":0},{"event_name":"Falling","player_choice":"Removed Attack","floor":46,"damage_taken":0}],"is_beta":false,"boss_relics":[{"not_picked":["Runic Dome","Snecko Eye"],"picked":"Velvet Choker"},{"not_picked":["Astrolabe","Sozu"],"picked":"Eternal Feather"}],"items_purged_floors":[5],"is_endless":false,"potions_floor_spawned":[1,4,13,16,23,28,30,33,35,36,47,48],"ascension_level":0}