{"path_per_floor":["M","?","$","?","M","R","M","M","T","R","M","R","$","M","R","B",null,"M","M","$","M","?","R","$","R","T","?","M","?","M","M","R","B",null,"M","$","?","M","M","R","?","R","T","?","T","M","?","M","R","B"],"character_chosen":"THE_SILENT","items_purchased":[],"gold_per_floor":[118,118,43,43,58,58,68,85,85,85,103,103,3,23,23,122,122,135,150,25,40,40,40,40,40,40,40,57,57,67,78,78,176,176,196,46,46,65,82,82,0,0,73,73,96,107,107,123,123,123],"floor_reached":51,"campfire_rested":4,"playtime":6188,"current_hp_per_floor":[70,70,70,56,56,56,56,56,56,56,56,56,56,56,56,38,70,47,13,13,26,26,26,26,47,47,47,24,24,22,20,41,2,70,47,47,47,38,29,49,49,49,49,49,49,42,32,31,51,9],"items_purged":["Defend_G","Strike_G","Pain","Parasite"],"gold":123,"play_id":"8f503466-4a77-4655-9945-cb6aab783e2e","is_prod":false,"is_daily":false,"is_ascension_mode":true,"campfire_upgraded":6,"path_taken":["M","?","$","?","M","R","M","?","T","R","M","R","?","M","R","BOSS","M","M","$","M","?","R","$","R","T","?","M","?","M","M","R","BOSS","M","$","?","M","M","R","?","R","T","?","?","M","?","M","R","BOSS"],"build_version":"2018-01-25-BETA1","purchased_purges":4,"victory":true,"master_deck":["Defend_G","Defend_G+1","Defend_G","Strike_G","Strike_G+1","Survivor+1","Neutralize+1","Acrobatics+1","Quick Slash","Escape Plan","Prepared+1","Venomology","Parasite","Backflip","Noxious Fumes+1","Backflip","Footwork+1","Predator","Calculated Gamble+1","Flying Knee+1","Bane+1","Deflect","Madness","Madness","Well Laid Plans"],"max_hp_per_floor":[70,70,70,70,70,70,70,70,70,70,70,70,70,70,70,70,70,70,70,70,70,70,70,70,70,70,70,70,70,70,70,70,70,70,70,67,67,67,67,67,67,67,67,67,67,67,67,67,67,67],"relics":["Ring of the Snake","Lantern","Calling Bell","Juzu Bracelet","Pen Nib","Anchor","Torii","Orrery","Red Mask","Matryoshka","Smiling Mask","Oddly Smooth Stone"],"card_choices":[{"not_picked":["Eviscerate","Backflip"],"picked":"Acrobatics"},{"not_picked":["Endless Agony","Distraction"],"picked":"Quick Slash"},{"not_picked":["Backflip","Malaise"],"picked":"Escape Plan"},{"not_picked":["Quick Slash","Dash"],"picked":"Prepared"},{"not_picked":["Wraith Form","Glass Knife"],"picked":"Venomology"},{"not_picked":["Sucker Punch","Catalyst"],"picked":"Expertise"},{"not_picked":["Skewer","Poisoned Stab"],"picked":"Backflip"},{"not_picked":["Slice","Poisoned Stab"],"picked":"Noxious Fumes"},{"not_picked":["Leg Sweep","Acrobatics"],"picked":"Backflip"},{"not_picked":["Outmaneuver","Noxious Fumes"],"picked":"Footwork"},{"not_picked":["PiercingWail","Endless Agony"],"picked":"Predator"},{"not_picked":["Quick Slash","Acrobatics"],"picked":"Calculated Gamble"},{"not_picked":["Eviscerate","Masterful Stab"],"picked":"Flying Knee"},{"not_picked":["Wraith Form","Poisoned Stab"],"picked":"Bane"},{"not_picked":["Flying Knee","Prepared"],"picked":"Deflect"},{"not_picked":["Choke","Envenom"],"picked":"Well Laid Plans"}],"player_experience":19076,"potions_floor_usage":[18,18,19,21,21,28,31,31,33,33,33,33,38,39,39,46,50,50,50],"damage_taken":[{"damage":0,"enemies":"Cultist","floor":1,"turns":7},{"damage":0,"enemies":"Jaw Worm","floor":5,"turns":5},{"damage":0,"enemies":"2 Louse","floor":7,"turns":2},{"damage":0,"enemies":"Exordium Wildlife","floor":8,"turns":6},{"damage":0,"enemies":"Looter","floor":11,"turns":3},{"damage":0,"enemies":"Large Slime","floor":14,"turns":4},{"damage":18,"enemies":"The Guardian","floor":16,"turns":18},{"damage":23,"enemies":"2 Thieves","floor":18,"turns":4},{"damage":34,"enemies":"Chosen","floor":19,"turns":9},{"damage":2,"enemies":"Centurion and Healer","floor":21,"turns":15},{"damage":23,"enemies":"Chosen and Byrds","floor":28,"turns":8},{"damage":2,"enemies":"Snake Plant","floor":30,"turns":8},{"damage":2,"enemies":"Snecko","floor":31,"turns":7},{"damage":39,"enemies":"Collector","floor":33,"turns":14},{"damage":23,"enemies":"3 Shapes","floor":35,"turns":7},{"damage":9,"enemies":"Orb Walker","floor":38,"turns":7},{"damage":9,"enemies":"Flame Bruiser 2 Orb","floor":39,"turns":5},{"damage":7,"enemies":"4 Shapes","floor":46,"turns":8},{"damage":1,"enemies":"Maw","floor":48,"turns":9},{"damage":42,"enemies":"Awakened One","floor":50,"turns":24}],"event_choices":[{"event_name":"Liars Game","player_choice":"disagreed","floor":2,"damage_taken":0},{"event_name":"Shining Light","player_choice":"Entered Light","floor":4,"damage_taken":0},{"event_name":"Back to Basics","player_choice":"Elegance","floor":22,"damage_taken":0},{"event_name":"Vampires","player_choice":"Ignored","floor":27,"damage_taken":0},{"event_name":"Beggar","player_choice":"Ignored","floor":29,"damage_taken":0},{"event_name":"Wheel of Change","player_choice":"Card Removal","floor":37,"damage_taken":0},{"event_name":"Tomb of Lord Red Mask","player_choice":"Paid","floor":41,"damage_taken":0},{"event_name":"Winding Halls","player_choice":"Embrace Madness","floor":47,"damage_taken":0}],"boss_relics":[{"not_picked":["Velvet Choker","Snecko Eye"],"picked":"Calling Bell"},{"not_picked":["Cursed Key","The Specimen"],"picked":"Orrery"}],"potions_floor_spawned":[1,8,14,18,19,31,35,38,48],"seed_played":"-5405941647819208403","ascension_level":1,"is_trial":false}