{"path_per_floor":["M","M","M","$","M","E","R","E","T","R","M","$","M","M","R","B",null,"M","$","M","?","M","E","M","M","T","M","R","?","$","M","R"],"character_chosen":"DEFECT","items_purchased":["Loop","Blizzard","Capacitor","Consume","Loop","Lockon","Letter Opener"],"gold_per_floor":[112,125,142,68,83,113,113,147,147,147,166,53,67,84,84,189,489,457,304,314,314,328,362,377,387,387,397,397,397,116,135,135,135],"floor_reached":33,"campfire_rested":1,"playtime":2966,"current_hp_per_floor":[75,74,74,74,73,75,75,29,29,29,36,36,34,48,48,40,75,69,69,75,75,61,51,26,25,25,12,49,49,49,50,50,0],"items_purged":[],"gold":135,"score":308,"play_id":"18764f2a-d73b-464d-933f-0a53822ab93c","local_time":"20180505212224","is_prod":false,"is_daily":false,"chose_seed":false,"is_ascension_mode":false,"campfire_upgraded":4,"timestamp":1525544544,"path_taken":["M","M","M","$","M","E","R","E","T","R","M","$","M","M","R","BOSS","M","$","M","?","M","E","M","M","T","M","R","?","$","M","R","BOSS"],"build_version":"2018-05-03","seed_source_timestamp":0,"purchased_purges":0,"victory":false,"master_deck":["Zap+1","Dualcast","Coolheaded","BootSequence","Beam Cell","Beam Cell","Coolheaded","Go for the Eyes","Coolheaded","Turbo","Leap","Leap","Capacitor","Loop+1","Self Repair","Stack","Static Discharge+1","Blizzard","Capacitor","Self Repair","Coolheaded","Machine Learning","Clumsy","Consume","Loop+1","Gash+1","Gash","Consume+1","Lockon+1","Capacitor"],"max_hp_per_floor":[75,75,75,75,75,75,75,75,75,75,75,75,75,75,75,75,75,75,75,75,75,75,75,75,75,75,75,75,75,75,75,75,75],"relics":["Pandora\u0027s Box","Bottled Lightning","Lantern","Omamori","Calling Bell","Regal Pillow","Gremlin Horn","Old Coin","Dodecahedron","Molten Egg 2","Letter Opener"],"card_choices":[{"not_picked":["Go for the Eyes","Hologram"],"picked":"Leap","floor":1.0},{"not_picked":["Recycle","Axe Kick"],"picked":"Leap","floor":2.0},{"not_picked":["Stack","Coolheaded"],"picked":"Capacitor","floor":3.0},{"not_picked":["Ball Lightning","Nova"],"picked":"Self Repair","floor":5.0},{"not_picked":["Rebound","Turbo"],"picked":"Stack","floor":6.0},{"not_picked":["Turbo","Axe Kick"],"picked":"Static Discharge","floor":11.0},{"not_picked":["Sunder","Steam Power"],"picked":"Self Repair","floor":13.0},{"not_picked":["Sweeping Beam","Chill"],"picked":"Coolheaded","floor":14.0},{"not_picked":["Fusion","Biased Cognition"],"picked":"Machine Learning","floor":16.0},{"not_picked":["Genetic Algorithm","Axe Kick"],"picked":"Gash","floor":20.0},{"not_picked":["Skim","Beam Cell"],"picked":"Gash","floor":25.0},{"not_picked":["Sweeping Beam","Hyperbeam"],"picked":"Consume","floor":27},{"not_picked":["Genetic Algorithm","Melter"],"picked":"Capacitor","floor":31}],"player_experience":121707,"potions_floor_usage":[27,33],"damage_taken":[{"damage":0.0,"enemies":"Jaw Worm","floor":1.0,"turns":3.0},{"damage":1.0,"enemies":"Small Slimes","floor":2.0,"turns":3.0},{"damage":0.0,"enemies":"Cultist","floor":3.0,"turns":4.0},{"damage":1.0,"enemies":"3 Louse","floor":5.0,"turns":5.0},{"damage":2.0,"enemies":"3 Sentries","floor":6.0,"turns":10.0},{"damage":53.0,"enemies":"Gremlin Nob","floor":8.0,"turns":7.0},{"damage":0.0,"enemies":"2 Fungi Beasts","floor":11.0,"turns":7.0},{"damage":9.0,"enemies":"Blue Slaver","floor":13.0,"turns":5.0},{"damage":12.0,"enemies":"Lots of Slimes","floor":14.0,"turns":6.0},{"damage":15.0,"enemies":"Slime Boss","floor":16.0,"turns":11.0},{"damage":20.0,"enemies":"2 Thieves","floor":18.0,"turns":5.0},{"damage":3.0,"enemies":"Shell Parasite","floor":20.0,"turns":12.0},{"damage":28.0,"enemies":"Centurion and Healer","floor":22.0,"turns":8.0},{"damage":24.0,"enemies":"Book of Stabbing","floor":23.0,"turns":7.0},{"damage":32.0,"enemies":"3 Cultists","floor":24.0,"turns":5.0},{"damage":15.0,"enemies":"Snecko","floor":25.0,"turns":8.0},{"damage":20,"enemies":"Cultist and Chosen","floor":27,"turns":7},{"damage":13,"enemies":"Snake Plant","floor":31,"turns":5},{"damage":51,"enemies":"Automaton","floor":33,"turns":6}],"event_choices":[{"event_name":"Ghosts","player_choice":"Ignored","floor":21.0,"damage_taken":0.0},{"event_name":"The Mausoleum","player_choice":"No","floor":29,"damage_taken":0}],"boss_relics":[],"potions_floor_spawned":[3,8,11,13,16,22,23,27],"seed_played":"793699292376574476","killed_by":"Automaton","ascension_level":0,"is_trial":false}