{"gold_per_floor":[115,129,147,98,116,30,61,89,89,101,101,114,114,145,145,244,244,254,273,289,262,281,281,297,297,297,11,11,23,23,36,36,141,141,157,172,172,187,200,234,234,234,234,253,253,253,271,318,318,318],"floor_reached":51,"playtime":2008,"items_purged":["Doubt"],"score":968,"play_id":"1660e027-f057-485f-99f8-54b87171d109","local_time":"20180726095446","is_ascension_mode":false,"campfire_choices":[{"data":"Body Slam","floor":11.0,"key":"SMITH"},{"data":"Body Slam","floor":13.0,"key":"SMITH"},{"data":"Armaments","floor":15.0,"key":"SMITH"},{"data":"Body Slam","floor":23.0,"key":"SMITH"},{"data":"Inflame","floor":25,"key":"SMITH"},{"data":"Entrench","floor":28,"key":"SMITH"},{"data":"Metallicize","floor":30,"key":"SMITH"},{"data":"Ghostly Armor","floor":32,"key":"SMITH"},{"data":"Barricade","floor":41,"key":"SMITH"},{"data":"Metallicize","floor":45,"key":"SMITH"},{"floor":49,"key":"REST"}],"neow_cost":"NONE","seed_source_timestamp":56314509501289,"circlet_count":0,"master_deck":["Strike_R","Strike_R","Strike_R","Strike_R","Strike_R","Defend_R","Defend_R","Defend_R","Defend_R","Bash","Body Slam+1","Shrug It Off","Armaments+1","Flame Barrier","Iron Wave","Ghostly Armor+1","Body Slam+1","Iron Wave","Entrench+1","Impervious","Body Slam+1","Flame Barrier","Inflame+1","Battle Trance","Metallicize+1","Battle Trance","Barricade+1","Iron Wave+1","Metallicize+1","Entrench+1","Parasite"],"special_seed":0,"relics":["Burning Blood","Ancient Tea Set","Paper Frog","Odd Mushroom","The Courier","Blue Candle","Cursed Key","Molten Egg 2","DollysMirror","Busted Crown","Juzu Bracelet","Nunchaku","Mercury Hourglass","Shovel"],"potions_floor_usage":[24,33,33,50,50,50],"damage_taken":[{"damage":6.0,"enemies":"2 Louse","floor":1.0,"turns":3.0},{"damage":10.0,"enemies":"Jaw Worm","floor":2.0,"turns":5.0},{"damage":1.0,"enemies":"Cultist","floor":3.0,"turns":3.0},{"damage":5.0,"enemies":"Exordium Thugs","floor":5.0,"turns":5.0},{"damage":15.0,"enemies":"3 Sentries","floor":7.0,"turns":13.0},{"damage":15.0,"floor":8.0,"turns":6.0},{"damage":5.0,"enemies":"Looter","floor":10.0,"turns":3.0},{"damage":1.0,"enemies":"2 Fungi Beasts","floor":12.0,"turns":3.0},{"damage":23.0,"enemies":"Lagavulin","floor":14.0,"turns":7.0},{"damage":45.0,"enemies":"Slime Boss","floor":16.0,"turns":18.0},{"damage":0.0,"enemies":"Spheric Guardian","floor":18.0,"turns":4.0},{"damage":2.0,"enemies":"Shell Parasite","floor":19.0,"turns":3.0},{"damage":4.0,"enemies":"Snecko","floor":20.0,"turns":6.0},{"damage":30.0,"enemies":"Sentry and Sphere","floor":22.0,"turns":8.0},{"damage":0,"enemies":"3 Cultists","floor":24,"turns":5},{"damage":0,"enemies":"Centurion and Healer","floor":29,"turns":5},{"damage":4,"enemies":"Cultist and Chosen","floor":31,"turns":6},{"damage":43,"enemies":"Collector","floor":33,"turns":13},{"damage":8,"enemies":"Flame Bruiser 1 Orb","floor":35,"turns":5},{"damage":15,"enemies":"3 Shapes","floor":36,"turns":4},{"damage":15,"enemies":"Spire Growth","floor":38,"turns":7},{"damage":19,"enemies":"3 Darklings","floor":39,"turns":6},{"damage":23,"enemies":"Giant Head","floor":40,"turns":7},{"damage":0,"floor":42,"turns":5},{"damage":0,"enemies":"Maw","floor":44,"turns":6},{"damage":0,"enemies":"Sphere and 2 Shapes","floor":47,"turns":6},{"damage":20,"floor":48,"turns":4},{"damage":59,"enemies":"Donu and Deca","floor":50,"turns":15}],"seed_played":"3094382367316666100","potions_obtained":[{"floor":2.0,"key":"SkillPotion"},{"floor":3.0,"key":"Swift Potion"},{"floor":8.0,"key":"Ancient Potion"},{"floor":12.0,"key":"Regen Potion"},{"floor":24,"key":"Energy Potion"},{"floor":33,"key":"GamblersBrew"},{"floor":38,"key":"Poison Potion"},{"floor":40,"key":"Dexterity Potion"}],"is_trial":false,"path_per_floor":["M","M","M","$","M","$","E","?","T","M","R","M","R","E","R","B",null,"M","M","M","$","M","R","M","R","T","$","R","M","R","M","R","B",null,"M","M","$","M","M","E","R","?","T","M","R","?","M","?","R","B"],"character_chosen":"IRONCLAD","items_purchased":["Armaments","Flame Barrier","Iron Wave","Inflame","Metallicize","DollysMirror"],"campfire_rested":1,"item_purchase_floors":[4,6,6,21,27,27],"current_hp_per_floor":[80,76,80,80,80,80,71,62,62,63,63,68,68,51,51,12,80,80,80,80,80,56,56,62,62,62,62,62,68,68,70,70,33,80,78,69,69,60,47,30,30,36,36,42,42,42,48,34,58,20],"gold":318,"neow_bonus":"RANDOM_COMMON_RELIC","is_prod":false,"is_daily":false,"chose_seed":false,"campfire_upgraded":10,"win_rate":0,"timestamp":1532588086,"path_taken":["M","M","M","$","M","$","E","?","T","M","R","M","R","E","R","BOSS","M","M","?","$","M","R","M","R","T","$","R","M","R","M","R","BOSS","M","M","$","M","M","E","R","?","T","M","R","?","M","?","R","BOSS"],"build_version":"2018-07-19v2","purchased_purges":1,"victory":true,"max_hp_per_floor":[80,80,80,80,80,80,80,80,80,80,80,80,80,80,80,80,80,80,80,80,80,80,80,80,80,80,80,80,80,80,80,80,80,80,80,80,80,80,80,80,80,80,80,80,80,80,80,80,80,80],"card_choices":[{"not_picked":["Twin Strike","Evolve"],"picked":"Body Slam","floor":1.0},{"not_picked":["Dropkick","Shockwave","Rampage"],"picked":"SKIP","floor":2.0},{"not_picked":["Armaments","Wild Strike"],"picked":"Shrug It Off","floor":3.0},{"not_picked":["True Grit","Havoc","Sentinel"],"picked":"SKIP","floor":5.0},{"not_picked":["Warcry","Shockwave"],"picked":"Ghostly Armor","floor":7.0},{"not_picked":["Clothesline","Hemokinesis"],"picked":"Body Slam","floor":8.0},{"not_picked":["Immolate","Reckless Charge","Feel No Pain"],"picked":"SKIP","floor":10.0},{"not_picked":["Cleave","Rupture"],"picked":"Iron Wave","floor":12.0},{"not_picked":["Second Wind","Offering"],"picked":"Entrench","floor":14.0},{"not_picked":["Double Tap","Brutality"],"picked":"Impervious","floor":16.0},{"not_picked":["Fire Breathing","Rage"],"picked":"Body Slam","floor":18.0},{"not_picked":["Twin Strike+1","Iron Wave"],"picked":"Flame Barrier","floor":19.0},{"not_picked":["Searing Blow","Perfected Strike","Pommel Strike"],"picked":"SKIP","floor":20.0},{"not_picked":["Warcry","Pommel Strike","Twin Strike"],"picked":"SKIP","floor":22.0},{"not_picked":["Fire Breathing","Flame Barrier"],"picked":"Battle Trance","floor":24},{"not_picked":["Cleave+1","Berserk"],"picked":"Armaments+1","floor":29},{"not_picked":["Armaments","Sword Boomerang+1","Shockwave"],"picked":"SKIP","floor":31},{"not_picked":["Dark Embrace","Double Tap"],"picked":"Barricade","floor":33},{"not_picked":[],"picked":"Iron Wave+1","floor":35},{"not_picked":[],"picked":"Metallicize","floor":36},{"not_picked":[],"picked":"Entrench+1","floor":38},{"not_picked":["Iron Wave+1"],"picked":"SKIP","floor":39},{"not_picked":["Rupture+1"],"picked":"SKIP","floor":40},{"not_picked":["Second Wind"],"picked":"SKIP","floor":44},{"not_picked":["True Grit"],"picked":"SKIP","floor":47}],"player_experience":221681,"relics_obtained":[{"floor":7.0,"key":"Paper Frog"},{"floor":8.0,"key":"Odd Mushroom"},{"floor":9.0,"key":"The Courier"},{"floor":14.0,"key":"Blue Candle"},{"floor":26,"key":"Molten Egg 2"},{"floor":40,"key":"Juzu Bracelet"},{"floor":42,"key":"Nunchaku"},{"floor":43,"key":"Mercury Hourglass"},{"floor":48,"key":"Shovel"}],"event_choices":[{"event_name":"Mushrooms","player_choice":"Fought Mushrooms","floor":8.0,"damage_taken":0.0},{"event_name":"MindBloom","player_choice":"Fight","floor":42,"damage_taken":0},{"event_name":"Falling","player_choice":"Removed Skill","floor":46,"damage_taken":0},{"event_name":"Mysterious Sphere","player_choice":"Fight","floor":48,"damage_taken":0}],"is_beta":false,"boss_relics":[{"not_picked":["Eternal Feather","Orrery"],"picked":"Cursed Key"},{"not_picked":["Fusion Hammer","Runic Dome"],"picked":"Busted Crown"}],"items_purged_floors":[27],"is_endless":false,"potions_floor_spawned":[2,3,8,12,20,22,24,33,38,40,48],"ascension_level":0}