{"gold_per_floor":[110,19,38,38,38,38,72,72,72,88,88,116,132,57,57,134,134,151,162,162,179,278,278,57,71,71,71,71,82,92,16,16,92,92,108,0,0,19,19,19,44,56,56,56,67,95,95,20,20,20],"floor_reached":51,"playtime":2907,"items_purged":["Strike_G","Setup"],"score":1220,"play_id":"b825b861-e3b4-48f3-b6f3-7137758b7968","local_time":"20190728230745","is_ascension_mode":true,"campfire_choices":[{"data":"Bouncing Flask","floor":6,"key":"SMITH"},{"data":"Noxious Fumes","floor":8,"key":"SMITH"},{"data":"Neutralize","floor":11,"key":"SMITH"},{"floor":15,"key":"REST"},{"floor":23,"key":"REST"},{"floor":27,"key":"REST"},{"floor":32,"key":"REST"},{"data":"After Image","floor":40,"key":"SMITH"},{"floor":44,"key":"REST"},{"data":"Footwork","floor":49,"key":"SMITH"}],"neow_cost":"NONE","seed_source_timestamp":100465392195497,"circlet_count":0,"master_deck":["AscendersBane","Survivor+1","Neutralize+1","Noxious Fumes+1","PiercingWail","Bouncing Flask+1","Poisoned Stab","Caltrops","Cloak And Dagger","After Image+1","Calculated Gamble","Endless Agony","Well Laid Plans","Adrenaline","A Thousand Cuts","Footwork","Dash","Cloak And Dagger","Crippling Poison","Deflect+1","Cloak And Dagger","Bouncing Flask","Poisoned Stab+1","Backflip","Escape Plan+1","Noxious Fumes","Venomology","Deadly Poison+1","Cloak And Dagger+1","Footwork+1"],"relics":["Ring of the Snake","NeowsBlessing","Nunchaku","Ninja Scroll","Calipers","Pandora\u0027s Box","Nilry\u0027s Codex","Bag of Preparation","Busted Crown","Red Mask","Paper Crane","Ornamental Fan","Bottled Flame"],"potions_floor_usage":[12,12,13,29,29,41,42,45,50,50],"damage_taken":[{"damage":0,"enemies":"Small Slimes","floor":1,"turns":1},{"damage":0,"enemies":"Cultist","floor":3,"turns":1},{"damage":0,"enemies":"Gremlin Nob","floor":7,"turns":1},{"damage":0,"enemies":"Jaw Worm","floor":10,"turns":3},{"damage":10,"enemies":"3 Sentries","floor":12,"turns":6},{"damage":5,"enemies":"3 Louse","floor":13,"turns":3},{"damage":3,"enemies":"Hexaghost","floor":16,"turns":7},{"damage":4,"enemies":"Chosen","floor":18,"turns":5},{"damage":8,"enemies":"3 Byrds","floor":19,"turns":3},{"damage":20,"enemies":"3 Cultists","floor":21,"turns":5},{"damage":6,"enemies":"Sentry and Sphere","floor":25,"turns":6},{"damage":26,"enemies":"Shelled Parasite and Fungi","floor":29,"turns":6},{"damage":9,"enemies":"Cultist and Chosen","floor":30,"turns":5},{"damage":8,"enemies":"Automaton","floor":33,"turns":10},{"damage":13,"enemies":"Orb Walker","floor":35,"turns":4},{"damage":0,"enemies":"3 Shapes","floor":38,"turns":5},{"damage":2,"enemies":"Nemesis","floor":41,"turns":7},{"damage":0,"enemies":"Spire Growth","floor":42,"turns":5},{"damage":0,"enemies":"Jaw Worm Horde","floor":45,"turns":4},{"damage":6,"enemies":"Reptomancer","floor":46,"turns":7},{"damage":5,"enemies":"Awakened One","floor":50,"turns":18}],"seed_played":"-6293878707776444212","potions_obtained":[{"floor":5,"key":"AttackPotion"},{"floor":5,"key":"PowerPotion"},{"floor":12,"key":"Energy Potion"},{"floor":13,"key":"Strength Potion"},{"floor":18,"key":"Poison Potion"},{"floor":35,"key":"SkillPotion"},{"floor":38,"key":"AttackPotion"},{"floor":45,"key":"SpeedPotion"}],"is_trial":false,"path_per_floor":["M","$","M","?","?","R","E","R","T","M","R","E","M","$","R","B",null,"M","M","?","M","?","R","$","M","T","R","?","M","M","$","R","B",null,"M","?","?","M","?","R","E","M","T","R","M","E","?","$","R","B",null],"character_chosen":"THE_SILENT","items_purchased":["Noxious Fumes","PiercingWail","Cloak And Dagger","Bouncing Flask","Noxious Fumes","Footwork"],"campfire_rested":5,"item_purchase_floors":[2,2,24,24,31,48],"current_hp_per_floor":[59,59,59,46,46,46,46,46,46,46,46,36,31,31,50,47,61,57,49,33,13,13,32,32,26,26,45,45,19,10,10,29,21,55,42,42,42,42,42,42,40,40,40,59,59,53,53,53,53,48],"gold":20,"neow_bonus":"THREE_ENEMY_KILL","is_prod":false,"is_daily":false,"chose_seed":false,"campfire_upgraded":5,"win_rate":0,"timestamp":1564373265,"path_taken":["M","$","M","?","?","R","E","R","T","?","R","E","M","?","R","BOSS","M","?","?","M","?","R","$","M","T","R","?","?","M","$","R","BOSS","M","?","?","M","?","R","E","?","T","R","M","E","?","$","R","BOSS"],"build_version":"2019-07-17","purchased_purges":2,"victory":true,"max_hp_per_floor":[66,66,66,66,66,66,66,66,66,66,66,66,66,66,66,66,66,66,66,66,66,66,66,66,66,66,66,66,66,66,66,66,66,66,66,66,66,66,66,66,66,66,66,66,66,66,66,66,66,66],"card_choices":[{"not_picked":["Outmaneuver","Reflex"],"picked":"Dagger Throw","floor":1},{"not_picked":["Prepared","Acrobatics"],"picked":"Bouncing Flask","floor":3},{"not_picked":["Concentrate","Backflip"],"picked":"Poisoned Stab","floor":7},{"not_picked":["Backflip","Eviscerate","Distraction"],"picked":"SKIP","floor":10},{"not_picked":["Phantasmal Killer","Poisoned Stab"],"picked":"Caltrops","floor":12},{"not_picked":["Bane","Tactician"],"picked":"Cloak And Dagger","floor":13},{"not_picked":["Doppelganger","Die Die Die"],"picked":"After Image","floor":16},{"not_picked":["Flying Knee","Deadly Poison+1"],"picked":"Cloak And Dagger","floor":18},{"not_picked":["Deflect","Prepared"],"picked":"Crippling Poison","floor":19},{"not_picked":["Flying Knee","Poisoned Stab"],"picked":"Deflect+1","floor":21},{"not_picked":["Acrobatics","Setup"],"picked":"Poisoned Stab+1","floor":25},{"not_picked":["Outmaneuver","Caltrops"],"picked":"Backflip","floor":29},{"not_picked":["Endless Agony+1","Acrobatics"],"picked":"Escape Plan+1","floor":30},{"not_picked":["Envenom","Grand Finale"],"picked":"Venomology","floor":33},{"not_picked":[],"picked":"Deadly Poison+1","floor":35},{"not_picked":[],"picked":"Cloak And Dagger+1","floor":38},{"not_picked":["Underhanded Strike+1"],"picked":"SKIP","floor":41},{"not_picked":["Poisoned Stab"],"picked":"SKIP","floor":42},{"not_picked":["Outmaneuver"],"picked":"SKIP","floor":45},{"not_picked":["Dagger Spray+1"],"picked":"SKIP","floor":46}],"player_experience":253539,"relics_obtained":[{"floor":7,"key":"Nunchaku"},{"floor":9,"key":"Ninja Scroll"},{"floor":12,"key":"Calipers"},{"floor":20,"key":"Nilry\u0027s Codex"},{"floor":26,"key":"Bag of Preparation"},{"floor":41,"key":"Paper Crane"},{"floor":43,"key":"Ornamental Fan"},{"floor":46,"key":"Bottled Flame"}],"event_choices":[{"damage_healed":0,"gold_gain":0,"player_choice":"Entered Light","damage_taken":13,"max_hp_gain":0,"max_hp_loss":0,"event_name":"Shining Light","floor":4,"gold_loss":0,"cards_upgraded":["Dagger Throw","Survivor"]},{"damage_healed":0,"gold_gain":0,"player_choice":"Got Potions","damage_taken":0,"max_hp_gain":0,"max_hp_loss":0,"event_name":"Lab","floor":5,"gold_loss":0},{"damage_healed":0,"gold_gain":0,"player_choice":"Obtained Book","damage_taken":16,"max_hp_gain":0,"max_hp_loss":0,"event_name":"Cursed Tome","floor":20,"gold_loss":0},{"damage_healed":0,"gold_gain":99,"player_choice":"Stole From Cult","damage_taken":0,"max_hp_gain":0,"max_hp_loss":0,"event_name":"Nest","floor":22,"gold_loss":0},{"cards_removed":["Acrobatics"],"damage_healed":0,"gold_gain":0,"player_choice":"Purged","damage_taken":0,"max_hp_gain":0,"max_hp_loss":0,"event_name":"Purifier","floor":28,"gold_loss":0},{"damage_healed":0,"gold_gain":0,"player_choice":"Paid","damage_taken":0,"relics_obtained":["Red Mask"],"max_hp_gain":0,"max_hp_loss":0,"event_name":"Tomb of Lord Red Mask","floor":36,"gold_loss":108},{"damage_healed":0,"gold_gain":0,"player_choice":"Memory 1","damage_taken":0,"max_hp_gain":0,"max_hp_loss":0,"event_name":"SensoryStone","floor":37,"gold_loss":0},{"cards_removed":["Dagger Throw"],"damage_healed":0,"gold_gain":0,"player_choice":"Removed Attack","damage_taken":0,"max_hp_gain":0,"max_hp_loss":0,"event_name":"Falling","floor":39,"gold_loss":0},{"damage_healed":0,"gold_gain":0,"player_choice":"Bought 0 Potions","damage_taken":0,"max_hp_gain":0,"max_hp_loss":0,"event_name":"The Woman in Blue","floor":47,"gold_loss":0}],"is_beta":false,"boss_relics":[{"not_picked":["Eternal Feather","Tiny House"],"picked":"Pandora\u0027s Box"},{"not_picked":["Runic Dome","Empty Cage"],"picked":"Busted Crown"}],"items_purged_floors":[14,24],"is_endless":false,"potions_floor_spawned":[10,12,13,18,19,25,35,38,45],"ascension_level":14}