{"path_per_floor":["M","$","M","M","M","E","R","M","T","E","M","M","M","M","R","B",null,"M","$","M","M","M","E","M"],"character_chosen":"IRONCLAD","items_purchased":["Lantern","Sadistic Nature"],"gold_per_floor":[209,54,65,76,87,115,115,125,125,155,175,187,197,207,207,302,302,318,115,125,141,152,185,204,204],"floor_reached":25,"campfire_rested":0,"playtime":1721,"current_hp_per_floor":[80,80,80,80,70,60,60,65,65,57,54,50,43,48,48,20,80,59,59,71,67,61,27,20,0],"items_purged":[],"gold":204,"score":243,"play_id":"1fca4ccf-69dc-4c89-b8d1-5696ad9c42c9","local_time":"20180507000748","is_prod":false,"is_daily":false,"chose_seed":false,"is_ascension_mode":false,"campfire_upgraded":2,"timestamp":1525640868,"path_taken":["M","$","M","M","M","E","R","M","T","E","M","M","M","M","R","BOSS","M","$","M","M","M","E","M","M"],"build_version":"2018-05-03","seed_source_timestamp":95355288148643,"purchased_purges":0,"victory":false,"master_deck":["Strike_R","Strike_R","Strike_R","Strike_R","Strike_R","Defend_R","Defend_R","Defend_R","Defend_R","Bash","Armaments+1","Body Slam+1","Thunderclap","Fiend Fire","Flame Barrier","Seeing Red","Ghostly Armor","Iron Wave","Reaper","Thunderclap+1","Sadistic Nature","Fire Breathing","Twin Strike","Body Slam+1"],"max_hp_per_floor":[80,80,80,80,80,80,80,80,80,80,80,80,80,80,80,80,80,80,80,80,80,80,80,80,80],"relics":["Black Blood","Lantern","Bird Faced Urn","Orichalcum","Omamori","Bottled Flame"],"card_choices":[{"not_picked":["Pummel","True Grit"],"picked":"Armaments","floor":1.0},{"not_picked":["Bloodletting","Shrug It Off"],"picked":"Body Slam","floor":4.0},{"not_picked":["Wild Strike","Iron Wave"],"picked":"Thunderclap","floor":5.0},{"not_picked":["Wild Strike","Reckless Charge"],"picked":"Fiend Fire","floor":6.0},{"not_picked":["Body Slam","Cleave"],"picked":"Flame Barrier","floor":8.0},{"not_picked":["Clothesline","Juggernaut"],"picked":"Seeing Red","floor":10.0},{"not_picked":["True Grit","Disarm"],"picked":"Ghostly Armor","floor":13.0},{"not_picked":["Ghostly Armor","Second Wind"],"picked":"Iron Wave","floor":14.0},{"not_picked":["Impervious","Feed"],"picked":"Reaper","floor":16.0},{"not_picked":["Infernal Blade","Intimidate"],"picked":"Thunderclap","floor":18.0},{"not_picked":["Anger","Cleave"],"picked":"Fire Breathing","floor":20.0},{"not_picked":["Sever Soul","Anger"],"picked":"Twin Strike","floor":22.0},{"not_picked":["Iron Wave","Clothesline"],"picked":"Body Slam","floor":23}],"player_experience":133242,"potions_floor_usage":[23,24],"damage_taken":[{"damage":6.0,"enemies":"Jaw Worm","floor":1.0,"turns":3.0},{"damage":0.0,"enemies":"2 Louse","floor":3.0,"turns":3.0},{"damage":6.0,"enemies":"Cultist","floor":4.0,"turns":3.0},{"damage":16.0,"enemies":"Large Slime","floor":5.0,"turns":6.0},{"damage":16.0,"enemies":"Gremlin Nob","floor":6.0,"turns":4.0},{"damage":1.0,"enemies":"2 Fungi Beasts","floor":8.0,"turns":3.0},{"damage":14.0,"enemies":"Lagavulin","floor":10.0,"turns":5.0},{"damage":9.0,"enemies":"3 Louse","floor":11.0,"turns":3.0},{"damage":10.0,"enemies":"Exordium Wildlife","floor":12.0,"turns":6.0},{"damage":13.0,"enemies":"Gremlin Gang","floor":13.0,"turns":6.0},{"damage":1.0,"enemies":"3 Louse","floor":14.0,"turns":4.0},{"damage":34.0,"enemies":"Slime Boss","floor":16.0,"turns":14.0},{"damage":31.0,"enemies":"2 Thieves","floor":18.0,"turns":5.0},{"damage":6.0,"enemies":"Chosen","floor":20.0,"turns":5.0},{"damage":18.0,"enemies":"Sentry and Sphere","floor":21.0,"turns":8.0},{"damage":20.0,"enemies":"Snecko","floor":22.0,"turns":5.0},{"damage":56,"enemies":"Gremlin Leader","floor":23,"turns":8},{"damage":24,"enemies":"Centurion and Healer","floor":24,"turns":6},{"damage":22,"enemies":"Snake Plant","floor":25,"turns":3}],"event_choices":[],"boss_relics":[],"potions_floor_spawned":[5,6,8,10,12,16,18,22,23],"seed_played":"620154474033935997","killed_by":"Snake Plant","ascension_level":0,"is_trial":false}