{"gold_per_floor":[119,119,137,87,110,110,110,145,182,214,226,263,275,333,345,481,493,518,530,575,613,646,694,706,428,452,452,471,471,181,219,219,338,338,361,377,1376,1376,1394,1394],"floor_reached":40,"playtime":11743,"items_purged":["Well Laid Plans","Strike_G"],"score":489,"play_id":"42860be5-5908-40a3-8017-94256045e784","local_time":"20190722175425","is_ascension_mode":true,"campfire_choices":[{"floor":6,"key":"REST"},{"floor":11,"key":"REST"},{"data":"Noxious Fumes","floor":13,"key":"SMITH"},{"data":"Bane","floor":15,"key":"SMITH"},{"floor":24,"key":"REST"},{"floor":32,"key":"REST"}],"neow_cost":"TEN_PERCENT_HP_LOSS","seed_source_timestamp":10156071876438,"circlet_count":0,"master_deck":["Strike_G+1","Defend_G","Defend_G","Survivor","Neutralize+1","PanicButton","Purity","Noxious Fumes+1","Crippling Poison","Bane+1","Adrenaline","Backstab","Corpse Explosion","Bane","Doppelganger","Acrobatics+1","Footwork","Riddle With Holes","The Bomb","RitualDagger","Leg Sweep+1","The Bomb","Bullet Time","Slice+1","Die Die Die+1","Deflect+1","Dash","Skewer+1"],"relics":["Ring of the Snake","Golden Idol","MawBank","Lantern","Anchor","Snecko Eye","Red Mask","Regal Pillow","Whetstone","Omamori","Singing Bowl","Astrolabe"],"potions_floor_usage":[20,23,23,36,36],"damage_taken":[{"damage":1,"enemies":"2 Louse","floor":1,"turns":3},{"damage":11,"enemies":"Jaw Worm","floor":3,"turns":7},{"damage":4,"enemies":"Cultist","floor":5,"turns":5},{"damage":16,"enemies":"Gremlin Nob","floor":8,"turns":5},{"damage":0,"enemies":"Large Slime","floor":10,"turns":6},{"damage":3,"enemies":"Blue Slaver","floor":12,"turns":5},{"damage":18,"enemies":"Slime Boss","floor":16,"turns":10},{"damage":19,"enemies":"Shell Parasite","floor":18,"turns":5},{"damage":4,"enemies":"Masked Bandits","floor":20,"turns":3},{"damage":0,"enemies":"Chosen","floor":22,"turns":3},{"damage":31,"enemies":"Book of Stabbing","floor":23,"turns":6},{"damage":0,"enemies":"3 Cultists","floor":28,"turns":1},{"damage":1,"enemies":"Slavers","floor":31,"turns":3},{"damage":40,"enemies":"Collector","floor":33,"turns":7},{"damage":2,"enemies":"Orb Walker","floor":35,"turns":2},{"damage":36,"enemies":"3 Darklings","floor":36,"turns":4},{"damage":14,"enemies":"Jaw Worm Horde","floor":39,"turns":3},{"damage":35,"enemies":"Nemesis","floor":40,"turns":5}],"seed_played":"647089249145973461","potions_obtained":[{"floor":5,"key":"GhostInAJar"},{"floor":10,"key":"SteroidPotion"},{"floor":16,"key":"Poison Potion"},{"floor":20,"key":"SkillPotion"},{"floor":31,"key":"Ancient Potion"},{"floor":35,"key":"PowerPotion"}],"is_trial":false,"path_per_floor":["M","?","M","?","M","R","?","E","T","M","R","M","R","T","R","B",null,"M","?","?","T","M","E","R","$","T","?","M","?","$","E","R","B",null,"M","M","?","?","M","E"],"character_chosen":"THE_SILENT","items_purchased":["Riddle With Holes","The Bomb","The Bomb"],"campfire_rested":4,"item_purchase_floors":[25,25,30],"current_hp_per_floor":[62,47,36,36,32,50,50,34,34,34,52,49,49,49,49,31,63,44,44,40,40,40,9,42,42,42,36,36,36,36,37,65,25,65,65,31,31,31,17,0],"gold":1394,"neow_bonus":"RANDOM_COLORLESS_2","is_prod":false,"is_daily":false,"chose_seed":false,"campfire_upgraded":2,"win_rate":0,"timestamp":1563836065,"path_taken":["M","?","M","?","M","R","?","E","T","M","R","M","R","?","R","BOSS","M","?","?","?","M","E","R","$","T","?","M","?","$","E","R","BOSS","M","M","?","?","M","E"],"build_version":"2019-07-17","purchased_purges":2,"victory":false,"max_hp_per_floor":[63,63,63,63,63,63,63,63,63,63,63,63,63,63,63,63,63,63,63,63,63,63,63,63,63,63,63,63,63,63,65,65,65,65,67,69,69,69,69,69],"card_choices":[{"not_picked":["Escape Plan","Caltrops"],"picked":"Noxious Fumes","floor":1},{"not_picked":["Blur","Backflip"],"picked":"Crippling Poison","floor":3},{"not_picked":["Distraction","Sucker Punch"],"picked":"Bane","floor":5},{"not_picked":["Outmaneuver","Acrobatics"],"picked":"Adrenaline","floor":8},{"not_picked":["Tactician","Dagger Spray","Calculated Gamble"],"picked":"SKIP","floor":10},{"not_picked":["Tactician","Sucker Punch"],"picked":"Backstab","floor":12},{"not_picked":["Phantasmal Killer","Die Die Die"],"picked":"Corpse Explosion","floor":16},{"not_picked":["Flying Knee","Acrobatics+1"],"picked":"Bane","floor":18},{"not_picked":["Prepared","Quick Slash"],"picked":"Doppelganger","floor":20},{"not_picked":["Bane","Heel Hook"],"picked":"Acrobatics+1","floor":22},{"not_picked":["Acrobatics","Caltrops"],"picked":"Footwork","floor":23},{"not_picked":["Prepared+1","Slice+1"],"picked":"Leg Sweep+1","floor":28},{"not_picked":["Sucker Punch","Deflect","Noxious Fumes"],"picked":"Singing Bowl","floor":31},{"not_picked":["Die Die Die","Storm of Steel"],"picked":"Bullet Time","floor":33},{"not_picked":["Dodge and Roll+1","Underhanded Strike+1","Endless Agony+1"],"picked":"Singing Bowl","floor":35},{"not_picked":["Finisher","All Out Attack+1","Backflip"],"picked":"Singing Bowl","floor":36},{"not_picked":["Backflip+1","Bane"],"picked":"Skewer+1","floor":39}],"player_experience":503952,"relics_obtained":[{"floor":8,"key":"MawBank"},{"floor":9,"key":"Lantern"},{"floor":14,"key":"Anchor"},{"floor":20,"key":"Red Mask"},{"floor":21,"key":"Regal Pillow"},{"floor":23,"key":"Whetstone"},{"floor":26,"key":"Omamori"},{"floor":31,"key":"Singing Bowl"}],"event_choices":[{"damage_healed":0,"gold_gain":0,"player_choice":"Take Damage","damage_taken":15,"relics_obtained":["Golden Idol"],"max_hp_gain":0,"max_hp_loss":0,"event_name":"Golden Idol","floor":2,"gold_loss":0},{"cards_removed":["Strike_G"],"damage_healed":0,"gold_gain":0,"player_choice":"Card Removal","damage_taken":0,"max_hp_gain":0,"max_hp_loss":0,"event_name":"The Cleric","floor":4,"gold_loss":50},{"damage_healed":0,"gold_gain":0,"cards_transformed":["Strike_G"],"player_choice":"Change","damage_taken":0,"max_hp_gain":0,"max_hp_loss":0,"event_name":"Living Wall","floor":7,"gold_loss":0,"cards_obtained":["Well Laid Plans"]},{"damage_healed":0,"gold_gain":0,"player_choice":"Ignored","damage_taken":0,"max_hp_gain":0,"max_hp_loss":0,"event_name":"Ghosts","floor":19,"gold_loss":0},{"damage_healed":0,"gold_gain":0,"player_choice":"Fought Bandits","damage_taken":0,"max_hp_gain":0,"max_hp_loss":0,"event_name":"Masked Bandits","floor":20,"gold_loss":0},{"damage_healed":0,"gold_gain":0,"player_choice":"Joined the Cult","damage_taken":6,"max_hp_gain":0,"max_hp_loss":0,"event_name":"Nest","floor":27,"gold_loss":0,"cards_obtained":["RitualDagger"]},{"damage_healed":0,"gold_gain":0,"player_choice":"Ignored","damage_taken":0,"max_hp_gain":0,"max_hp_loss":0,"event_name":"Vampires","floor":29,"gold_loss":0},{"damage_healed":0,"gold_gain":999,"player_choice":"Gold","damage_taken":0,"max_hp_gain":0,"max_hp_loss":0,"event_name":"MindBloom","floor":37,"gold_loss":0,"cards_obtained":["Normality","Normality"]},{"damage_healed":0,"gold_gain":0,"cards_transformed":["Defend_G"],"player_choice":"Transformed","damage_taken":0,"max_hp_gain":0,"max_hp_loss":0,"event_name":"Transmorgrifier","floor":38,"gold_loss":0,"cards_obtained":["Dash"]}],"is_beta":false,"boss_relics":[{"not_picked":["Ectoplasm","Runic Dome"],"picked":"Snecko Eye"},{"not_picked":["Eternal Feather","Pandora\u0027s Box"],"picked":"Astrolabe"}],"items_purged_floors":[25,30],"is_endless":false,"potions_floor_spawned":[5,10,16,18,20,31,35],"killed_by":"Nemesis","ascension_level":2}