{"gold_per_floor":[113,132,150,170,183,215,245,38,38,38,52,52,69,84,84,182,182,194,207,207,226,226,260,260],"floor_reached":24,"playtime":908,"items_purged":[],"score":222,"play_id":"56cd8809-ad94-497d-b6b8-d8df54b7bc35","local_time":"20180728150931","is_ascension_mode":false,"campfire_choices":[{"floor":12,"key":"REST"},{"data":"Infinite Blades","floor":15,"key":"SMITH"}],"neow_cost":"NONE","seed_source_timestamp":154292285257712,"circlet_count":0,"master_deck":["Defend_G","Defend_G","Defend_G","Defend_G","Defend_G","Strike_G","Strike_G","Strike_G","Strike_G","Strike_G","Survivor","Neutralize","Infinite Blades","Blade Dance","Well Laid Plans","Panache","Infinite Blades+1","Envenom","Noxious Fumes","Infinite Blades"],"special_seed":0,"relics":["Ring of the Snake","Regal Pillow","Vajra","Odd Mushroom","Ninja Scroll","Fusion Hammer","Bottled Lightning"],"potions_floor_usage":[23,23,23],"damage_taken":[{"damage":0,"enemies":"2 Louse","floor":1,"turns":4},{"damage":0,"enemies":"Small Slimes","floor":2,"turns":5},{"damage":1,"enemies":"Jaw Worm","floor":3,"turns":5},{"damage":10,"enemies":"3 Louse","floor":4,"turns":5},{"damage":0,"enemies":"Looter","floor":5,"turns":4},{"damage":25,"enemies":"3 Sentries","floor":6,"turns":8},{"damage":20,"floor":7,"turns":5},{"damage":8,"enemies":"Red Slaver","floor":11,"turns":2},{"damage":2,"enemies":"2 Fungi Beasts","floor":13,"turns":2},{"damage":1,"enemies":"Exordium Wildlife","floor":14,"turns":3},{"damage":18,"enemies":"Hexaghost","floor":16,"turns":8},{"damage":35,"enemies":"2 Thieves","floor":18,"turns":4},{"damage":0,"enemies":"3 Byrds","floor":19,"turns":2},{"damage":16,"enemies":"Centurion and Healer","floor":21,"turns":5},{"damage":23,"enemies":"Slavers","floor":23,"turns":4},{"damage":10,"enemies":"Cultist and Chosen","floor":24,"turns":1}],"seed_played":"-6592055026224262325","potions_obtained":[{"floor":1,"key":"GamblersBrew"},{"floor":2,"key":"FearPotion"},{"floor":5,"key":"Ancient Potion"},{"floor":11,"key":"Regen Potion"},{"floor":13,"key":"Strength Potion"},{"floor":23,"key":"Fire Potion"}],"is_trial":false,"path_per_floor":["M","M","M","M","M","E","?","$","T","$","M","R","M","M","R","B",null,"M","M","$","M","?","E"],"character_chosen":"THE_SILENT","items_purchased":["Panache"],"campfire_rested":1,"item_purchase_floors":[8],"current_hp_per_floor":[70,70,69,59,59,34,14,14,14,14,6,42,40,39,39,21,70,35,35,35,19,19,8,0],"gold":260,"neow_bonus":"RANDOM_COMMON_RELIC","is_prod":false,"is_daily":false,"chose_seed":false,"campfire_upgraded":1,"win_rate":0,"timestamp":1532779771,"path_taken":["M","M","M","M","M","E","?","$","T","$","M","R","M","M","R","BOSS","M","M","$","M","?","E","M"],"build_version":"2018-07-26","purchased_purges":0,"victory":false,"max_hp_per_floor":[70,70,70,70,70,70,70,70,70,70,70,70,70,70,70,70,70,70,70,70,70,70,70,70],"card_choices":[{"not_picked":["Eviscerate","Backflip"],"picked":"Infinite Blades","floor":1},{"not_picked":["Dagger Throw","Catalyst","Flying Knee"],"picked":"SKIP","floor":2},{"not_picked":["Backflip","Flechettes"],"picked":"Blade Dance","floor":3},{"not_picked":["Choke","PiercingWail","Outmaneuver"],"picked":"SKIP","floor":4},{"not_picked":["Reflex","Calculated Gamble","PiercingWail"],"picked":"SKIP","floor":5},{"not_picked":["Slice","Leg Sweep"],"picked":"Well Laid Plans","floor":6},{"not_picked":["Bane","Concentrate","Caltrops"],"picked":"SKIP","floor":11},{"not_picked":["Deadly Poison","Dagger Throw","Catalyst"],"picked":"SKIP","floor":13},{"not_picked":["Bullet Time","All Out Attack"],"picked":"Infinite Blades","floor":14},{"not_picked":["Tools of the Trade","Adrenaline"],"picked":"Envenom","floor":16},{"not_picked":["Underhanded Strike","Sucker Punch","Quick Slash+1"],"picked":"SKIP","floor":18},{"not_picked":["Poisoned Stab+1","Backstab","Acrobatics+1"],"picked":"SKIP","floor":19},{"not_picked":["Prepared","Outmaneuver"],"picked":"Noxious Fumes","floor":21},{"not_picked":["Predator","Dodge and Roll"],"picked":"Infinite Blades","floor":23}],"player_experience":248119,"relics_obtained":[{"floor":6,"key":"Vajra"},{"floor":7,"key":"Odd Mushroom"},{"floor":9,"key":"Ninja Scroll"},{"floor":23,"key":"Bottled Lightning"}],"event_choices":[{"event_name":"Mushrooms","player_choice":"Fought Mushrooms","floor":7,"damage_taken":0},{"event_name":"Addict","player_choice":"Ignored","floor":22,"damage_taken":0}],"is_beta":false,"boss_relics":[{"not_picked":["Empty Cage","Pandora\u0027s Box"],"picked":"Fusion Hammer"}],"items_purged_floors":[],"is_endless":false,"potions_floor_spawned":[1,2,5,11,13,14,19,23],"killed_by":"Cultist and Chosen","ascension_level":0}