{"gold_per_floor":[110,123,48,48,65,65,97,111,111,138,38,48,48,48],"floor_reached":14,"playtime":1821,"items_purged":["Defend_R","Strike_R"],"score":105,"play_id":"0eda9a4b-2a36-4f4b-9f54-32d23793a07b","local_time":"20190704020711","is_ascension_mode":true,"campfire_choices":[{"data":"Rampage","floor":6,"key":"SMITH"}],"neow_cost":"NONE","seed_source_timestamp":58002570008708,"circlet_count":0,"master_deck":["Strike_R","Strike_R","Strike_R","Strike_R","Defend_R","Bash","Rampage+1","Shrug It Off","Offering","Warcry","Inflame","Metallicize"],"relics":["Burning Blood","Regal Pillow","Shuriken","Gambling Chip"],"potions_floor_usage":[10,10],"damage_taken":[{"damage":2,"enemies":"Small Slimes","floor":1,"turns":4},{"damage":1,"enemies":"Cultist","floor":2,"turns":3},{"damage":12,"enemies":"Jaw Worm","floor":5,"turns":2},{"damage":35,"enemies":"3 Sentries","floor":7,"turns":8},{"damage":9,"enemies":"Lots of Slimes","floor":8,"turns":4},{"damage":22,"enemies":"Lagavulin","floor":10,"turns":4},{"damage":12,"enemies":"Exordium Wildlife","floor":12,"turns":2},{"damage":14,"enemies":"Large Slime","floor":14,"turns":2}],"seed_played":"6460736251562703623","potions_obtained":[{"floor":5,"key":"Poison Potion"},{"floor":7,"key":"EssenceOfSteel"},{"floor":10,"key":"FearPotion"}],"is_trial":false,"path_per_floor":["M","M","$","?","M","R","E","M","T","E","$","M","?","M"],"character_chosen":"IRONCLAD","items_purchased":[],"campfire_rested":0,"item_purchase_floors":[],"current_hp_per_floor":[80,80,80,80,74,74,45,42,42,26,26,20,12,0],"gold":48,"neow_bonus":"REMOVE_CARD","is_prod":false,"is_daily":false,"chose_seed":false,"campfire_upgraded":1,"win_rate":0,"timestamp":1562224031,"path_taken":["M","M","$","?","M","R","E","M","T","E","$","?","?","M"],"build_version":"2019-07-01","purchased_purges":2,"victory":false,"max_hp_per_floor":[80,80,80,80,80,80,80,80,80,80,80,80,80,80],"card_choices":[{"not_picked":["True Grit","Dropkick"],"picked":"Rampage","floor":1},{"not_picked":["True Grit","Clothesline"],"picked":"Shrug It Off","floor":2},{"not_picked":["Hemokinesis","Cleave","Second Wind"],"picked":"SKIP","floor":5},{"not_picked":["Perfected Strike","Heavy Blade"],"picked":"Warcry","floor":7},{"not_picked":["Sword Boomerang","Bloodletting"],"picked":"Inflame","floor":8},{"not_picked":["Uppercut","Dark Embrace","Twin Strike"],"picked":"SKIP","floor":10},{"not_picked":["Ghostly Armor","Twin Strike"],"picked":"Metallicize","floor":12}],"player_experience":225307,"relics_obtained":[{"floor":7,"key":"Regal Pillow"},{"floor":9,"key":"Shuriken"},{"floor":10,"key":"Gambling Chip"}],"event_choices":[{"damage_healed":0,"gold_gain":0,"cards_transformed":["Defend_R"],"player_choice":"Transformed","damage_taken":0,"max_hp_gain":0,"max_hp_loss":0,"event_name":"Transmorgrifier","floor":4,"gold_loss":0,"cards_obtained":["Offering"]},{"damage_healed":0,"gold_gain":0,"player_choice":"Damaged","damage_taken":8,"max_hp_gain":0,"max_hp_loss":0,"event_name":"Wheel of Change","floor":13,"gold_loss":0}],"is_beta":false,"boss_relics":[],"items_purged_floors":[3,11],"is_endless":false,"potions_floor_spawned":[5,7,10],"killed_by":"Large Slime","ascension_level":1}