{"gold_per_floor":[114,64,64,79,4,4,4,4],"floor_reached":8,"playtime":556,"items_purged":["Meteor Strike"],"score":94,"play_id":"31e94679-a34d-4f42-9c05-c45ba3bae5cd","local_time":"20190728161653","daily_mods":["Shiny","Diverse","Lethality"],"is_ascension_mode":false,"campfire_choices":[{"data":"Buffer","floor":6,"key":"SMITH"}],"neow_cost":"","seed_source_timestamp":1299095905534113,"circlet_count":0,"master_deck":["Multi-Cast","Hyperbeam","Thunder Strike","Biased Cognition","Machine Learning","Electrodynamics","Buffer+1","Seek","Echo Form","All For One","Reboot","Amplify","Creative AI","Core Surge","Venomology","Corpse Explosion","Malaise","Phantasmal Killer","Die Die Die","Adrenaline","Envenom","Doppelganger","Burst","Wraith Form v2","Tools of the Trade","Night Terror","Unload","After Image","Bullet Time","Storm of Steel","Glass Knife","A Thousand Cuts","Grand Finale","Double Tap","Demon Form","Bludgeon","Feed","Limit Break","Barricade","Fiend Fire","Dark Embrace","Berserk","Impervious","Juggernaut","Brutality","Reaper","Exhume","Offering","Immolate","Gash"],"special_seed":18105,"relics":["Burning Blood","Bottled Lightning"],"potions_floor_usage":[],"damage_taken":[{"damage":0,"enemies":"2 Louse","floor":1,"turns":1},{"damage":14,"enemies":"Jaw Worm","floor":4,"turns":2},{"damage":6,"enemies":"Gremlin Nob","floor":8,"turns":4}],"seed_played":"-7065199168127218782","potions_obtained":[],"is_trial":false,"path_per_floor":["M","?","?","M","$","R","T","E"],"character_chosen":"IRONCLAD","items_purchased":[],"campfire_rested":0,"item_purchase_floors":[],"current_hp_per_floor":[80,80,80,72,72,72,72,66],"gold":4,"neow_bonus":"","is_prod":false,"is_daily":true,"chose_seed":false,"campfire_upgraded":1,"win_rate":0,"timestamp":1564348613,"path_taken":["M","?","?","M","?","R","?","E"],"build_version":"2019-07-17","purchased_purges":1,"victory":false,"max_hp_per_floor":[80,80,80,80,80,80,80,80],"card_choices":[{"not_picked":["Deadly Poison","Chaos","Flying Knee"],"picked":"SKIP","floor":1},{"not_picked":["Prepared","Coolheaded"],"picked":"Gash","floor":4}],"player_experience":91313,"relics_obtained":[{"floor":7,"key":"Bottled Lightning"}],"event_choices":[{"cards_removed":["Fission"],"damage_healed":0,"gold_gain":0,"player_choice":"Card Removal","damage_taken":0,"max_hp_gain":0,"max_hp_loss":0,"event_name":"The Cleric","floor":2,"gold_loss":50},{"cards_removed":["Rainbow"],"damage_healed":0,"gold_gain":0,"player_choice":"Forget","damage_taken":0,"max_hp_gain":0,"max_hp_loss":0,"event_name":"Living Wall","floor":3,"gold_loss":0}],"is_beta":false,"boss_relics":[],"items_purged_floors":[5],"is_endless":false,"potions_floor_spawned":[],"killed_by":"Gremlin Nob","ascension_level":0}