{"gold_per_floor":[114,114,126,145,145,145,156,156,156,156,156,169,181,191,191,191],"floor_reached":16,"playtime":352,"items_purged":[],"score":94,"play_id":"2c3b4665-1e03-49a0-aafa-f861eab017dc","local_time":"20190707162307","is_ascension_mode":false,"campfire_choices":[{"data":"Dramatic Entrance","floor":6,"key":"SMITH"},{"data":"Defend_R","floor":8,"key":"SMITH"},{"data":"Flame Barrier","floor":15,"key":"SMITH"}],"neow_cost":"NONE","seed_source_timestamp":59331059414400,"circlet_count":0,"master_deck":["Strike_R","Strike_R","Strike_R","Strike_R","Strike_R","Defend_R","Defend_R","Defend_R+1","Defend_R+1","Bash","Dramatic Entrance+1","Flame Barrier+1"],"relics":["Burning Blood","Frozen Egg 2"],"potions_floor_usage":[16],"damage_taken":[{"damage":0,"enemies":"2 Louse","floor":1,"turns":2},{"damage":6,"enemies":"Jaw Worm","floor":3,"turns":4},{"damage":0,"enemies":"Small Slimes","floor":4,"turns":2},{"damage":9,"enemies":"2 Fungi Beasts","floor":7,"turns":3},{"damage":4,"enemies":"Blue Slaver","floor":12,"turns":3},{"damage":2,"enemies":"Looter","floor":13,"turns":2},{"damage":0,"enemies":"Red Slaver","floor":14,"turns":6},{"damage":80,"enemies":"The Guardian","floor":16,"turns":17}],"seed_played":"3034020741746438718","potions_obtained":[{"floor":1,"key":"Energy Potion"},{"floor":7,"key":"Block Potion"},{"floor":14,"key":"Poison Potion"}],"is_trial":false,"path_per_floor":["M","?","M","M","$","R","M","R","T","$","?","M","M","M","R","B"],"character_chosen":"IRONCLAD","items_purchased":[],"campfire_rested":0,"item_purchase_floors":[],"current_hp_per_floor":[80,80,80,80,80,80,77,77,77,77,77,79,80,80,80,0],"gold":191,"neow_bonus":"RANDOM_COLORLESS","is_prod":false,"is_daily":false,"chose_seed":false,"campfire_upgraded":3,"win_rate":0,"timestamp":1562505787,"path_taken":["M","?","M","M","$","R","M","R","T","$","?","M","M","M","R","BOSS"],"build_version":"2019-07-05","purchased_purges":0,"victory":false,"max_hp_per_floor":[80,80,80,80,80,80,80,80,80,80,80,80,80,80,80,80],"card_choices":[{"not_picked":["Heavy Blade","Flex","Iron Wave"],"picked":"SKIP","floor":1},{"not_picked":["Wild Strike","Clash","Infernal Blade"],"picked":"SKIP","floor":3},{"not_picked":["Headbutt","Pommel Strike","Thunderclap"],"picked":"SKIP","floor":4},{"not_picked":["Hemokinesis","Heavy Blade","Pommel Strike"],"picked":"SKIP","floor":7},{"not_picked":["Wild Strike","Pommel Strike"],"picked":"Flame Barrier","floor":12},{"not_picked":["Clothesline","Flex","Havoc"],"picked":"SKIP","floor":13},{"not_picked":["Power Through","Sword Boomerang","Perfected Strike"],"picked":"SKIP","floor":14}],"player_experience":676055,"relics_obtained":[{"floor":9,"key":"Frozen Egg 2"}],"event_choices":[{"damage_healed":0,"gold_gain":0,"player_choice":"Leave","damage_taken":0,"max_hp_gain":0,"max_hp_loss":0,"event_name":"The Cleric","floor":2,"gold_loss":0},{"damage_healed":0,"gold_gain":0,"player_choice":"Grow","damage_taken":0,"max_hp_gain":0,"max_hp_loss":0,"event_name":"Living Wall","floor":11,"gold_loss":0,"cards_upgraded":["Defend_R"]}],"is_beta":false,"boss_relics":[],"items_purged_floors":[],"is_endless":false,"potions_floor_spawned":[1,7,14],"killed_by":"The Guardian","ascension_level":0}