{"gold_per_floor":[209,384,404,48,48,48,59,59,86,102,113,143,153,173,173,274,274,292,311,65,164,178,178,194,224,224,224,240,165,165,178,178,278,278,297,313,109,109,129,129,163,163,163,182,195,16,26,26,26,26],"floor_reached":51,"playtime":1467,"items_purged":["Doubt","Strike_R"],"score":733,"play_id":"2b7dcc2d-dfda-4689-8b9c-615c280394a8","local_time":"20181110122432","is_ascension_mode":false,"campfire_choices":[{"data":"Inflame","floor":6.0,"key":"SMITH"},{"data":"Inflame","floor":15.0,"key":"SMITH"},{"data":"Sword Boomerang","floor":23.0,"key":"SMITH"},{"data":"Limit Break","floor":30.0,"key":"SMITH"},{"data":"Reaper","floor":32.0,"key":"SMITH"},{"data":"Feed","floor":40,"key":"SMITH"},{"data":"Ghostly Armor","floor":42,"key":"SMITH"},{"data":"Secret Technique","floor":49,"key":"SMITH"}],"neow_cost":"NONE","seed_source_timestamp":180264271810352,"circlet_count":0,"master_deck":["Strike_R","Strike_R+1","Strike_R","Strike_R","Defend_R","Defend_R","Defend_R","Defend_R","Bash+1","Inflame+1","Inflame+1","Twin Strike","Sword Boomerang+1","Reaper+1","Inflame+1","Limit Break+1","Feed+1","Ghostly Armor+1","Secret Technique+1","Shrug It Off","Armaments+1","Battle Trance"],"special_seed":0,"relics":["Burning Blood","DollysMirror","PreservedInsect","Centennial Puzzle","Coffee Dripper","Matryoshka","Red Mask","Whetstone","Pantograph","Sozu","ClockworkSouvenir","Juzu Bracelet","Anchor","Bronze Scales"],"potions_floor_usage":[41,50],"damage_taken":[{"damage":6.0,"enemies":"Jaw Worm","floor":1.0,"turns":3.0},{"damage":0.0,"enemies":"Small Slimes","floor":3.0,"turns":5.0},{"damage":1.0,"enemies":"Cultist","floor":7.0,"turns":3.0},{"damage":4.0,"enemies":"2 Fungi Beasts","floor":10.0,"turns":4.0},{"damage":16.0,"enemies":"Large Slime","floor":11.0,"turns":6.0},{"damage":14.0,"enemies":"Gremlin Nob","floor":12.0,"turns":3.0},{"damage":8.0,"enemies":"Red Slaver","floor":13.0,"turns":3.0},{"damage":7.0,"enemies":"Blue Slaver","floor":14.0,"turns":2.0},{"damage":44.0,"enemies":"The Guardian","floor":16.0,"turns":8.0},{"damage":0.0,"enemies":"Spheric Guardian","floor":18.0,"turns":3.0},{"damage":25.0,"enemies":"2 Thieves","floor":19.0,"turns":3.0},{"damage":18.0,"enemies":"Snake Plant","floor":22.0,"turns":3.0},{"damage":5.0,"enemies":"Snecko","floor":24.0,"turns":3.0},{"damage":30.0,"enemies":"Masked Bandits","floor":25.0,"turns":3.0},{"damage":27.0,"enemies":"Sentry and Sphere","floor":28.0,"turns":4.0},{"damage":36.0,"enemies":"Snake Plant","floor":31.0,"turns":3.0},{"damage":80.0,"enemies":"Automaton","floor":33.0,"turns":7.0},{"damage":23.0,"enemies":"3 Shapes","floor":35.0,"turns":3.0},{"damage":11.0,"enemies":"Orb Walker","floor":36.0,"turns":2.0},{"damage":28,"enemies":"4 Shapes","floor":39,"turns":5},{"damage":38,"enemies":"Reptomancer","floor":41,"turns":4},{"damage":10,"enemies":"3 Darklings","floor":44,"turns":3},{"damage":19,"enemies":"Sphere and 2 Shapes","floor":45,"turns":7},{"damage":0,"enemies":"Jaw Worm Horde","floor":47,"turns":4},{"damage":22,"enemies":"Time Eater","floor":50,"turns":7}],"seed_played":"6546273024173239527","potions_obtained":[{"floor":1.0,"key":"Weak Potion"},{"floor":10.0,"key":"Swift Potion"},{"floor":11.0,"key":"AttackPotion"},{"floor":13.0,"key":"Fruit Juice"},{"floor":19.0,"key":"Block Potion"},{"floor":31.0,"key":"Explosive Potion"}],"is_trial":false,"path_per_floor":["M","?","M","$","?","R","M","M","?","T","M","M","E","M","M","R","B",null,"M","M","$","?","M","R","M","?","T","?","M","$","R","M","R","B",null,"M","M","$","?","M","R","E","R","T","M","M","$","M","?","R","B",null],"character_chosen":"IRONCLAD","items_purchased":["Inflame","DollysMirror","Matryoshka","Limit Break","ClockworkSouvenir","Battle Trance"],"campfire_rested":0,"item_purchase_floors":[4,4,20,29,37,46],"current_hp_per_floor":[80,80,80,80,80,80,80,80,80,80,70,62,65,64,64,26,85,85,66,66,66,58,58,66,71,71,71,54,54,54,39,39,15,85,71,90,90,90,72,72,62,62,62,84,75,75,102,102,102,102],"gold":26,"neow_bonus":"HUNDRED_GOLD","is_prod":false,"is_daily":false,"chose_seed":false,"campfire_upgraded":8,"win_rate":0,"timestamp":1541845472,"path_taken":["M","?","M","$","?","R","M","?","T","?","M","E","M","M","R","BOSS","M","M","$","?","M","R","M","?","T","?","?","$","R","M","R","BOSS","M","M","$","?","M","R","E","R","T","M","M","$","M","?","R","BOSS"],"build_version":"2018-11-08","purchased_purges":2,"victory":true,"max_hp_per_floor":[80,80,80,80,80,80,80,80,80,80,80,80,85,85,85,85,85,85,85,85,85,85,85,85,85,85,85,85,85,85,85,85,85,85,88,91,91,91,94,94,94,94,94,94,98,98,102,102,102,102],"card_choices":[{"not_picked":["Rupture","Cleave","Feel No Pain"],"picked":"SKIP","floor":1.0},{"not_picked":["Cleave","Clothesline","Armaments"],"picked":"SKIP","floor":3.0},{"not_picked":["Rampage","Sentinel","Rupture"],"picked":"SKIP","floor":7.0},{"not_picked":["Headbutt","Pommel Strike","Havoc"],"picked":"SKIP","floor":10.0},{"not_picked":["Armaments","Power Through"],"picked":"Twin Strike","floor":11.0},{"not_picked":["Fiend Fire","True Grit"],"picked":"Sword Boomerang","floor":12.0},{"not_picked":["Warcry","Twin Strike","Havoc"],"picked":"SKIP","floor":13.0},{"not_picked":["Flex","Entrench","Rampage"],"picked":"SKIP","floor":14.0},{"not_picked":["Barricade","Fiend Fire"],"picked":"Reaper","floor":16.0},{"not_picked":["Burning Pact","Rupture","Seeing Red"],"picked":"SKIP","floor":18.0},{"not_picked":["Shockwave","Dropkick+1","Sword Boomerang"],"picked":"SKIP","floor":19.0},{"not_picked":["Evolve","Rupture","Feel No Pain+1"],"picked":"SKIP","floor":22.0},{"not_picked":["Power Through+1","Body Slam+1"],"picked":"Inflame","floor":24.0},{"not_picked":["Hemokinesis+1","Anger","Clothesline"],"picked":"SKIP","floor":28.0},{"not_picked":["Searing Blow","Sword Boomerang","Flex"],"picked":"SKIP","floor":31.0},{"not_picked":["Exhume","Berserk"],"picked":"Feed","floor":33.0},{"not_picked":["Body Slam+1","True Grit","Headbutt"],"picked":"SKIP","floor":35.0},{"not_picked":["Anger","Infernal Blade"],"picked":"Ghostly Armor","floor":36.0},{"not_picked":["Enlightenment","Purity"],"picked":"Secret Technique","floor":38.0},{"not_picked":["Cleave+1","Warcry+1","Whirlwind"],"picked":"SKIP","floor":39},{"not_picked":["Fiend Fire","Wild Strike","Clothesline"],"picked":"SKIP","floor":41},{"not_picked":["Heavy Blade","True Grit+1"],"picked":"Shrug It Off","floor":44},{"not_picked":["Flex+1","Blood for Blood"],"picked":"Armaments+1","floor":45},{"not_picked":["Body Slam+1","Twin Strike","Anger"],"picked":"SKIP","floor":47}],"player_experience":450491,"relics_obtained":[{"floor":9.0,"key":"PreservedInsect"},{"floor":12.0,"key":"Centennial Puzzle"},{"floor":25.0,"key":"Red Mask"},{"floor":26.0,"key":"Whetstone"},{"floor":26.0,"key":"Pantograph"},{"floor":41,"key":"Juzu Bracelet"},{"floor":43,"key":"Anchor"},{"floor":43,"key":"Bronze Scales"}],"event_choices":[{"damage_healed":0.0,"max_hp_gain":0.0,"max_hp_loss":0.0,"gold_gain":175.0,"event_name":"Liars Game","player_choice":"AGREE","floor":2.0,"gold_loss":0.0,"damage_taken":0.0,"cards_obtained":["Doubt"]},{"damage_healed":0.0,"max_hp_gain":0.0,"max_hp_loss":0.0,"gold_gain":0.0,"event_name":"The Cleric","player_choice":"Leave","floor":5.0,"gold_loss":0.0,"damage_taken":0.0},{"damage_healed":0.0,"max_hp_gain":0.0,"max_hp_loss":0.0,"gold_gain":0.0,"event_name":"The Woman in Blue","player_choice":"Bought 0 Potions","floor":8.0,"gold_loss":0.0,"damage_taken":0.0},{"damage_healed":0.0,"max_hp_gain":0.0,"max_hp_loss":0.0,"gold_gain":99.0,"event_name":"Nest","player_choice":"Stole From Cult","floor":21.0,"gold_loss":0.0,"damage_taken":0.0},{"damage_healed":0.0,"max_hp_gain":0.0,"max_hp_loss":0.0,"gold_gain":0.0,"event_name":"Masked Bandits","player_choice":"Fought Bandits","floor":25.0,"gold_loss":0.0,"damage_taken":0.0},{"damage_healed":0.0,"max_hp_gain":0.0,"max_hp_loss":0.0,"gold_gain":0.0,"event_name":"Upgrade Shrine","player_choice":"Upgraded","floor":27.0,"gold_loss":0.0,"damage_taken":0.0,"cards_upgraded":["Inflame"]},{"damage_healed":0.0,"max_hp_gain":0.0,"max_hp_loss":0.0,"gold_gain":0.0,"event_name":"SensoryStone","player_choice":"Memory 1","floor":38.0,"gold_loss":0.0,"damage_taken":0.0},{"damage_healed":0,"gold_gain":0,"player_choice":"Ignored","damage_taken":0,"max_hp_gain":0,"max_hp_loss":0,"event_name":"Transmorgrifier","floor":48,"gold_loss":0}],"is_beta":false,"boss_relics":[{"not_picked":["Orrery","Runic Dome"],"picked":"Coffee Dripper"},{"not_picked":["Runic Cube","White Beast Statue"],"picked":"Sozu"}],"items_purged_floors":[4,46],"is_endless":false,"potions_floor_spawned":[1,10,11,13,19,22,31,33,35,36,47],"ascension_level":0}