{"gold_per_floor":[114,129,129,129,129,155,175,175,175,175,175,175,175,195,195,297,297,311,327,175,274,21,21,35,0,0,0,0],"floor_reached":28,"playtime":717,"items_purged":["Strike_B","Strike_B"],"score":264,"play_id":"f2f52721-9c52-4a7c-bb35-e3566aa4dce4","local_time":"20190702043342","is_ascension_mode":false,"campfire_choices":[{"data":"Dualcast","floor":8,"key":"SMITH"},{"data":"Go for the Eyes","floor":10,"key":"SMITH"},{"data":"Reinforced Body","floor":15,"key":"SMITH"},{"data":"Defragment","floor":23,"key":"SMITH"},{"data":"Defend_B","floor":27,"key":"SMITH"}],"neow_cost":"NONE","seed_source_timestamp":194068024231700,"circlet_count":0,"master_deck":["Strike_B+1","Strike_B","Defend_B","Defend_B","Defend_B","Defend_B+1","Zap+1","Dualcast+1","BootSequence","Go for the Eyes+1","Reinforced Body+1","Defragment+1"],"relics":["Cracked Core","NeowsBlessing","Pear","Centennial Puzzle","Strawberry","Busted Crown","Anchor","Sundial"],"potions_floor_usage":[28,28],"damage_taken":[{"damage":0,"enemies":"Small Slimes","floor":1,"turns":1},{"damage":0,"enemies":"2 Louse","floor":2,"turns":1},{"damage":0,"enemies":"Lagavulin","floor":6,"turns":1},{"damage":1,"enemies":"Cultist","floor":7,"turns":3},{"damage":2,"enemies":"Gremlin Gang","floor":14,"turns":4},{"damage":60,"enemies":"Hexaghost","floor":16,"turns":15},{"damage":4,"enemies":"Shell Parasite","floor":18,"turns":7},{"damage":2,"enemies":"Spheric Guardian","floor":19,"turns":5},{"damage":24,"enemies":"3 Cultists","floor":24,"turns":7},{"damage":46,"enemies":"Gremlin Leader","floor":28,"turns":9}],"seed_played":"-4608313731844792246","potions_obtained":[{"floor":1,"key":"GamblersBrew"},{"floor":14,"key":"SteroidPotion"},{"floor":18,"key":"Weak Potion"}],"is_trial":false,"path_per_floor":["M","M","$","?","$","E","M","R","T","R","?","?","?","M","R","B",null,"M","M","$","?","$","R","M","?","T","R","E"],"character_chosen":"DEFECT","items_purchased":["Defragment","Anchor"],"campfire_rested":0,"item_purchase_floors":[20,22],"current_hp_per_floor":[75,75,75,60,60,70,69,69,69,69,58,88,88,86,86,26,92,88,86,86,86,86,86,62,62,62,62,16],"gold":0,"neow_bonus":"THREE_ENEMY_KILL","is_prod":false,"is_daily":false,"chose_seed":false,"campfire_upgraded":5,"win_rate":0,"timestamp":1562031222,"path_taken":["M","M","$","?","$","E","M","R","T","R","?","?","?","?","R","BOSS","M","?","$","?","$","R","M","?","T","R","E"],"build_version":"2019-07-01","purchased_purges":2,"victory":false,"max_hp_per_floor":[75,75,75,75,75,85,85,85,85,85,92,92,92,92,92,92,92,92,92,92,92,92,92,92,92,92,92,92],"card_choices":[{"not_picked":["BootSequence","Redo","Chill"],"picked":"SKIP","floor":1},{"not_picked":["Redo","Chill"],"picked":"BootSequence","floor":1},{"not_picked":["Sweeping Beam","Rebound","Steam Power"],"picked":"SKIP","floor":2},{"not_picked":["Ball Lightning","Beam Cell"],"picked":"Go for the Eyes","floor":6},{"not_picked":["Lockon","Aggregate"],"picked":"Reinforced Body","floor":7},{"not_picked":["Go for the Eyes","Skim","Force Field"],"picked":"SKIP","floor":14},{"not_picked":["Doom and Gloom"],"picked":"SKIP","floor":18},{"not_picked":["Steam+1"],"picked":"SKIP","floor":19},{"not_picked":["Force Field"],"picked":"SKIP","floor":24}],"player_experience":668288,"relics_obtained":[{"floor":6,"key":"Pear"},{"floor":9,"key":"Centennial Puzzle"},{"floor":26,"key":"Sundial"}],"event_choices":[{"damage_healed":0,"gold_gain":0,"player_choice":"Entered Light","damage_taken":15,"max_hp_gain":0,"max_hp_loss":0,"event_name":"Shining Light","floor":4,"gold_loss":0,"cards_upgraded":["Strike_B","Zap"]},{"damage_healed":0,"gold_gain":0,"player_choice":"Success","damage_taken":18,"relics_obtained":["Strawberry"],"max_hp_gain":0,"max_hp_loss":0,"event_name":"Scrap Ooze","floor":11,"gold_loss":0},{"damage_healed":30,"gold_gain":0,"player_choice":"Banana","damage_taken":0,"max_hp_gain":0,"max_hp_loss":0,"event_name":"Big Fish","floor":12,"gold_loss":0},{"damage_healed":0,"gold_gain":0,"player_choice":"Ignored","damage_taken":0,"max_hp_gain":0,"max_hp_loss":0,"event_name":"NoteForYourself","floor":13,"gold_loss":0},{"damage_healed":0,"gold_gain":99,"player_choice":"Stole From Cult","damage_taken":0,"max_hp_gain":0,"max_hp_loss":0,"event_name":"Nest","floor":21,"gold_loss":0},{"damage_healed":0,"gold_gain":0,"player_choice":"Paid Fearfully","damage_taken":0,"max_hp_gain":0,"max_hp_loss":0,"event_name":"Masked Bandits","floor":25,"gold_loss":35}],"is_beta":false,"boss_relics":[{"not_picked":["Orrery","Calling Bell"],"picked":"Busted Crown"}],"items_purged_floors":[20,22],"is_endless":false,"potions_floor_spawned":[1,14,18,24],"killed_by":"Gremlin Leader","ascension_level":0}