{"gold_per_floor":[113,131,146,166,14,14,43,43,111,128,128,153,164,164,164,260,260,276,276,276,30,50,50,69,100,100,118,118,118,118,30,30,129,129,143,161,176,192,210,210,224,224,224,224,234,244,244,264,264,264],"floor_reached":51,"playtime":3525,"items_purged":[],"score":845,"play_id":"5bc023f7-15c3-4613-83c1-fdca6d4b7656","local_time":"20181108163259","is_ascension_mode":true,"campfire_choices":[{"data":"Inflame","floor":6,"key":"SMITH"},{"data":"Shrug It Off","floor":8,"key":"SMITH"},{"data":"Flex","floor":11,"key":"SMITH"},{"data":"Heavy Blade","floor":15,"key":"SMITH"},{"data":"Limit Break","floor":23,"key":"SMITH"},{"data":"Panacea","floor":28,"key":"SMITH"},{"data":"Flame Barrier","floor":30,"key":"SMITH"},{"data":"Ghostly Armor","floor":32,"key":"SMITH"},{"data":"Body Slam","floor":40,"key":"SMITH"},{"data":"Metallicize","floor":44,"key":"SMITH"},{"data":"Twin Strike","floor":47,"key":"SMITH"},{"data":"Cleave","floor":49,"key":"SMITH"}],"neow_cost":"NONE","seed_source_timestamp":18053394040683,"circlet_count":0,"master_deck":["Strike_R","Strike_R+1","Strike_R","Defend_R","Defend_R+1","Defend_R","Bash","Panacea+1","Twin Strike+1","Flex+1","Inflame+1","Shrug It Off+1","Ghostly Armor+1","Reaper","Heavy Blade+1","Brutality","Iron Wave+1","Berserk","Limit Break+1","Finesse","Cleave+1","Flame Barrier+1","Flash of Steel","Body Slam+1","Metallicize+1","Rampage+1","Madness","Madness"],"relics":["Burning Blood","Vajra","Unceasing Top","Bottled Tornado","Regal Pillow","Philosopher\u0027s Stone","Centennial Puzzle","Bottled Lightning","Dodecahedron","Eternal Feather","Shuriken"],"potions_floor_usage":[4,7,12,24,25,41,50,50,50],"damage_taken":[{"damage":6,"enemies":"Cultist","floor":1,"turns":4},{"damage":11,"enemies":"Small Slimes","floor":2,"turns":4},{"damage":2,"enemies":"Jaw Worm","floor":3,"turns":3},{"damage":16,"enemies":"Large Slime","floor":4,"turns":7},{"damage":10,"enemies":"3 Sentries","floor":7,"turns":7},{"damage":8,"enemies":"Red Slaver","floor":10,"turns":3},{"damage":0,"enemies":"Gremlin Nob","floor":12,"turns":2},{"damage":13,"enemies":"3 Louse","floor":13,"turns":2},{"damage":27,"enemies":"Slime Boss","floor":16,"turns":8},{"damage":9,"enemies":"Shell Parasite","floor":18,"turns":3},{"damage":14,"enemies":"Chosen","floor":22,"turns":2},{"damage":15,"enemies":"Shelled Parasite and Fungi","floor":24,"turns":3},{"damage":43,"enemies":"Gremlin Leader","floor":25,"turns":4},{"damage":16,"enemies":"Chosen and Byrds","floor":27,"turns":3},{"damage":18,"enemies":"Collector","floor":33,"turns":6},{"damage":5,"enemies":"3 Shapes","floor":35,"turns":3},{"damage":20,"enemies":"3 Darklings","floor":36,"turns":2},{"damage":12,"enemies":"Jaw Worm Horde","floor":37,"turns":3},{"damage":1,"enemies":"Transient","floor":38,"turns":5},{"damage":17,"enemies":"4 Shapes","floor":39,"turns":4},{"damage":15,"enemies":"3 Darklings","floor":41,"turns":4},{"damage":34,"enemies":"Maw","floor":45,"turns":6},{"damage":30,"enemies":"Jaw Worm Horde","floor":46,"turns":4},{"damage":0,"enemies":"Spire Growth","floor":48,"turns":4},{"damage":93,"enemies":"Awakened One","floor":50,"turns":7}],"seed_played":"8707200557692103770","potions_obtained":[{"floor":1,"key":"SkillPotion"},{"floor":3,"key":"Fruit Juice"},{"floor":10,"key":"SteroidPotion"},{"floor":16,"key":"BloodPotion"},{"floor":24,"key":"LiquidBronze"},{"floor":25,"key":"Fire Potion"},{"floor":35,"key":"GamblersBrew"},{"floor":37,"key":"Poison Potion"},{"floor":38,"key":"LiquidBronze"},{"floor":46,"key":"Energy Potion"}],"is_trial":false,"path_per_floor":["M","M","M","M","$","R","E","R","T","M","R","E","M","?","R","B",null,"M","?","?","$","M","R","M","E","T","M","R","?","R","$","R","B",null,"M","M","M","M","M","R","M","?","T","R","M","M","R","M","R","B",null],"character_chosen":"IRONCLAD","items_purchased":["Vajra","Finesse","Centennial Puzzle","Flash of Steel"],"campfire_rested":0,"item_purchase_floors":[5,21,21,31],"current_hp_per_floor":[80,75,79,74,74,74,70,70,70,68,68,74,81,64,64,70,85,82,82,82,82,74,74,84,65,65,71,71,71,71,71,71,84,85,85,85,85,85,76,85,85,74,74,85,71,47,62,80,85,11],"gold":264,"neow_bonus":"RANDOM_COLORLESS","is_prod":false,"is_daily":false,"chose_seed":false,"campfire_upgraded":12,"win_rate":0,"timestamp":1541691179,"path_taken":["M","?","M","M","$","R","E","R","T","M","R","E","M","?","R","BOSS","M","?","?","$","?","R","M","E","T","M","R","?","R","?","R","BOSS","M","M","M","?","M","R","M","?","T","R","M","M","R","M","R","BOSS"],"build_version":"2018-11-07","purchased_purges":0,"victory":true,"max_hp_per_floor":[80,80,80,85,85,85,85,85,85,85,85,85,85,85,85,85,85,85,85,85,85,85,85,85,85,85,85,85,85,85,85,85,85,85,85,85,85,85,85,85,85,85,85,85,85,85,85,85,85,85],"card_choices":[{"not_picked":["Burning Pact","Headbutt"],"picked":"Twin Strike","floor":1},{"not_picked":["Sword Boomerang","Clothesline","Perfected Strike"],"picked":"SKIP","floor":2},{"not_picked":["Corruption","Warcry"],"picked":"Flex","floor":3},{"not_picked":["Twin Strike","Sword Boomerang"],"picked":"Inflame","floor":4},{"not_picked":["Flame Barrier","Feel No Pain"],"picked":"Shrug It Off","floor":7},{"not_picked":["Carnage","True Grit"],"picked":"Ghostly Armor","floor":10},{"not_picked":["Seeing Red","Headbutt"],"picked":"Reaper","floor":12},{"not_picked":["Perfected Strike","Wild Strike"],"picked":"Heavy Blade","floor":13},{"not_picked":["Exhume","Juggernaut"],"picked":"Brutality","floor":16},{"not_picked":["Wild Strike","Body Slam"],"picked":"Iron Wave","floor":18},{"not_picked":["Twin Strike+1","Heavy Blade"],"picked":"Cleave","floor":22},{"not_picked":["Pommel Strike","Sword Boomerang"],"picked":"Flame Barrier","floor":24},{"not_picked":["Second Wind","Brutality","Havoc+1"],"picked":"SKIP","floor":25},{"not_picked":["Clothesline+1","Dual Wield","Clash"],"picked":"SKIP","floor":27},{"not_picked":["Reckless Charge+1","Heavy Blade","Carnage+1"],"picked":"SKIP","floor":35},{"not_picked":["Heavy Blade","Infernal Blade"],"picked":"Body Slam","floor":36},{"not_picked":["Perfected Strike+1","Combust"],"picked":"Metallicize","floor":37},{"not_picked":["True Grit+1","Warcry+1","Inflame"],"picked":"SKIP","floor":38},{"not_picked":["Body Slam+1","Feel No Pain+1"],"picked":"Rampage+1","floor":39},{"not_picked":["Heavy Blade","Entrench","Thunderclap+1"],"picked":"SKIP","floor":41},{"not_picked":["Headbutt","Perfected Strike+1","Havoc+1"],"picked":"SKIP","floor":45},{"not_picked":["Body Slam+1","Twin Strike","Anger"],"picked":"SKIP","floor":46},{"not_picked":["Shockwave","Anger+1","Intimidate"],"picked":"SKIP","floor":48}],"player_experience":621390,"relics_obtained":[{"floor":7,"key":"Unceasing Top"},{"floor":9,"key":"Bottled Tornado"},{"floor":12,"key":"Regal Pillow"},{"floor":25,"key":"Bottled Lightning"},{"floor":26,"key":"Dodecahedron"},{"floor":43,"key":"Shuriken"}],"event_choices":[{"damage_healed":0,"gold_gain":0,"player_choice":"Entered Light","damage_taken":17,"max_hp_gain":0,"max_hp_loss":0,"event_name":"Shining Light","floor":14,"gold_loss":0,"cards_upgraded":["Strike_R","Defend_R"]},{"damage_healed":0,"gold_gain":0,"cards_transformed":["Strike_R","Defend_R"],"player_choice":"Became Test Subject","damage_taken":0,"max_hp_gain":0,"max_hp_loss":0,"event_name":"Drug Dealer","floor":19,"gold_loss":0,"cards_obtained":["Berserk","Limit Break"]},{"cards_removed":["Strike_R"],"damage_healed":0,"gold_gain":0,"player_choice":"Purged","damage_taken":0,"max_hp_gain":0,"max_hp_loss":0,"event_name":"Purifier","floor":20,"gold_loss":0},{"damage_healed":0,"gold_gain":0,"player_choice":"Upgraded","damage_taken":0,"max_hp_gain":0,"max_hp_loss":0,"event_name":"Upgrade Shrine","floor":29,"gold_loss":0,"cards_upgraded":["Iron Wave"]},{"damage_healed":0,"gold_gain":0,"player_choice":"Embrace Madness","damage_taken":11,"max_hp_gain":0,"max_hp_loss":0,"event_name":"Winding Halls","floor":42,"gold_loss":0,"cards_obtained":["Madness","Madness"]}],"is_beta":true,"boss_relics":[{"not_picked":["White Beast Statue","Lizard Tail"],"picked":"Philosopher\u0027s Stone"},{"not_picked":["Black Star","Runic Dome"],"picked":"Eternal Feather"}],"items_purged_floors":[],"is_endless":false,"potions_floor_spawned":[1,3,10,16,24,25,35,37,38,46],"ascension_level":4}