{"gold_per_floor":[119,137,137,153,164,198,53,53,76,151,202,202,53,68,68,168,168,180,190,207,157,169,169,90,106,131,156,166,14,14,14,14,110,110,121,141,158,158,173,173,192,218,242,47,47,79,79,19,19,19],"floor_reached":50,"playtime":7356,"items_purged":["Defend_R"],"score":547,"play_id":"8be9c1c8-6d30-491e-aa62-e0a977451faa","local_time":"20190725171919","is_ascension_mode":false,"campfire_choices":[{"data":"Uppercut","floor":8,"key":"SMITH"},{"data":"Iron Wave","floor":12,"key":"SMITH"},{"floor":15,"key":"REST"},{"floor":23,"key":"REST"},{"floor":32,"key":"REST"},{"floor":40,"key":"REST"},{"floor":45,"key":"REST"},{"floor":47,"key":"REST"},{"floor":49,"key":"REST"}],"neow_cost":"","seed_source_timestamp":1040700677464740,"circlet_count":0,"master_deck":["Strike_R+1","Defend_R","Bash","Armaments+1","Carnage","Iron Wave+1","Twin Strike","Uppercut+1","Reaper","Flame Barrier","Impervious","Body Slam","Entrench+1","Cleave+1","Headbutt","Fiend Fire+1","Second Wind","Blood for Blood","Shrug It Off","Double Tap+1","Fire Breathing+1","Sword Boomerang+1","Battle Trance+1","Rampage+1","Uppercut+1","Perfected Strike+1","Whirlwind+1","Feel No Pain+1","Uppercut+1","Disarm+1","Uppercut","Brutality"],"relics":["Burning Blood","Bag of Marbles","PreservedInsect","Red Skull","Fusion Hammer","Bronze Scales","Whetstone","Oddly Smooth Stone","Astrolabe","Mummified Hand","Potion Belt","Medical Kit","Juzu Bracelet"],"potions_floor_usage":[6,16,22,33,33,42],"damage_taken":[{"damage":11,"enemies":"Jaw Worm","floor":1,"turns":3},{"damage":7,"enemies":"2 Louse","floor":2,"turns":4},{"damage":0,"enemies":"Cultist","floor":4,"turns":2},{"damage":5,"enemies":"Looter","floor":5,"turns":3},{"damage":15,"enemies":"Gremlin Nob","floor":6,"turns":4},{"damage":17,"enemies":"Gremlin Gang","floor":14,"turns":6},{"damage":49,"enemies":"The Guardian","floor":16,"turns":12},{"damage":8,"enemies":"2 Thieves","floor":18,"turns":4},{"damage":1,"enemies":"Chosen","floor":19,"turns":3},{"damage":13,"enemies":"Sentry and Sphere","floor":20,"turns":6},{"damage":16,"enemies":"Centurion and Healer","floor":22,"turns":7},{"damage":4,"enemies":"3 Cultists","floor":25,"turns":4},{"damage":18,"enemies":"Gremlin Leader","floor":27,"turns":4},{"damage":40,"enemies":"Sentry and Sphere","floor":28,"turns":5},{"damage":45,"enemies":"Champ","floor":33,"turns":11},{"damage":18,"enemies":"3 Darklings","floor":35,"turns":5},{"damage":18,"enemies":"3 Shapes","floor":36,"turns":4},{"damage":39,"enemies":"Writhing Mass","floor":37,"turns":5},{"damage":12,"enemies":"Maw","floor":39,"turns":6},{"damage":34,"enemies":"Jaw Worm Horde","floor":41,"turns":4},{"damage":12,"enemies":"Nemesis","floor":42,"turns":5},{"damage":18,"enemies":"Giant Head","floor":46,"turns":6},{"damage":101,"enemies":"Awakened One","floor":50,"turns":8}],"seed_played":"1540779110159698360","potions_obtained":[{"floor":5,"key":"Strength Potion"},{"floor":6,"key":"SkillPotion"},{"floor":14,"key":"Poison Potion"},{"floor":16,"key":"FairyPotion"},{"floor":19,"key":"GamblersBrew"},{"floor":20,"key":"Fire Potion"},{"floor":27,"key":"Fire Potion"},{"floor":39,"key":"Ancient Potion"},{"floor":41,"key":"Dexterity Potion"}],"is_trial":false,"path_per_floor":["M","M","?","M","M","E","$","R","T","?","?","R","$","M","R","B",null,"M","M","M","?","M","R","$","M","T","E","M","$","$","?","R","B",null,"M","M","M","?","M","R","M","E","T","$","R","E","R","?","R","B"],"character_chosen":"IRONCLAD","items_purchased":["PreservedInsect","Reaper","Fiend Fire","Oddly Smooth Stone","Medical Kit"],"campfire_rested":7,"item_purchase_floors":[7,13,24,29,44],"current_hp_per_floor":[75,74,74,80,80,71,71,71,71,60,60,60,60,55,79,40,80,80,80,73,73,70,80,80,80,80,68,34,34,34,34,58,19,80,68,68,35,35,39,63,35,29,29,29,53,41,65,65,80,0],"gold":19,"neow_bonus":"","is_prod":false,"is_daily":false,"chose_seed":false,"campfire_upgraded":2,"win_rate":0.0,"timestamp":1564093159,"path_taken":["M","M","?","M","M","E","$","R","T","?","?","R","?","?","R","BOSS","M","M","M","?","M","R","$","?","T","E","M","?","$","?","R","BOSS","M","M","M","?","?","R","M","E","T","$","R","E","R","?","R","BOSS"],"build_version":"2019-07-17","purchased_purges":1,"victory":false,"max_hp_per_floor":[80,80,80,80,80,80,80,80,80,80,80,80,80,80,80,80,80,80,80,80,80,80,80,80,80,80,80,80,80,80,80,80,80,80,80,80,80,80,80,80,80,80,80,80,80,80,80,80,80,80],"card_choices":[{"not_picked":["Shrug It Off","Flex"],"picked":"Armaments","floor":1},{"not_picked":["Warcry","Feel No Pain"],"picked":"Carnage","floor":2},{"not_picked":["Shrug It Off","Battle Trance"],"picked":"Iron Wave","floor":4},{"not_picked":["Berserk","Thunderclap"],"picked":"Twin Strike","floor":5},{"not_picked":["Sword Boomerang","Perfected Strike"],"picked":"Uppercut","floor":6},{"not_picked":["Anger","Pommel Strike"],"picked":"Flame Barrier","floor":14},{"not_picked":["Dark Embrace","Reaper"],"picked":"Impervious","floor":16},{"not_picked":["Armaments","Corruption"],"picked":"Body Slam","floor":18},{"not_picked":["Warcry","Armaments"],"picked":"Entrench+1","floor":19},{"not_picked":["Armaments","Perfected Strike"],"picked":"Cleave+1","floor":20},{"not_picked":["Cleave","Armaments"],"picked":"Headbutt","floor":22},{"not_picked":["Thunderclap","Entrench+1"],"picked":"Second Wind","floor":25},{"not_picked":["Dark Embrace","True Grit+1"],"picked":"Blood for Blood","floor":27},{"not_picked":["Armaments","Seeing Red"],"picked":"Shrug It Off","floor":28},{"not_picked":["Berserk","Brutality"],"picked":"Double Tap","floor":33},{"not_picked":["Seeing Red+1","Warcry"],"picked":"Rampage+1","floor":35},{"not_picked":["Clothesline","Armaments"],"picked":"Uppercut+1","floor":36},{"not_picked":["Shrug It Off","Armaments+1"],"picked":"Perfected Strike+1","floor":37},{"not_picked":["Iron Wave","Power Through"],"picked":"Whirlwind+1","floor":39},{"not_picked":["Rupture","Inflame+1"],"picked":"Feel No Pain+1","floor":41},{"not_picked":["Armaments","Berserk"],"picked":"Uppercut+1","floor":42},{"not_picked":["Clash+1","Headbutt"],"picked":"Disarm+1","floor":46}],"player_experience":0,"relics_obtained":[{"floor":6,"key":"Bag of Marbles"},{"floor":9,"key":"Red Skull"},{"floor":26,"key":"Bronze Scales"},{"floor":27,"key":"Whetstone"},{"floor":42,"key":"Mummified Hand"},{"floor":43,"key":"Potion Belt"},{"floor":46,"key":"Juzu Bracelet"}],"event_choices":[{"damage_healed":0,"gold_gain":0,"player_choice":"Grow","damage_taken":0,"max_hp_gain":0,"max_hp_loss":0,"event_name":"Living Wall","floor":3,"gold_loss":0,"cards_upgraded":["Armaments"]},{"damage_healed":0,"gold_gain":75,"player_choice":"Gather Gold","damage_taken":11,"max_hp_gain":0,"max_hp_loss":0,"event_name":"World of Goop","floor":10,"gold_loss":0},{"damage_healed":0,"gold_gain":51,"player_choice":"Gained Gold","damage_taken":0,"max_hp_gain":0,"max_hp_loss":0,"event_name":"Golden Wing","floor":11,"gold_loss":0},{"damage_healed":0,"gold_gain":0,"player_choice":"Bet on Owner","damage_taken":0,"max_hp_gain":0,"max_hp_loss":0,"event_name":"The Joust","floor":21,"gold_loss":50},{"cards_removed":["Strike_R"],"damage_healed":0,"gold_gain":0,"player_choice":"Purged","damage_taken":0,"max_hp_gain":0,"max_hp_loss":0,"event_name":"Purifier","floor":31,"gold_loss":0},{"damage_healed":0,"gold_gain":0,"player_choice":"Forge","damage_taken":0,"max_hp_gain":0,"max_hp_loss":0,"event_name":"Accursed Blacksmith","floor":38,"gold_loss":0,"cards_upgraded":["Double Tap"]},{"damage_healed":0,"gold_gain":0,"cards_transformed":["Strike_R","Defend_R"],"player_choice":"Transformed Cards","damage_taken":0,"max_hp_gain":0,"max_hp_loss":0,"event_name":"Designer","floor":48,"gold_loss":60,"cards_obtained":["Uppercut","Brutality"]}],"is_beta":false,"boss_relics":[{"not_picked":["Runic Cube","White Beast Statue"],"picked":"Fusion Hammer"},{"not_picked":["Calling Bell","Mark of Pain"],"picked":"Astrolabe"}],"items_purged_floors":[13],"is_endless":false,"potions_floor_spawned":[5,6,14,16,19,20,27,39,41],"killed_by":"Awakened One","ascension_level":0}