{"gold_per_floor":[110,130,130,150,127,127,154,154,154,154],"floor_reached":10,"playtime":269,"items_purged":[],"score":66,"play_id":"4bdace35-d88f-4802-8ee0-8c369cdd0f49","local_time":"20190123000115","is_ascension_mode":false,"campfire_choices":[{"data":"Armaments","floor":6,"key":"SMITH"},{"data":"Barricade","floor":8,"key":"SMITH"}],"neow_cost":"NONE","seed_source_timestamp":268680355708586,"circlet_count":0,"master_deck":["Strike_R","Strike_R","Strike_R","Strike_R","Strike_R","Defend_R","Defend_R+1","Defend_R","Defend_R","Bash","Ghostly Armor+1","Armaments+1","Barricade+1"],"relics":["Burning Blood","NeowsBlessing","WingedGreaves","Mummified Hand"],"potions_floor_usage":[7,7,10],"damage_taken":[{"damage":0,"enemies":"Cultist","floor":1,"turns":1},{"damage":0,"enemies":"Small Slimes","floor":2,"turns":1},{"damage":0,"enemies":"2 Louse","floor":4,"turns":1},{"damage":36,"enemies":"Lagavulin","floor":7,"turns":6},{"damage":48,"enemies":"Gremlin Nob","floor":10,"turns":5}],"seed_played":"-6080979212011977949","potions_obtained":[{"floor":1,"key":"Explosive Potion"},{"floor":4,"key":"Ancient Potion"},{"floor":7,"key":"BloodPotion"}],"is_trial":false,"path_per_floor":["M","M","?","M","$","R","E","R","T","E"],"character_chosen":"IRONCLAD","items_purchased":["Armaments"],"campfire_rested":0,"item_purchase_floors":[5],"current_hp_per_floor":[80,80,64,70,70,70,40,40,40,0],"gold":154,"neow_bonus":"THREE_ENEMY_KILL","is_prod":false,"is_daily":false,"chose_seed":false,"campfire_upgraded":2,"win_rate":0,"timestamp":1548194475,"path_taken":["M","?","?","M","$","R","E","R","T","E"],"build_version":"2019-01-17v2","purchased_purges":0,"victory":false,"max_hp_per_floor":[80,80,80,80,80,80,80,80,80,80],"card_choices":[{"not_picked":["Anger","Cleave","Seeing Red"],"picked":"SKIP","floor":1},{"not_picked":["Rage","Warcry"],"picked":"Ghostly Armor","floor":2},{"not_picked":["Heavy Blade","Rage","Shockwave"],"picked":"SKIP","floor":4},{"not_picked":["Iron Wave","Cleave"],"picked":"Barricade","floor":7}],"player_experience":557083,"relics_obtained":[{"floor":7,"key":"WingedGreaves"},{"floor":9,"key":"Mummified Hand"}],"event_choices":[{"damage_healed":0,"gold_gain":0,"player_choice":"Entered Light","damage_taken":16,"max_hp_gain":0,"max_hp_loss":0,"event_name":"Shining Light","floor":3,"gold_loss":0,"cards_upgraded":["Ghostly Armor","Defend_R"]}],"is_beta":false,"boss_relics":[],"items_purged_floors":[],"is_endless":false,"potions_floor_spawned":[1,4,7],"killed_by":"Gremlin Nob","ascension_level":0}