{"gold_per_floor":[110,130,130,130,149,149,180,180,205,235,235,250,277,290,290,386,386,403,74,74,94,104,138,138,154,154,173,185,204,215,227,227,325,325,339,349,349,244,258,108,135,135,135,146,146,34,34,50,50,50],"floor_reached":51,"playtime":1736,"items_purged":["Strike_R","Strike_R"],"score":713,"play_id":"0cc61057-601b-4697-8f24-146f41f322b3","local_time":"20190123203340","is_ascension_mode":false,"campfire_choices":[{"data":"Bash","floor":6.0,"key":"SMITH"},{"data":"Limit Break","floor":15.0,"key":"SMITH"},{"data":"Inflame","floor":24.0,"key":"SMITH"},{"floor":32.0,"key":"REST"},{"floor":42.0,"key":"REST"},{"data":"Limit Break","floor":49.0,"key":"SMITH"}],"neow_cost":"NONE","seed_source_timestamp":340972658925226,"circlet_count":0,"master_deck":["Strike_R","Strike_R","Strike_R","Defend_R","Defend_R","Defend_R","Defend_R","Bash+1","Armaments+1","Limit Break+1","Twin Strike","Reaper","Inflame+1","Limit Break+1","Whirlwind","Offering","Shrug It Off"],"special_seed":0,"relics":["Black Blood","Lantern","Vajra","Bronze Scales","Cursed Key","Membership Card","Bottled Lightning","Omamori","Blood Vial","Frozen Egg 2","The Courier","Orichalcum"],"potions_floor_usage":[50,50],"damage_taken":[{"damage":15.0,"enemies":"Jaw Worm","floor":1.0,"turns":4.0},{"damage":2.0,"enemies":"2 Louse","floor":2.0,"turns":3.0},{"damage":6.0,"enemies":"Cultist","floor":5.0,"turns":3.0},{"damage":34.0,"enemies":"3 Sentries","floor":7.0,"turns":13.0},{"damage":4.0,"enemies":"3 Louse","floor":12.0,"turns":4.0},{"damage":20.0,"enemies":"Gremlin Nob","floor":13.0,"turns":4.0},{"damage":0.0,"enemies":"Looter","floor":14.0,"turns":3.0},{"damage":50.0,"enemies":"The Guardian","floor":16.0,"turns":13.0},{"damage":5.0,"enemies":"Spheric Guardian","floor":18.0,"turns":3.0},{"damage":7.0,"enemies":"3 Byrds","floor":21.0,"turns":3.0},{"damage":18.0,"enemies":"Cultist and Chosen","floor":22.0,"turns":5.0},{"damage":40.0,"enemies":"Book of Stabbing","floor":23.0,"turns":5.0},{"damage":27.0,"enemies":"Snake Plant","floor":25.0,"turns":3.0},{"damage":20.0,"enemies":"Snecko","floor":27.0,"turns":4.0},{"damage":15.0,"enemies":"Centurion and Healer","floor":28.0,"turns":3.0},{"damage":27.0,"enemies":"Snake Plant","floor":29.0,"turns":3.0},{"damage":7.0,"enemies":"3 Cultists","floor":30.0,"turns":3.0},{"damage":41.0,"enemies":"Shelled Parasite and Fungi","floor":31.0,"turns":6.0},{"damage":83.0,"enemies":"Automaton","floor":33.0,"turns":8.0},{"damage":16.0,"enemies":"3 Shapes","floor":35.0,"turns":6.0},{"damage":26.0,"enemies":"3 Darklings","floor":36.0,"turns":6.0},{"damage":40.0,"enemies":"Spire Growth","floor":39.0,"turns":4.0},{"damage":46.0,"enemies":"Nemesis","floor":41.0,"turns":5.0},{"damage":48.0,"enemies":"Transient","floor":44.0,"turns":5.0},{"damage":20.0,"enemies":"4 Shapes","floor":48.0,"turns":7.0},{"damage":74,"enemies":"Time Eater","floor":50,"turns":7}],"seed_played":"-1804063456727455704","potions_obtained":[{"floor":5.0,"key":"BloodPotion"},{"floor":13.0,"key":"BloodPotion"},{"floor":14.0,"key":"Weak Potion"},{"floor":16.0,"key":"FairyPotion"},{"floor":21.0,"key":"SkillPotion"},{"floor":23.0,"key":"LiquidBronze"},{"floor":29.0,"key":"AttackPotion"},{"floor":30.0,"key":"Regen Potion"},{"floor":33.0,"key":"SpeedPotion"},{"floor":35.0,"key":"Energy Potion"},{"floor":39.0,"key":"LiquidBronze"},{"floor":48.0,"key":"Poison Potion"}],"is_trial":false,"path_per_floor":["?","?","?","?","M","?","?","?"],"character_chosen":"IRONCLAD","items_purchased":["Membership Card","Inflame","Limit Break","Whirlwind","Shrug It Off","Omamori","Blood Vial","GamblersBrew","Orichalcum"],"campfire_rested":2,"item_purchase_floors":[19,19,19,19,38,38,40,40,46],"current_hp_per_floor":[79,83,83,83,83,83,55,55,55,55,55,57,43,49,49,21,88,88,88,88,88,76,42,42,29,29,15,34,13,49,20,46,9,88,82,88,88,88,58,58,24,50,50,32,32,32,77,77,77,13],"gold":50,"neow_bonus":"TEN_PERCENT_HP_BONUS","is_prod":false,"is_daily":false,"chose_seed":false,"campfire_upgraded":4,"win_rate":0,"timestamp":1548268420,"path_taken":["M","M","$","?","M","R","E","$","T","?","?","M","E","M","R","BOSS","M","$","?","M","M","E","R","M","T","M","M","M","M","?","R","BOSS","M","M","?","$","M","$","E","R","T","M","?","$","?","M","R","BOSS"],"build_version":"2019-01-23","purchased_purges":2,"victory":true,"max_hp_per_floor":[88,88,88,88,88,88,88,88,88,88,88,88,88,88,88,88,88,88,88,88,88,88,88,88,88,88,88,88,88,88,88,88,88,88,88,88,88,88,88,88,88,88,88,88,88,88,77,77,77,77],"card_choices":[{"not_picked":["Clothesline","Sentinel"],"picked":"Armaments","floor":1.0},{"not_picked":["Clash","Clothesline","Pommel Strike"],"picked":"SKIP","floor":2.0},{"not_picked":["Entrench","Wild Strike","Hemokinesis"],"picked":"SKIP","floor":5.0},{"not_picked":["Bloodletting","Rupture","Anger"],"picked":"SKIP","floor":7.0},{"not_picked":["Perfected Strike","Heavy Blade","Havoc"],"picked":"SKIP","floor":12.0},{"not_picked":["True Grit","Rage"],"picked":"Limit Break","floor":13.0},{"not_picked":["Warcry","Entrench"],"picked":"Twin Strike","floor":14.0},{"not_picked":["Immolate","Double Tap"],"picked":"Reaper","floor":16.0},{"not_picked":["Clothesline+1","Perfected Strike","Blood for Blood"],"picked":"SKIP","floor":18.0},{"not_picked":["Armaments","Infernal Blade","Iron Wave"],"picked":"SKIP","floor":21.0},{"not_picked":["Perfected Strike","Headbutt","Flame Barrier"],"picked":"SKIP","floor":22.0},{"not_picked":["Perfected Strike","Berserk","Clash"],"picked":"SKIP","floor":23.0},{"not_picked":["Rupture","True Grit","Havoc"],"picked":"SKIP","floor":25.0},{"not_picked":["Perfected Strike","Sword Boomerang","Cleave+1"],"picked":"SKIP","floor":27.0},{"not_picked":["Clash","Thunderclap","Perfected Strike"],"picked":"SKIP","floor":28.0},{"not_picked":["Wild Strike","Rupture","Fiend Fire"],"picked":"SKIP","floor":29.0},{"not_picked":["Clothesline","Pummel","Metallicize"],"picked":"SKIP","floor":30.0},{"not_picked":["Clash","Spot Weakness+1","Warcry"],"picked":"SKIP","floor":31.0},{"not_picked":["Dark Embrace","Demon Form"],"picked":"Offering","floor":33.0},{"not_picked":["Burning Pact+1","Reckless Charge+1","Fire Breathing+1"],"picked":"SKIP","floor":35.0},{"not_picked":["Twin Strike+1","Iron Wave","True Grit"],"picked":"SKIP","floor":36.0},{"not_picked":["Sword Boomerang+1","Headbutt+1","Heavy Blade+1"],"picked":"SKIP","floor":39.0},{"not_picked":["Perfected Strike","Sword Boomerang+1","Wild Strike+1"],"picked":"SKIP","floor":41.0},{"not_picked":["Immolate","True Grit+1","Headbutt"],"picked":"SKIP","floor":44.0},{"not_picked":["Iron Wave","Intimidate","Anger"],"picked":"SKIP","floor":48.0}],"player_experience":558926,"relics_obtained":[{"floor":7.0,"key":"Lantern"},{"floor":9.0,"key":"Vajra"},{"floor":13.0,"key":"Bronze Scales"},{"floor":23.0,"key":"Bottled Lightning"},{"floor":41.0,"key":"Frozen Egg 2"},{"floor":43.0,"key":"The Courier"}],"event_choices":[{"damage_healed":0.0,"max_hp_gain":0.0,"max_hp_loss":0.0,"gold_gain":0.0,"event_name":"Living Wall","player_choice":"Grow","floor":4.0,"gold_loss":0.0,"damage_taken":0.0,"cards_upgraded":["Armaments"]},{"damage_healed":0.0,"max_hp_gain":0.0,"max_hp_loss":0.0,"gold_gain":30.0,"event_name":"Dead Adventurer","player_choice":"Searched \u00271\u0027 times","floor":10.0,"gold_loss":0.0,"damage_taken":0.0},{"damage_healed":0.0,"max_hp_gain":0.0,"max_hp_loss":0.0,"gold_gain":0.0,"event_name":"The Cleric","player_choice":"Leave","floor":11.0,"gold_loss":0.0,"damage_taken":0.0},{"damage_healed":0.0,"max_hp_gain":0.0,"max_hp_loss":0.0,"gold_gain":0.0,"event_name":"Match and Keep!","player_choice":"0 cards matched","floor":20.0,"gold_loss":0.0,"damage_taken":0.0,"cards_obtained":[]},{"damage_healed":0.0,"max_hp_gain":0.0,"max_hp_loss":0.0,"gold_gain":0.0,"event_name":"SensoryStone","player_choice":"Memory 1","floor":37.0,"gold_loss":0.0,"damage_taken":0.0},{"damage_healed":0.0,"max_hp_gain":0.0,"max_hp_loss":0.0,"gold_gain":0.0,"event_name":"Mysterious Sphere","player_choice":"Ignored","floor":45.0,"gold_loss":0.0,"damage_taken":0.0},{"damage_healed":77.0,"max_hp_gain":0.0,"max_hp_loss":11.0,"gold_gain":0.0,"event_name":"The Moai Head","player_choice":"Heal","floor":47.0,"gold_loss":0.0,"damage_taken":0.0}],"is_beta":false,"boss_relics":[{"not_picked":["Lizard Tail","Runic Pyramid"],"picked":"Cursed Key"},{"not_picked":["White Beast Statue","Coffee Dripper"],"picked":"Black Blood"}],"items_purged_floors":[40,46],"is_endless":false,"potions_floor_spawned":[5,13,14,16,21,23,29,30,33,35,39,48],"ascension_level":0}