{"gold_per_floor":[116,45,64,78,97,97,97,130,130,130,147,93,20,40,40,40],"floor_reached":16,"playtime":557,"items_purged":[],"score":102,"play_id":"b1359918-271b-4833-b6f5-e10ef440e7fb","local_time":"20180728080855","is_ascension_mode":false,"campfire_choices":[{"data":"Barricade","floor":6.0,"key":"SMITH"},{"data":"Metallicize","floor":10,"key":"SMITH"},{"data":"Metallicize","floor":15,"key":"SMITH"}],"neow_cost":"NONE","seed_source_timestamp":129381904204597,"circlet_count":0,"master_deck":["Strike_R","Strike_R","Strike_R","Strike_R","Defend_R","Defend_R","Defend_R","Defend_R","Bash","Barricade+1","Metallicize+1","Shrug It Off","Shrug It Off","Shrug It Off","Metallicize+1"],"special_seed":0,"relics":["Burning Blood","Orichalcum","Blue Candle"],"potions_floor_usage":[8],"damage_taken":[{"damage":0.0,"enemies":"Small Slimes","floor":1.0,"turns":3.0},{"damage":6.0,"enemies":"Cultist","floor":3.0,"turns":3.0},{"damage":4.0,"enemies":"Jaw Worm","floor":4.0,"turns":6.0},{"damage":11.0,"enemies":"Exordium Thugs","floor":5.0,"turns":11.0},{"damage":43,"enemies":"Lagavulin","floor":8,"turns":10},{"damage":1,"enemies":"Red Slaver","floor":11,"turns":6},{"damage":0,"enemies":"Blue Slaver","floor":14,"turns":6},{"damage":38,"enemies":"Hexaghost","floor":16,"turns":18}],"seed_played":"5119807075476137695","potions_obtained":[{"floor":4.0,"key":"Explosive Potion"},{"floor":8,"key":"Regen Potion"}],"is_trial":false,"path_per_floor":["M","$","M","M","M","R","?","E","T","R","M","$","$","M","R"],"character_chosen":"IRONCLAD","items_purchased":["Metallicize","Shrug It Off","Metallicize"],"campfire_rested":0,"item_purchase_floors":[2,12,13],"current_hp_per_floor":[80,80,80,80,75,75,68,31,31,31,36,36,36,42,42,4],"gold":40,"neow_bonus":"ONE_RANDOM_RARE_CARD","is_prod":false,"is_daily":false,"chose_seed":false,"campfire_upgraded":3,"win_rate":0,"timestamp":1532754535,"path_taken":["M","$","M","M","M","R","?","E","T","R","M","?","$","M","R","BOSS"],"build_version":"2018-07-26","purchased_purges":0,"victory":false,"max_hp_per_floor":[80,80,80,80,80,80,80,80,80,80,80,80,80,80,80,80],"card_choices":[{"not_picked":["Anger","Rage","Seeing Red"],"picked":"SKIP","floor":1.0},{"not_picked":["Perfected Strike","Hemokinesis"],"picked":"Shrug It Off","floor":3.0},{"not_picked":["Rupture","Cleave"],"picked":"Shrug It Off","floor":4.0},{"not_picked":["Dropkick","Sever Soul","Uppercut"],"picked":"SKIP","floor":5.0},{"not_picked":["Wild Strike","Sentinel","Clothesline"],"picked":"SKIP","floor":8},{"not_picked":["Warcry","Disarm","Headbutt"],"picked":"SKIP","floor":11},{"not_picked":["Clash","Sentinel","Evolve"],"picked":"SKIP","floor":14}],"player_experience":245035,"relics_obtained":[{"floor":8,"key":"Orichalcum"},{"floor":9,"key":"Blue Candle"}],"event_choices":[{"event_name":"Golden Wing","player_choice":"Card Removal","floor":7.0,"damage_taken":0.0}],"is_beta":false,"boss_relics":[],"items_purged_floors":[],"is_endless":false,"potions_floor_spawned":[4,8],"killed_by":"Hexaghost","ascension_level":0}