{"gold_per_floor":[20,39,39,56,73,73,107,107,137,137,155,155,155,188,188,291,291,302,318,331,341,357,357,372,11,11,11,40,40,60,86,86,190,190,202,215,115,140,157,157,167,167,167,167,167,182,182,195,195,195],"floor_reached":51,"playtime":1747,"items_purged":["Strike_R","Strike_R"],"score":751,"play_id":"64cfa54d-1d66-406f-936d-c3a51c4d299b","local_time":"20190718222310","is_ascension_mode":false,"campfire_choices":[{"data":"Demon Form","floor":6.0,"key":"SMITH"},{"data":"Battle Trance","floor":8.0,"key":"SMITH"},{"data":"Shrug It Off","floor":12.0,"key":"SMITH"},{"data":"Bash","floor":15.0,"key":"SMITH"},{"data":"Entrench","floor":23.0,"key":"SMITH"},{"data":"Shrug It Off","floor":27.0,"key":"SMITH"},{"data":"Evolve","floor":32,"key":"SMITH"},{"data":"Juggernaut","floor":40,"key":"SMITH"},{"data":"Defend_R","floor":45,"key":"SMITH"},{"data":"Defend_R","floor":49,"key":"SMITH"}],"neow_cost":"NO_GOLD","seed_source_timestamp":51186206272200,"circlet_count":0,"master_deck":["Strike_R","Strike_R","Defend_R","Defend_R","Defend_R+1","Defend_R+1","Bash+1","Demon Form+1","Shrug It Off+1","Battle Trance+1","Feed","Body Slam+1","Entrench+1","Shrug It Off+1","Evolve+1","Juggernaut+1","Body Slam+1"],"special_seed":0,"relics":["Burning Blood","Regal Pillow","Tiny Chest","Darkstone Periapt","Sozu","Torii","Dodecahedron","Omamori","Blue Candle","Vajra","Runic Pyramid","Orichalcum","Mercury Hourglass","CultistMask"],"potions_floor_usage":[33,33],"damage_taken":[{"damage":2.0,"enemies":"Small Slimes","floor":1.0,"turns":4.0},{"damage":1.0,"enemies":"2 Louse","floor":2.0,"turns":3.0},{"damage":6.0,"enemies":"Cultist","floor":4.0,"turns":3.0},{"damage":22.0,"enemies":"Red Slaver","floor":5.0,"turns":5.0},{"damage":23.0,"enemies":"3 Sentries","floor":7.0,"turns":6.0},{"damage":4.0,"enemies":"2 Fungi Beasts","floor":11.0,"turns":5.0},{"damage":18.0,"enemies":"Lagavulin","floor":14.0,"turns":6.0},{"damage":26.0,"enemies":"Slime Boss","floor":16.0,"turns":6.0},{"damage":8.0,"enemies":"3 Byrds","floor":18.0,"turns":6.0},{"damage":5.0,"enemies":"Shell Parasite","floor":19.0,"turns":4.0},{"damage":21.0,"enemies":"Snake Plant","floor":20.0,"turns":4.0},{"damage":13.0,"enemies":"Shelled Parasite and Fungi","floor":21.0,"turns":5.0},{"damage":10.0,"enemies":"Snecko","floor":22.0,"turns":4.0},{"damage":12.0,"enemies":"Chosen and Byrds","floor":24.0,"turns":6.0},{"damage":15.0,"enemies":"Gremlin Leader","floor":28.0,"turns":10.0},{"damage":24.0,"enemies":"Cultist and Chosen","floor":30.0,"turns":7.0},{"damage":16,"enemies":"Slavers","floor":31,"turns":8},{"damage":53,"enemies":"Automaton","floor":33,"turns":10},{"damage":0,"enemies":"Orb Walker","floor":35,"turns":3},{"damage":11,"enemies":"3 Darklings","floor":36,"turns":5},{"damage":7,"enemies":"Spire Growth","floor":39,"turns":5},{"damage":2,"enemies":"Jaw Worm Horde","floor":41,"turns":5},{"damage":1,"enemies":"3 Darklings","floor":46,"turns":3},{"damage":0,"enemies":"4 Shapes","floor":48,"turns":4},{"damage":30,"enemies":"Time Eater","floor":50,"turns":8}],"seed_played":"4974798130215814682","potions_obtained":[{"floor":1.0,"key":"BloodPotion"},{"floor":4.0,"key":"Weak Potion"},{"floor":7.0,"key":"EssenceOfSteel"}],"is_trial":false,"path_per_floor":["M","M","?","M","M","R","E","R","T","?","M","R","?","E","R","B",null,"M","M","M","M","M","R","M","$","T","R","E","T","M","E","R","B",null,"M","M","$","T","M","R","M","?","T","?","R","M","?","M","R","B",null],"character_chosen":"IRONCLAD","items_purchased":["Torii"],"campfire_rested":0,"item_purchase_floors":[25],"current_hp_per_floor":[80,80,80,80,64,64,47,47,47,52,54,54,54,42,42,22,85,83,87,72,68,67,67,61,61,61,61,52,52,37,30,30,8,100,103,98,98,98,100,100,107,104,104,104,104,104,104,107,107,86],"gold":195,"neow_bonus":"THREE_RARE_CARDS","is_prod":false,"is_daily":false,"chose_seed":false,"campfire_upgraded":10,"win_rate":0,"timestamp":1563477790,"path_taken":["M","M","?","M","M","R","E","R","T","?","M","R","?","E","R","BOSS","M","M","M","M","M","R","M","$","T","R","E","?","M","E","R","BOSS","M","M","$","?","M","R","M","?","T","?","R","M","?","M","R","BOSS"],"build_version":"2019-07-10","purchased_purges":2,"victory":true,"max_hp_per_floor":[80,80,80,80,80,80,80,80,80,85,85,85,85,85,85,85,85,85,88,88,91,94,94,94,94,94,94,94,94,97,100,100,100,100,103,103,103,103,106,106,109,104,104,104,104,104,104,107,107,110],"card_choices":[{"not_picked":["Brutality","Feed"],"picked":"Demon Form","floor":0.0},{"not_picked":["Ghostly Armor","Anger","Clothesline"],"picked":"SKIP","floor":1.0},{"not_picked":["Perfected Strike","Dark Embrace","Clash"],"picked":"SKIP","floor":2.0},{"not_picked":["Headbutt","Clothesline"],"picked":"Shrug It Off","floor":4.0},{"not_picked":["Burning Pact","Wild Strike","Flame Barrier"],"picked":"SKIP","floor":5.0},{"not_picked":["Ghostly Armor","Combust"],"picked":"Battle Trance","floor":7.0},{"not_picked":["Thunderclap","Flex","Shockwave"],"picked":"SKIP","floor":11.0},{"not_picked":["Headbutt","Reckless Charge","Wild Strike"],"picked":"SKIP","floor":14.0},{"not_picked":["Exhume","Impervious"],"picked":"Feed","floor":16.0},{"not_picked":["Warcry+1","Heavy Blade"],"picked":"Body Slam+1","floor":18.0},{"not_picked":["Feel No Pain","Inflame"],"picked":"Entrench","floor":19.0},{"not_picked":["True Grit","Clothesline","Sword Boomerang+1"],"picked":"SKIP","floor":20.0},{"not_picked":["Second Wind","Cleave","Infernal Blade"],"picked":"SKIP","floor":21.0},{"not_picked":["Searing Blow","Sword Boomerang"],"picked":"Shrug It Off","floor":22.0},{"not_picked":["Armaments","Whirlwind","Wild Strike"],"picked":"SKIP","floor":24.0},{"not_picked":["Rupture+1","Immolate","Cleave"],"picked":"SKIP","floor":28.0},{"not_picked":["Cleave+1","Clothesline","Iron Wave"],"picked":"SKIP","floor":30.0},{"not_picked":["Thunderclap","Perfected Strike"],"picked":"Evolve","floor":31},{"not_picked":["Feed","Reaper"],"picked":"Juggernaut","floor":33},{"not_picked":["Burning Pact","True Grit+1"],"picked":"Body Slam+1","floor":35},{"not_picked":["Clash","Searing Blow+1","Seeing Red+1"],"picked":"SKIP","floor":36},{"not_picked":["Corruption","Reckless Charge+1","Battle Trance"],"picked":"SKIP","floor":39},{"not_picked":["Havoc","Headbutt","Twin Strike"],"picked":"SKIP","floor":41},{"not_picked":["Cleave+1","Sword Boomerang+1","Shrug It Off"],"picked":"SKIP","floor":46},{"not_picked":["Blood for Blood+1","Infernal Blade+1","Dropkick"],"picked":"SKIP","floor":48}],"player_experience":175910,"relics_obtained":[{"floor":7.0,"key":"Regal Pillow"},{"floor":9.0,"key":"Tiny Chest"},{"floor":14.0,"key":"Darkstone Periapt"},{"floor":26.0,"key":"Dodecahedron"},{"floor":28.0,"key":"Omamori"},{"floor":29.0,"key":"Blue Candle"},{"floor":31,"key":"Vajra"},{"floor":38,"key":"Orichalcum"},{"floor":43,"key":"Mercury Hourglass"}],"event_choices":[{"damage_healed":0.0,"max_hp_gain":0.0,"max_hp_loss":0.0,"gold_gain":0.0,"event_name":"The Cleric","player_choice":"Leave","floor":3.0,"gold_loss":0.0,"damage_taken":0.0},{"damage_healed":0.0,"max_hp_gain":5.0,"max_hp_loss":0.0,"gold_gain":0.0,"event_name":"Big Fish","player_choice":"Donut","floor":10.0,"gold_loss":0.0,"damage_taken":0.0},{"cards_removed":["Strike_R"],"damage_healed":0.0,"max_hp_gain":0.0,"max_hp_loss":0.0,"gold_gain":0.0,"event_name":"Bonfire Elementals","player_choice":"Offered Basic","floor":13.0,"gold_loss":0.0,"damage_taken":0.0},{"damage_healed":0,"gold_gain":0,"player_choice":"Max HP","damage_taken":0,"max_hp_gain":0,"max_hp_loss":5,"event_name":"Winding Halls","floor":42,"gold_loss":0},{"damage_healed":0,"gold_gain":0,"player_choice":"Ignored","damage_taken":0,"max_hp_gain":0,"max_hp_loss":0,"event_name":"Tomb of Lord Red Mask","floor":44,"gold_loss":0},{"damage_healed":0,"gold_gain":0,"player_choice":"Trade","damage_taken":0,"relics_obtained":["CultistMask"],"max_hp_gain":0,"max_hp_loss":0,"event_name":"FaceTrader","floor":47,"gold_loss":0}],"is_beta":true,"boss_relics":[{"not_picked":["Lizard Tail","Fusion Hammer"],"picked":"Sozu"},{"not_picked":["Astrolabe","Black Blood"],"picked":"Runic Pyramid"}],"items_purged_floors":[25,37],"is_endless":false,"potions_floor_spawned":[1,4,7,11,19,21,24,30,31,35,36,39],"ascension_level":0}