{"gold_per_floor":[114,43,53,68,83,83,115,127,164,176,188,215,245,276,288,395,407,433,116,131,155,155,188,188,188,188,188,70,70,97,110,110,214,214,224,240,254,254,270,300,300,312,312,325,325],"floor_reached":45,"playtime":4402,"items_purged":["Strike_B"],"score":536,"play_id":"ad8f1397-3574-4798-a292-d5ff23015408","local_time":"20190727120515","is_ascension_mode":true,"campfire_choices":[{"data":"Doom and Gloom","floor":6,"key":"SMITH"},{"data":"Genetic Algorithm","floor":8,"key":"SMITH"},{"data":"Melter","floor":11,"key":"SMITH"},{"floor":15,"key":"REST"},{"floor":25,"key":"REST"},{"floor":27,"key":"REST"},{"floor":32,"key":"REST"},{"floor":41,"key":"REST"}],"neow_cost":"NONE","seed_source_timestamp":518794891711684,"circlet_count":0,"master_deck":["Strike_B","Defend_B","Defend_B","Zap","Dualcast","Rebound","Doom and Gloom+1","Melter+1","Genetic Algorithm+1","Go for the Eyes","Cold Snap","Conserve Battery","Buffer","Conserve Battery+1","Apotheosis","Streamline","Compile Driver+1","Sunder","BootSequence","Scrape","Rainbow","Skim+1","Compile Driver+1","Parasite"],"relics":["Cracked Core","MawBank","Art of War","Snecko Eye","Ancient Tea Set","Bag of Marbles","Bottled Lightning","Strawberry","Empty Cage","Molten Egg 2"],"potions_floor_usage":[7,14,16,16,20,20,23,33,33,33,39,40,44],"damage_taken":[{"damage":2,"enemies":"Jaw Worm","floor":1,"turns":3},{"damage":1,"enemies":"Cultist","floor":3,"turns":3},{"damage":0,"enemies":"2 Louse","floor":4,"turns":1},{"damage":6,"enemies":"Looter","floor":5,"turns":3},{"damage":32,"enemies":"Gremlin Nob","floor":7,"turns":4},{"damage":0,"enemies":"3 Louse","floor":12,"turns":1},{"damage":38,"enemies":"Exordium Thugs","floor":13,"turns":4},{"damage":0,"enemies":"Large Slime","floor":14,"turns":3},{"damage":2,"enemies":"Slime Boss","floor":16,"turns":11},{"damage":0,"enemies":"Chosen","floor":18,"turns":6},{"damage":0,"enemies":"Shell Parasite","floor":20,"turns":5},{"damage":69,"enemies":"Slavers","floor":23,"turns":7},{"damage":20,"enemies":"Gremlin Leader","floor":30,"turns":6},{"damage":8,"enemies":"Snecko","floor":31,"turns":3},{"damage":12,"enemies":"Collector","floor":33,"turns":7},{"damage":38,"enemies":"3 Darklings","floor":35,"turns":4},{"damage":0,"enemies":"Orb Walker","floor":36,"turns":2},{"damage":10,"enemies":"4 Shapes","floor":37,"turns":5},{"damage":45,"enemies":"Transient","floor":39,"turns":5},{"damage":9,"enemies":"Nemesis","floor":40,"turns":5},{"damage":4,"enemies":"Sphere and 2 Shapes","floor":42,"turns":3},{"damage":22,"enemies":"3 Darklings","floor":44,"turns":4},{"damage":25,"enemies":"Writhing Mass","floor":45,"turns":3}],"seed_played":"1588128439470262178","potions_obtained":[{"floor":3,"key":"AttackPotion"},{"floor":4,"key":"Explosive Potion"},{"floor":5,"key":"LiquidBronze"},{"floor":13,"key":"Fire Potion"},{"floor":16,"key":"Ancient Potion"},{"floor":18,"key":"AttackPotion"},{"floor":23,"key":"FocusPotion"},{"floor":31,"key":"Poison Potion"},{"floor":36,"key":"Energy Potion"},{"floor":39,"key":"SkillPotion"},{"floor":42,"key":"SteroidPotion"}],"is_trial":false,"path_per_floor":["M","$","M","M","M","R","E","R","T","?","R","M","M","M","R","B",null,"M","$","M","T","?","E","?","R","T","R","$","?","E","M","R","B",null,"M","M","M","?","M","E","R","M","T","M","M"],"character_chosen":"DEFECT","items_purchased":["Doom and Gloom","Apotheosis","GamblersBrew","Sunder","Strength Potion"],"campfire_rested":5,"item_purchase_floors":[2,19,19,28,28],"current_hp_per_floor":[80,80,79,79,73,73,41,41,41,41,41,41,3,3,27,25,82,82,82,82,82,82,13,13,37,37,61,61,61,48,40,66,54,89,51,51,41,78,33,24,47,43,43,21,0],"gold":325,"neow_bonus":"TEN_PERCENT_HP_BONUS","is_prod":false,"is_daily":false,"chose_seed":false,"campfire_upgraded":3,"win_rate":0,"timestamp":1564247115,"path_taken":["M","$","M","M","M","R","E","R","T","?","R","M","M","M","R","BOSS","M","$","?","?","?","E","?","R","T","R","$","?","E","M","R","BOSS","M","M","M","?","M","E","R","M","T","M","M"],"build_version":"2019-07-17","purchased_purges":1,"victory":false,"max_hp_per_floor":[82,82,82,82,82,82,82,82,82,82,82,82,82,82,82,82,82,82,82,82,82,82,82,82,82,82,82,82,82,89,89,89,89,89,89,89,89,78,78,78,78,78,78,78,78],"card_choices":[{"not_picked":["Blizzard","Coolheaded"],"picked":"Rebound","floor":1},{"not_picked":["Reprogram","Force Field"],"picked":"Melter","floor":3},{"not_picked":["Capacitor","Turbo"],"picked":"Genetic Algorithm","floor":4},{"not_picked":["Rebound","Steam","Coolheaded"],"picked":"SKIP","floor":5},{"not_picked":["Sweeping Beam","Static Discharge"],"picked":"Go for the Eyes","floor":7},{"not_picked":["Barrage","Meteor Strike"],"picked":"Cold Snap","floor":12},{"not_picked":["Skim","Doom and Gloom"],"picked":"Conserve Battery","floor":13},{"not_picked":["Hologram","Barrage","Stack"],"picked":"SKIP","floor":14},{"not_picked":["Meteor Strike","Biased Cognition"],"picked":"Buffer","floor":16},{"not_picked":["Ball Lightning+1","Rebound"],"picked":"Conserve Battery+1","floor":18},{"not_picked":["Redo","Static Discharge","Sweeping Beam"],"picked":"SKIP","floor":20},{"not_picked":["Ball Lightning","Tempest+1"],"picked":"Compile Driver+1","floor":23},{"not_picked":["Static Discharge","Defragment","Turbo"],"picked":"SKIP","floor":30},{"not_picked":["Sweeping Beam","Beam Cell","Cold Snap"],"picked":"SKIP","floor":31},{"not_picked":["Electrodynamics","Multi-Cast"],"picked":"Rainbow","floor":33},{"not_picked":["Turbo","Steam Power","Auto Shields+1"],"picked":"SKIP","floor":35},{"not_picked":["Compile Driver+1","Scrape+1"],"picked":"Skim+1","floor":36},{"not_picked":["Barrage","Heatsinks","Recycle"],"picked":"SKIP","floor":37},{"not_picked":["Compile Driver","Tempest","Coolheaded+1"],"picked":"SKIP","floor":39},{"not_picked":["Coolheaded+1","Double Energy","Genetic Algorithm+1"],"picked":"SKIP","floor":40},{"not_picked":["Leap","Skim","Rip and Tear+1"],"picked":"SKIP","floor":42},{"not_picked":["Ball Lightning+1","Steam+1"],"picked":"Compile Driver+1","floor":44}],"player_experience":273905,"relics_obtained":[{"floor":7,"key":"MawBank"},{"floor":9,"key":"Art of War"},{"floor":21,"key":"Ancient Tea Set"},{"floor":23,"key":"Bag of Marbles"},{"floor":26,"key":"Bottled Lightning"},{"floor":30,"key":"Strawberry"},{"floor":40,"key":"Molten Egg 2"}],"event_choices":[{"damage_healed":0,"gold_gain":0,"player_choice":"0 cards matched","damage_taken":0,"max_hp_gain":0,"max_hp_loss":0,"event_name":"Match and Keep!","floor":10,"gold_loss":0,"cards_obtained":[]},{"damage_healed":0,"gold_gain":0,"player_choice":"Read","damage_taken":0,"max_hp_gain":0,"max_hp_loss":0,"event_name":"The Library","floor":22,"gold_loss":0,"cards_obtained":["Streamline"]},{"damage_healed":0,"gold_gain":0,"player_choice":"Ignored","damage_taken":0,"max_hp_gain":0,"max_hp_loss":0,"event_name":"Cursed Tome","floor":24,"gold_loss":0},{"damage_healed":0,"gold_gain":0,"cards_transformed":["Strike_B","Defend_B"],"player_choice":"Became Test Subject","damage_taken":0,"max_hp_gain":0,"max_hp_loss":0,"event_name":"Drug Dealer","floor":29,"gold_loss":0,"cards_obtained":["BootSequence","Scrape"]},{"damage_healed":78,"gold_gain":0,"player_choice":"Heal","damage_taken":0,"max_hp_gain":0,"max_hp_loss":11,"event_name":"The Moai Head","floor":38,"gold_loss":0}],"is_beta":false,"boss_relics":[{"not_picked":["Orrery","Calling Bell"],"picked":"Snecko Eye"},{"not_picked":["Velvet Choker","Runic Pyramid"],"picked":"Empty Cage"}],"items_purged_floors":[19],"is_endless":false,"potions_floor_spawned":[3,4,5,13,16,18,23,31,36,39,42],"killed_by":"Writhing Mass","ascension_level":2}