{"path_per_floor":["M","M","M","M","$","E","$","E","T","M","?","R","E","M","R","B",null,"M","?","$","?","M","R","E","M","T","R","E","T","?","M","R","B",null,"M","$","M","?","$","E","$","M","T","R","M","R","?","M","R","B"],"character_chosen":"IRONCLAD","items_purchased":["Flame Barrier","Gremlin Horn","Shovel","Armaments","Kunai","Vajra","Oddly Smooth Stone"],"gold_per_floor":[113,128,141,159,159,184,147,176,176,191,191,191,231,246,246,371,371,392,392,151,151,166,166,197,217,241,241,277,277,327,343,343,474,474,492,139,163,496,91,120,1,15,40,40,53,53,53,66,66,66],"floor_reached":51,"campfire_rested":3,"playtime":1667,"item_purchase_floors":[],"current_hp_per_floor":[73,77,78,73,73,38,38,38,38,44,44,44,44,60,60,34,93,84,84,84,78,64,93,93,87,87,93,73,80,80,78,103,50,103,90,90,97,97,97,85,85,82,82,82,90,90,77,92,92,64],"items_purged":[],"gold":66,"score":810,"play_id":"932ba4db-bbf5-4519-ab04-e4e78fedee5a","local_time":"20180616211641","is_prod":false,"is_daily":false,"chose_seed":false,"is_ascension_mode":false,"campfire_upgraded":2,"win_rate":0,"timestamp":1529173001,"campfire_choices":[{"data":"Inflame","floor":12.0,"key":"SMITH"},{"data":"Evolve","floor":15.0,"key":"SMITH"},{"floor":23.0,"key":"REST"},{"floor":27.0,"key":"REST"},{"floor":32.0,"key":"REST"},{"floor":44,"key":"DIG"},{"floor":46,"key":"DIG"},{"floor":49,"key":"DIG"}],"path_taken":["M","M","M","M","$","E","$","E","T","M","?","R","E","M","R","BOSS","M","?","$","?","M","R","E","M","T","R","E","?","?","M","R","BOSS","M","$","M","?","$","E","?","M","T","R","M","R","?","M","R","BOSS"],"build_version":"2018-06-14v2","seed_source_timestamp":99300656563289,"purchased_purges":0,"victory":true,"master_deck":["Strike_R","Strike_R","Strike_R","Strike_R","Strike_R","Defend_R","Defend_R","Defend_R","Defend_R","Bash","Feed+1","Perfected Strike","Rampage","Evolve+1","Inflame+1","Reaper+1","Flame Barrier","Flame Barrier","Whirlwind","Double Tap","Limit Break+1","RitualDagger","Thunderclap","Disarm+1","Twin Strike+1","Perfected Strike","Offering","Perfected Strike+1","Armaments","Shrug It Off","Rage","Injury","Madness","Madness","Fire Breathing+1"],"max_hp_per_floor":[75,78,78,81,81,81,81,94,94,94,87,87,87,90,90,93,93,93,93,93,93,93,93,93,93,93,93,93,100,100,103,103,103,103,103,103,103,103,103,103,103,103,103,103,103,103,103,103,103,103],"special_seed":0,"relics":["Burning Blood","Regal Pillow","Pear","Mercury Hourglass","Meat on the Bone","Fusion Hammer","Gremlin Horn","Art of War","Juzu Bracelet","Centennial Puzzle","Strawberry","Cursed Key","Shovel","Kunai","Vajra","The Courier","Oddly Smooth Stone","Blood Vial","Whetstone","Omamori","Orichalcum"],"card_choices":[{"not_picked":["Exhume","Offering"],"picked":"Feed","floor":0.0},{"not_picked":["Warcry","Iron Wave"],"picked":"Perfected Strike","floor":1.0},{"not_picked":["Cleave","Clash"],"picked":"Rampage","floor":2.0},{"not_picked":["Twin Strike","Body Slam"],"picked":"Evolve","floor":3.0},{"not_picked":["Shockwave","Spot Weakness"],"picked":"Inflame","floor":4.0},{"not_picked":["Burning Pact","Clash"],"picked":"Reaper","floor":6.0},{"not_picked":["Ghostly Armor","Cleave"],"picked":"Flame Barrier","floor":8.0},{"not_picked":["Clash","Combust"],"picked":"Whirlwind","floor":10.0},{"not_picked":["Sword Boomerang","Corruption"],"picked":"Double Tap","floor":13.0},{"not_picked":["Clash","Havoc","Warcry"],"picked":"SKIP","floor":14.0},{"not_picked":["Feed","Immolate"],"picked":"Limit Break","floor":16.0},{"not_picked":["True Grit","Iron Wave","Second Wind"],"picked":"SKIP","floor":18.0},{"not_picked":["Cleave+1","Metallicize"],"picked":"Thunderclap","floor":22.0},{"not_picked":["Metallicize","Uppercut"],"picked":"Disarm+1","floor":24.0},{"not_picked":["Fire Breathing","Reckless Charge"],"picked":"Twin Strike+1","floor":25.0},{"not_picked":["Entrench","Clothesline","Havoc"],"picked":"SKIP","floor":28.0},{"not_picked":["Combust+1","Carnage"],"picked":"Perfected Strike","floor":31.0},{"not_picked":["Impervious","Feed"],"picked":"Offering","floor":33.0},{"not_picked":["Clash","Reckless Charge"],"picked":"Perfected Strike+1","floor":35.0},{"not_picked":["Second Wind+1","Evolve"],"picked":"Shrug It Off","floor":37.0},{"not_picked":["Dual Wield+1","Thunderclap","Flex+1"],"picked":"SKIP","floor":40},{"not_picked":["Headbutt","Flex"],"picked":"Rage","floor":42},{"not_picked":["Intimidate+1","Twin Strike+1","Pummel+1"],"picked":"SKIP","floor":45},{"not_picked":["Headbutt","Power Through"],"picked":"Fire Breathing+1","floor":48}],"player_experience":138134,"potions_floor_usage":[45,50],"damage_taken":[{"damage":8.0,"enemies":"Jaw Worm","floor":1.0,"turns":3.0},{"damage":5.0,"enemies":"Small Slimes","floor":2.0,"turns":4.0},{"damage":1.0,"enemies":"Cultist","floor":3.0,"turns":4.0},{"damage":14.0,"enemies":"Blue Slaver","floor":4.0,"turns":3.0},{"damage":41.0,"enemies":"Gremlin Nob","floor":6.0,"turns":5.0},{"damage":19.0,"enemies":"Lagavulin","floor":8.0,"turns":5.0},{"damage":12.0,"enemies":"Gremlin Gang","floor":10.0,"turns":3.0},{"damage":20.0,"enemies":"3 Sentries","floor":13.0,"turns":5.0},{"damage":5.0,"enemies":"3 Louse","floor":14.0,"turns":2.0},{"damage":61.0,"enemies":"Hexaghost","floor":16.0,"turns":11.0},{"damage":15.0,"enemies":"Spheric Guardian","floor":18.0,"turns":4.0},{"damage":28.0,"enemies":"2 Thieves","floor":22.0,"turns":3.0},{"damage":24.0,"enemies":"Gremlin Leader","floor":24.0,"turns":5.0},{"damage":12.0,"enemies":"Snecko","floor":25.0,"turns":4.0},{"damage":26.0,"enemies":"Slavers","floor":28.0,"turns":3.0},{"damage":19.0,"enemies":"Cultist and Chosen","floor":31.0,"turns":5.0},{"damage":81.0,"enemies":"Champ","floor":33.0,"turns":9.0},{"damage":19.0,"enemies":"3 Darklings","floor":35.0,"turns":3.0},{"damage":3.0,"enemies":"Orb Walker","floor":37.0,"turns":2.0},{"damage":18,"enemies":"2 Orb Walkers","floor":40,"turns":3},{"damage":9,"enemies":"Sphere and 2 Shapes","floor":42,"turns":4},{"damage":0,"enemies":"3 Darklings","floor":45,"turns":3},{"damage":17,"enemies":"4 Shapes","floor":48,"turns":3},{"damage":48,"enemies":"Awakened One","floor":50,"turns":12}],"relics_obtained":[{"floor":6.0,"key":"Regal Pillow"},{"floor":8.0,"key":"Pear"},{"floor":9.0,"key":"Mercury Hourglass"},{"floor":13.0,"key":"Meat on the Bone"},{"floor":24.0,"key":"Art of War"},{"floor":26.0,"key":"Juzu Bracelet"},{"floor":28.0,"key":"Centennial Puzzle"},{"floor":29.0,"key":"Strawberry"},{"floor":40,"key":"The Courier"},{"floor":43,"key":"Blood Vial"},{"floor":44,"key":"Whetstone"},{"floor":46,"key":"Omamori"},{"floor":49,"key":"Orichalcum"}],"event_choices":[{"event_name":"Golden Idol","player_choice":"Lose Max HP","floor":11.0,"damage_taken":0.0},{"event_name":"Accursed Blacksmith","player_choice":"Forge","floor":19.0,"damage_taken":0.0},{"event_name":"Nest","player_choice":"Joined the Cult","floor":21.0,"damage_taken":0.0},{"event_name":"The Joust","player_choice":"Bet on Murderer","floor":30.0,"damage_taken":0.0},{"event_name":"The Moai Head","player_choice":"Gave Idol","floor":38.0,"damage_taken":0.0},{"event_name":"Winding Halls","player_choice":"Embrace Madness","floor":47,"damage_taken":0}],"boss_relics":[{"not_picked":["Snecko Eye","Runic Cube"],"picked":"Fusion Hammer"},{"not_picked":["Pandora\u0027s Box","Orrery"],"picked":"Cursed Key"}],"items_purged_floors":[],"is_endless":false,"potions_floor_spawned":[2,4,8,10,13,14,22,24,25,28,31,40,42,48],"seed_played":"-2889006764084817038","ascension_level":0,"potions_obtained":[{"floor":2.0,"key":"AttackPotion"},{"floor":4.0,"key":"FearPotion"},{"floor":8.0,"key":"PowerPotion"},{"floor":10.0,"key":"SpeedPotion"},{"floor":13.0,"key":"Energy Potion"},{"floor":14.0,"key":"SkillPotion"},{"floor":22.0,"key":"Energy Potion"},{"floor":24.0,"key":"SkillPotion"},{"floor":25.0,"key":"Weak Potion"},{"floor":28.0,"key":"Swift Potion"},{"floor":31.0,"key":"EssenceOfSteel"},{"floor":40,"key":"Swift Potion"},{"floor":42,"key":"Fire Potion"},{"floor":48,"key":"Weak Potion"}],"is_trial":false}