{"gold_per_floor":[118,43,43,60,72,72,46,46,46,66,81,81,81,100,100,224,287,302,326,326,349,368,368,408,408,431,431,454,475,475,50,50,171,171,190,27,360,377,377,377,388,388,388,403,53,73,73,89,89,89],"floor_reached":51,"playtime":1319,"items_purged":["Pain","Strike_R","Strike_R","Defend_R"],"score":811,"play_id":"e7983e4e-c1b3-4c56-ae52-1747713d9d1c","local_time":"20190728133518","is_ascension_mode":false,"campfire_choices":[{"data":"Flex","floor":6.0,"key":"SMITH"},{"data":"Flex","floor":13.0,"key":"SMITH"},{"data":"Flex","floor":15.0,"key":"SMITH"},{"data":"Bash","floor":23.0,"key":"SMITH"},{"data":"Heavy Blade","floor":25.0,"key":"SMITH"},{"data":"Double Tap","floor":30.0,"key":"SMITH"},{"data":"Whirlwind","floor":32.0,"key":"SMITH"},{"data":"Inflame","floor":40.0,"key":"SMITH"},{"data":"Heavy Blade","floor":42.0,"key":"SMITH"},{"data":"Flex","floor":49.0,"key":"SMITH"}],"neow_cost":"CURSE","seed_source_timestamp":2296439984314,"circlet_count":0,"master_deck":["Strike_R","Strike_R","Strike_R","Defend_R+1","Defend_R+1","Defend_R","Bash+1","Metallicize","Flex+1","Flex+1","Sword Boomerang+1","Sword Boomerang","Flex+1","Reaper","Heavy Blade+1","Clash+1","Twin Strike","Double Tap+1","Disarm","Heavy Blade+1","Headbutt","Whirlwind+1","Flex+1","Offering","Inflame+1","Flex+1","Magnetism","Flame Barrier+1","Disarm+1","Battle Trance","Heavy Blade+1"],"special_seed":0,"relics":["Burning Blood","Kunai","Centennial Puzzle","Tiny House","Enchiridion","Anchor","Ancient Tea Set","Chemical X","Philosopher\u0027s Stone","Mango","Red Skull","Pantograph"],"potions_floor_usage":[50,50],"damage_taken":[{"damage":10.0,"enemies":"2 Louse","floor":1.0,"turns":3.0},{"damage":3.0,"enemies":"Jaw Worm","floor":4.0,"turns":5.0},{"damage":0.0,"enemies":"Cultist","floor":5.0,"turns":4.0},{"damage":1.0,"enemies":"Blue Slaver","floor":10.0,"turns":2.0},{"damage":6.0,"enemies":"Exordium Thugs","floor":11.0,"turns":5.0},{"damage":3.0,"enemies":"Exordium Wildlife","floor":14.0,"turns":3.0},{"damage":0.0,"enemies":"Slime Boss","floor":16.0,"turns":4.0},{"damage":25.0,"enemies":"3 Byrds","floor":18.0,"turns":5.0},{"damage":0.0,"enemies":"Chosen","floor":19.0,"turns":4.0},{"damage":12.0,"enemies":"Centurion and Healer","floor":21.0,"turns":7.0},{"damage":15.0,"enemies":"Cultist and Chosen","floor":22.0,"turns":5.0},{"damage":0.0,"enemies":"Gremlin Leader","floor":24.0,"turns":4.0},{"damage":10.0,"enemies":"Sentry and Sphere","floor":28.0,"turns":3.0},{"damage":2.0,"enemies":"Snake Plant","floor":29.0,"turns":4.0},{"damage":58.0,"enemies":"Champ","floor":33.0,"turns":11.0},{"damage":9.0,"enemies":"3 Shapes","floor":35.0,"turns":2.0},{"damage":6.0,"enemies":"3 Darklings","floor":38.0,"turns":2.0},{"damage":6.0,"enemies":"Jaw Worm Horde","floor":41.0,"turns":2.0},{"damage":28.0,"enemies":"Spire Growth","floor":44.0,"turns":4.0},{"damage":0.0,"enemies":"3 Darklings","floor":46.0,"turns":1.0},{"damage":24.0,"enemies":"Maw","floor":48.0,"turns":6.0},{"damage":90,"enemies":"Time Eater","floor":50,"turns":9}],"seed_played":"-6361872603059894039","potions_obtained":[{"floor":1.0,"key":"Strength Potion"},{"floor":4.0,"key":"Explosive Potion"},{"floor":5.0,"key":"FearPotion"},{"floor":11.0,"key":"Strength Potion"},{"floor":16.0,"key":"SteroidPotion"},{"floor":17.0,"key":"SneckoOil"},{"floor":21.0,"key":"Ancient Potion"},{"floor":22.0,"key":"Weak Potion"},{"floor":27.0,"key":"Ancient Potion"},{"floor":27.0,"key":"Strength Potion"},{"floor":33.0,"key":"Regen Potion"},{"floor":38.0,"key":"Fire Potion"}],"is_trial":false,"path_per_floor":["M","$","?","M","M","R","$","?","T","M","M","T","R","M","R","B",null,"M","M","?","M","M","R","E","R","T","?","M","M","R","$","R","B",null,"M","$","?","M","?","R","M","R","T","M","$","M","T","M","R","B",null],"character_chosen":"IRONCLAD","items_purchased":["Sword Boomerang","Whirlwind","Chemical X","Flex","Inflame","Red Skull","Swift Potion"],"campfire_rested":0,"item_purchase_floors":[7,31,31,31,36,45,45],"current_hp_per_floor":[92,92,73,76,82,82,82,82,82,87,87,87,87,89,89,89,94,81,87,71,88,87,87,93,93,93,93,90,94,94,94,94,42,94,91,91,91,94,84,84,94,94,108,86,86,92,92,92,92,72],"gold":89,"neow_bonus":"TWENTY_PERCENT_HP_BONUS","is_prod":false,"is_daily":false,"chose_seed":false,"campfire_upgraded":10,"win_rate":0,"timestamp":1564342518,"path_taken":["M","$","?","M","M","R","$","?","T","M","M","?","R","M","R","BOSS","M","M","?","M","M","R","E","R","T","?","M","M","R","$","R","BOSS","M","$","?","M","?","R","M","R","T","M","$","M","?","?","R","BOSS"],"build_version":"2019-07-17","purchased_purges":4,"victory":true,"max_hp_per_floor":[96,96,96,96,96,96,96,89,89,89,89,89,89,89,89,89,94,94,94,94,94,94,94,94,94,94,94,94,94,94,94,94,94,94,94,94,94,94,94,94,94,94,108,108,108,108,108,108,108,108],"card_choices":[{"not_picked":["Havoc","Iron Wave"],"picked":"Metallicize","floor":1.0},{"not_picked":["Pommel Strike","Heavy Blade"],"picked":"Flex","floor":4.0},{"not_picked":["Searing Blow","Armaments"],"picked":"Flex","floor":5.0},{"not_picked":["Headbutt","Anger"],"picked":"Sword Boomerang","floor":10.0},{"not_picked":["Twin Strike","Cleave"],"picked":"Flex","floor":11.0},{"not_picked":["Fire Breathing","Searing Blow","Warcry"],"picked":"SKIP","floor":14.0},{"not_picked":["Bludgeon","Berserk"],"picked":"Reaper","floor":16.0},{"not_picked":["Rampage","Sever Soul"],"picked":"Heavy Blade","floor":17.0},{"not_picked":["Intimidate","Feel No Pain"],"picked":"Clash+1","floor":18.0},{"not_picked":["True Grit","Clothesline","Dropkick"],"picked":"SKIP","floor":19.0},{"not_picked":["Sword Boomerang","Perfected Strike"],"picked":"Twin Strike","floor":21.0},{"not_picked":["Power Through+1","Dual Wield"],"picked":"Double Tap","floor":22.0},{"not_picked":["Thunderclap","Shrug It Off"],"picked":"Disarm","floor":24.0},{"not_picked":["Hemokinesis+1","Spot Weakness"],"picked":"Heavy Blade","floor":28.0},{"not_picked":["Wild Strike","Pommel Strike"],"picked":"Headbutt","floor":29.0},{"not_picked":["Bludgeon","Fiend Fire"],"picked":"Offering","floor":33.0},{"not_picked":["Flame Barrier+1","Twin Strike","Combust"],"picked":"SKIP","floor":35.0},{"not_picked":["Clothesline","Fire Breathing"],"picked":"Flex+1","floor":38.0},{"not_picked":["Bandage Up","Forethought"],"picked":"Magnetism","floor":39.0},{"not_picked":["Cleave","Thunderclap"],"picked":"Flame Barrier+1","floor":41.0},{"not_picked":["Twin Strike","Sword Boomerang"],"picked":"Disarm+1","floor":44.0},{"not_picked":["Flex","Dual Wield"],"picked":"Battle Trance","floor":46.0},{"not_picked":["Warcry+1","Havoc+1"],"picked":"Heavy Blade+1","floor":48.0}],"player_experience":1567519,"relics_obtained":[{"floor":9.0,"key":"Kunai"},{"floor":12.0,"key":"Centennial Puzzle"},{"floor":20.0,"key":"Enchiridion"},{"floor":24.0,"key":"Anchor"},{"floor":26.0,"key":"Ancient Tea Set"},{"floor":43.0,"key":"Mango"},{"floor":47.0,"key":"Pantograph"}],"event_choices":[{"damage_healed":0.0,"max_hp_gain":0.0,"max_hp_loss":0.0,"gold_gain":0.0,"event_name":"Shining Light","player_choice":"Entered Light","floor":3.0,"gold_loss":0.0,"damage_taken":19.0,"cards_upgraded":["Defend_R","Defend_R"]},{"damage_healed":0.0,"max_hp_gain":0.0,"max_hp_loss":7.0,"gold_gain":0.0,"event_name":"Golden Idol","player_choice":"Lose Max HP","floor":8.0,"gold_loss":0.0,"damage_taken":0.0,"relics_obtained":["Golden Idol"]},{"damage_healed":0.0,"max_hp_gain":0.0,"max_hp_loss":0.0,"gold_gain":0.0,"event_name":"Cursed Tome","player_choice":"Obtained Book","floor":20.0,"gold_loss":0.0,"damage_taken":16.0},{"damage_healed":0.0,"max_hp_gain":0.0,"max_hp_loss":0.0,"gold_gain":0.0,"event_name":"Lab","player_choice":"Got Potions","floor":27.0,"gold_loss":0.0,"damage_taken":0.0},{"damage_healed":0.0,"max_hp_gain":0.0,"max_hp_loss":0.0,"gold_gain":333.0,"event_name":"The Moai Head","player_choice":"Gave Idol","floor":37.0,"relics_lost":["Golden Idol"],"gold_loss":0.0,"damage_taken":0.0},{"damage_healed":0.0,"max_hp_gain":0.0,"max_hp_loss":0.0,"gold_gain":0.0,"event_name":"SensoryStone","player_choice":"Memory 3","floor":39.0,"gold_loss":0.0,"damage_taken":10.0}],"is_beta":false,"boss_relics":[{"not_picked":["Calling Bell","Runic Pyramid"],"picked":"Tiny House"},{"not_picked":["Eternal Feather","Orrery"],"picked":"Philosopher\u0027s Stone"}],"items_purged_floors":[2,31,36,45],"is_endless":false,"potions_floor_spawned":[1,4,5,11,16,21,22,33,38,41],"ascension_level":0}