{"gold_per_floor":[217,233,249,182,196,196,371,244,271,271,283,283,314,332,332,431,431,442,442,457,476,492,492,507,507,558,558,568,89,119,138,138,242,242,260,14,0,0,11,11,11,40,40,40,67,86,101,112,112,112],"floor_reached":51,"playtime":2271,"items_purged":["Doubt"],"score":831,"play_id":"0c8c8763-c1fb-40b0-bf7c-a8eb4d67c2a6","local_time":"20180721085845","is_ascension_mode":false,"campfire_choices":[{"data":"Defragment","floor":6.0,"key":"SMITH"},{"data":"Seek","floor":12.0,"key":"SMITH"},{"data":"Static Discharge","floor":15.0,"key":"SMITH"},{"data":"Static Discharge","floor":23,"key":"SMITH"},{"data":"Reboot","floor":25,"key":"SMITH"},{"data":"Zap","floor":27,"key":"SMITH"},{"data":"Apotheosis","floor":32,"key":"SMITH"},{"data":"Loop","floor":40,"key":"SMITH"},{"floor":44,"key":"REST"},{"floor":49,"key":"REST"}],"neow_cost":"NONE","seed_source_timestamp":349944406843680,"circlet_count":0,"master_deck":["Strike_B+1","Strike_B+1","Defend_B","Defend_B","Defend_B","Defend_B","Zap+1","Dualcast","Static Discharge+1","Leap","Defragment+1","FTL","Ball Lightning","Seek+1","Stack","Conserve Battery","Steam","Reboot+1","Stack","Auto Shields+1","Conserve Battery","Static Discharge+1","Steam+1","Conserve Battery","Loop+1","Apotheosis+1","Skim","Machine Learning","Stack+1","Capacitor","Machine Learning","Stack","Ball Lightning","Reboot","Flash of Steel","Conserve Battery+1","Skim+1"],"special_seed":0,"relics":["FrozenCore","Oddly Smooth Stone","Strawberry","Whetstone","DataDisk","Dodecahedron","Orrery","Bottled Lightning","Red Mask","Orichalcum","Bottled Flame","Peace Pipe"],"potions_floor_usage":[16,16,16,35,50],"damage_taken":[{"damage":9.0,"enemies":"2 Louse","floor":1.0,"turns":3.0},{"damage":1.0,"enemies":"Jaw Worm","floor":2.0,"turns":3.0},{"damage":7.0,"enemies":"Small Slimes","floor":3.0,"turns":4.0},{"damage":13.0,"enemies":"3 Louse","floor":5.0,"turns":4.0},{"damage":8.0,"enemies":"Gremlin Gang","floor":11.0,"turns":4.0},{"damage":14.0,"enemies":"Gremlin Nob","floor":13.0,"turns":4.0},{"damage":0.0,"enemies":"2 Fungi Beasts","floor":14.0,"turns":4.0},{"damage":13,"enemies":"The Guardian","floor":16,"turns":10},{"damage":1,"enemies":"Chosen","floor":18,"turns":5},{"damage":3,"enemies":"Spheric Guardian","floor":20,"turns":6},{"damage":2,"enemies":"Snecko","floor":21,"turns":6},{"damage":14,"enemies":"Cultist and Chosen","floor":22,"turns":7},{"damage":7,"enemies":"3 Cultists","floor":24,"turns":6},{"damage":6,"enemies":"Centurion and Healer","floor":28,"turns":9},{"damage":3,"enemies":"Slavers","floor":30,"turns":7},{"damage":7,"enemies":"Chosen and Byrds","floor":31,"turns":6},{"damage":23,"enemies":"Collector","floor":33,"turns":11},{"damage":69,"enemies":"Flame Bruiser 1 Orb","floor":35,"turns":5},{"damage":4,"enemies":"Orb Walker","floor":39,"turns":5},{"damage":43,"enemies":"2 Orb Walkers","floor":42,"turns":6},{"damage":0,"enemies":"Nemesis","floor":45,"turns":10},{"damage":6,"enemies":"Sphere and 2 Shapes","floor":46,"turns":6},{"damage":9,"enemies":"Flame Bruiser 2 Orb","floor":47,"turns":6},{"damage":1,"enemies":"Spire Growth","floor":48,"turns":8},{"damage":18,"enemies":"Time Eater","floor":50,"turns":17}],"seed_played":"-546753377228316526","potions_obtained":[{"floor":1.0,"key":"Strength Potion"},{"floor":3.0,"key":"AttackPotion"},{"floor":13.0,"key":"SkillPotion"},{"floor":16,"key":"PowerPotion"},{"floor":18,"key":"FearPotion"},{"floor":24,"key":"SkillPotion"},{"floor":39,"key":"Swift Potion"}],"is_trial":false,"path_per_floor":["M","M","M","$","M","R","?","$","T","?","M","R","E","M","R","B",null,"M","?","M","M","M","R","M","R","T","R","M","$","E","M","R","B",null,"M","$","?","?","M","R","?","E","T","R","E","M","M","M","R","B"],"character_chosen":"DEFECT","items_purchased":["Defragment","Ball Lightning","DataDisk","Loop","Apotheosis","Skim","Bottled Lightning"],"campfire_rested":2,"item_purchase_floors":[4,8,29,29,29,29,36],"current_hp_per_floor":[66,65,58,58,45,45,45,45,45,45,37,37,30,30,30,17,82,81,81,78,76,62,62,55,55,55,55,49,49,46,39,39,16,82,13,13,13,72,68,68,68,25,25,46,46,40,31,30,51,33],"gold":112,"neow_bonus":"HUNDRED_GOLD","is_prod":false,"is_daily":false,"chose_seed":false,"campfire_upgraded":8,"win_rate":0,"timestamp":1532152725,"path_taken":["M","M","M","$","M","R","?","$","T","?","M","R","E","M","R","BOSS","M","?","M","M","M","R","M","R","T","R","M","$","E","M","R","BOSS","M","$","?","?","M","R","?","E","T","R","E","?","M","M","R","BOSS"],"build_version":"2018-07-19v2","purchased_purges":1,"victory":true,"max_hp_per_floor":[75,75,75,75,75,75,75,75,75,75,75,75,82,82,82,82,82,82,82,82,82,82,82,82,82,82,82,82,82,82,82,82,82,82,82,82,82,72,72,72,72,72,72,72,72,72,72,72,72,72],"card_choices":[{"not_picked":["White Noise","Scrape","Rebound"],"picked":"SKIP","floor":1.0},{"not_picked":["Leap","Beam Cell"],"picked":"Static Discharge","floor":2.0},{"not_picked":["Chill","Gash"],"picked":"Leap","floor":3.0},{"not_picked":["Steam Power","Darkness"],"picked":"FTL","floor":5.0},{"not_picked":["Chill","Ball Lightning"],"picked":"Stack","floor":11.0},{"not_picked":["Barrage","Heatsinks"],"picked":"Conserve Battery","floor":13.0},{"not_picked":["Sweeping Beam","Undo"],"picked":"Steam","floor":14.0},{"not_picked":["Hyperbeam","Creative AI"],"picked":"Reboot","floor":16},{"not_picked":["Go for the Eyes","Compile Driver"],"picked":"Stack","floor":18},{"not_picked":["Blizzard","Hologram"],"picked":"Auto Shields+1","floor":20},{"not_picked":["Redo+1","Heatsinks+1"],"picked":"Conserve Battery","floor":21},{"not_picked":["Coolheaded","Glacier"],"picked":"Static Discharge","floor":22},{"not_picked":["Turbo","Coolheaded"],"picked":"Steam+1","floor":24},{"not_picked":["Turbo","Barrage"],"picked":"Conserve Battery","floor":28},{"not_picked":["Storm","Coolheaded","Barrage"],"picked":"SKIP","floor":30},{"not_picked":["Streamline","Aggregate","Coolheaded"],"picked":"SKIP","floor":31},{"not_picked":["Thunder Strike","Core Surge"],"picked":"Machine Learning","floor":33},{"not_picked":["Redo","Hologram"],"picked":"Stack+1","floor":34},{"not_picked":["Hologram","Sunder"],"picked":"Capacitor","floor":34},{"not_picked":["FTL","Melter+1"],"picked":"Machine Learning","floor":34},{"not_picked":["Streamline","Glacier"],"picked":"Stack","floor":34},{"not_picked":["Turbo","Steam"],"picked":"Ball Lightning","floor":34},{"not_picked":["Steam+1","Hologram+1","Gash+1"],"picked":"SKIP","floor":35},{"not_picked":["Turbo","Gash+1"],"picked":"Reboot","floor":39},{"not_picked":["Mind Blast","Dramatic Entrance"],"picked":"Flash of Steel","floor":41},{"not_picked":["Reprogram+1","Go for the Eyes+1","Coolheaded+1"],"picked":"SKIP","floor":42},{"not_picked":["Lockon","White Noise+1"],"picked":"Conserve Battery+1","floor":45},{"not_picked":["Go for the Eyes+1","Sweeping Beam"],"picked":"Skim+1","floor":46},{"not_picked":["Gash","Steam Power","Compile Driver"],"picked":"SKIP","floor":47},{"not_picked":["Coolheaded+1","Ball Lightning","Glacier+1"],"picked":"SKIP","floor":48}],"player_experience":211267,"relics_obtained":[{"floor":9.0,"key":"Oddly Smooth Stone"},{"floor":13.0,"key":"Strawberry"},{"floor":26,"key":"Whetstone"},{"floor":30,"key":"Dodecahedron"},{"floor":42,"key":"Orichalcum"},{"floor":43,"key":"Bottled Flame"},{"floor":45,"key":"Peace Pipe"}],"event_choices":[{"event_name":"Liars Game","player_choice":"agreed","floor":7.0,"damage_taken":0.0},{"event_name":"Transmorgrifier","player_choice":"Transform","floor":10.0,"damage_taken":0.0},{"event_name":"Bonfire Elementals","player_choice":"BASIC","floor":19,"damage_taken":0},{"event_name":"Tomb of Lord Red Mask","player_choice":"Paid","floor":37,"damage_taken":0},{"event_name":"The Moai Head","player_choice":"Heal","floor":38,"damage_taken":0},{"event_name":"SensoryStone","player_choice":"Memory 1","floor":41,"damage_taken":0}],"is_beta":false,"boss_relics":[{"not_picked":["Nuclear Battery","Sozu"],"picked":"FrozenCore"},{"not_picked":["Runic Dome","Empty Cage"],"picked":"Orrery"}],"items_purged_floors":[8],"is_endless":false,"potions_floor_spawned":[1,3,13,16,18,24,28,31,33,39,45],"ascension_level":0}