{"gold_per_floor":[110,110,39,39,39,71,71,91,91,109,129,146,97,109,109,208,208,219,219,230,230,29,62,62,62],"floor_reached":25,"playtime":817,"items_purged":[],"score":246,"play_id":"33e7ebce-2c05-42f5-ad59-2a388e300b4a","local_time":"20180715063457","is_ascension_mode":false,"campfire_choices":[{"data":"Barricade","floor":7.0,"key":"SMITH"},{"data":"Shrug It Off","floor":15.0,"key":"SMITH"}],"neow_cost":"NONE","seed_source_timestamp":197928736833631,"circlet_count":0,"master_deck":["Strike_R","Strike_R","Strike_R","Strike_R","Defend_R","Defend_R","Defend_R","Defend_R","Bash","Inflame+1","Barricade+1","Seeing Red","Shrug It Off","Shrug It Off+1","Body Slam","Body Slam+1","Decay","Apotheosis","Evolve"],"special_seed":0,"relics":["Burning Blood","NeowsBlessing","Art of War","Matryoshka","Fusion Hammer","Lantern"],"potions_floor_usage":[23,23,23],"damage_taken":[{"damage":0.0,"enemies":"Small Slimes","floor":1.0,"turns":1.0},{"damage":0.0,"enemies":"Lagavulin","floor":6.0,"turns":1.0},{"damage":0.0,"enemies":"Cultist","floor":8.0,"turns":2.0},{"damage":5.0,"enemies":"Jaw Worm","floor":10.0,"turns":5.0},{"damage":18.0,"enemies":"Exordium Wildlife","floor":11.0,"turns":8.0},{"damage":10.0,"enemies":"3 Louse","floor":12.0,"turns":4.0},{"damage":0.0,"enemies":"Large Slime","floor":14.0,"turns":14.0},{"damage":26.0,"enemies":"Slime Boss","floor":16.0,"turns":29.0},{"damage":0.0,"enemies":"Chosen","floor":18.0,"turns":8.0},{"damage":7.0,"enemies":"Shell Parasite","floor":20.0,"turns":6.0},{"damage":40,"enemies":"Slavers","floor":23,"turns":7},{"damage":47,"enemies":"Snake Plant","floor":25,"turns":5}],"seed_played":"-754794854552245952","potions_obtained":[{"floor":8.0,"key":"Strength Potion"},{"floor":14.0,"key":"AttackPotion"},{"floor":16.0,"key":"Dexterity Potion"}],"is_trial":false,"path_per_floor":["M","?","$","?","?","E","R","M","T","M","M","M","$","M","R","B",null,"M","?","M","?","$","E","$"],"character_chosen":"IRONCLAD","items_purchased":["Inflame","Shrug It Off","Apotheosis"],"campfire_rested":0,"item_purchase_floors":[3,13,22],"current_hp_per_floor":[80,80,80,80,80,80,80,80,80,80,68,64,64,70,70,50,80,80,80,79,79,79,45,45,0],"gold":62,"neow_bonus":"THREE_ENEMY_KILL","is_prod":false,"is_daily":false,"chose_seed":false,"campfire_upgraded":2,"win_rate":0,"timestamp":1531625697,"path_taken":["M","?","$","?","?","E","R","?","T","M","M","M","$","M","R","BOSS","M","?","M","?","$","E","$","M"],"build_version":"2018-07-12","purchased_purges":0,"victory":false,"max_hp_per_floor":[80,80,80,80,80,80,80,80,80,80,80,80,80,80,80,80,80,80,80,80,80,80,80,80,80],"card_choices":[{"not_picked":["Clash","Havoc","Sword Boomerang"],"picked":"SKIP","floor":1.0},{"not_picked":["Sword Boomerang","Sentinel"],"picked":"Barricade","floor":6.0},{"not_picked":["Anger","Clash","Infernal Blade"],"picked":"SKIP","floor":8.0},{"not_picked":["Sever Soul","Infernal Blade","Second Wind"],"picked":"SKIP","floor":10.0},{"not_picked":["Power Through","Pommel Strike","Wild Strike"],"picked":"SKIP","floor":11.0},{"not_picked":["Sword Boomerang","True Grit"],"picked":"Seeing Red","floor":12.0},{"not_picked":["Offering","Flex"],"picked":"Shrug It Off","floor":14.0},{"not_picked":["Dual Wield","Wild Strike+1","Anger"],"picked":"SKIP","floor":18.0},{"not_picked":["Whirlwind","Hemokinesis"],"picked":"Body Slam+1","floor":20.0},{"not_picked":["Sever Soul+1","Hemokinesis"],"picked":"Evolve","floor":23}],"player_experience":204231,"relics_obtained":[{"floor":6.0,"key":"Art of War"},{"floor":9.0,"key":"Matryoshka"},{"floor":23,"key":"Lantern"}],"event_choices":[{"event_name":"The Woman in Blue","player_choice":"Bought 0 Potions","floor":2.0,"damage_taken":0.0},{"event_name":"Living Wall","player_choice":"Grow","floor":4.0,"damage_taken":0.0},{"event_name":"Bonfire Elementals","player_choice":"BASIC","floor":5.0,"damage_taken":0.0},{"event_name":"The Library","player_choice":"Read","floor":19.0,"damage_taken":0.0},{"event_name":"Forgotten Altar","player_choice":"Smashed Altar","floor":21.0,"damage_taken":0.0}],"boss_relics":[{"not_picked":["Tiny House","White Beast Statue"],"picked":"Fusion Hammer"}],"items_purged_floors":[],"is_endless":false,"potions_floor_spawned":[8,14,16],"killed_by":"Snake Plant","ascension_level":0}