{"gold_per_floor":[113,130,80,92,102,131,131,24,24,54,54,66,99,99,99,201,201,220,230,249,268,280,306,306,306,355,375,375,390,390,12,12,114,114,125,140,155,155,55,55,73,73,122,122,122,122,50,50,50,50,50,50,16,16],"floor_reached":54,"playtime":3146,"items_purged":["Defend_G","Writhe"],"score":677,"play_id":"a43734f8-2c32-4054-a37b-0289c84c1964","local_time":"20190710100126","is_ascension_mode":false,"campfire_choices":[{"data":"Survivor","floor":7.0,"key":"SMITH"},{"data":"Leg Sweep","floor":11.0,"key":"SMITH"},{"data":"A Thousand Cuts","floor":15.0,"key":"SMITH"},{"floor":24.0,"key":"REST"},{"floor":28.0,"key":"REST"},{"floor":32.0,"key":"REST"},{"floor":40.0,"key":"RECALL"},{"data":"After Image","floor":42.0,"key":"SMITH"},{"data":"Blur","floor":44.0,"key":"SMITH"},{"floor":49,"key":"REST"},{"floor":52,"key":"REST"}],"neow_cost":"NONE","seed_source_timestamp":51568637183524,"circlet_count":0,"master_deck":["Strike_G+1","Strike_G+1","Strike_G+1","Defend_G+1","Defend_G+1","Defend_G+1","Defend_G+1","Survivor+1","Neutralize+1","Deadly Poison+1","Dagger Spray+1","Slice+1","Escape Plan+1","Poisoned Stab+1","Noxious Fumes+1","Leg Sweep+1","Blade Dance+1","A Thousand Cuts+1","After Image+1","Catalyst+1","Deflect+1","Blur+1","Bullet Time+1","Cloak And Dagger+1","Dodge and Roll+1","Blur+1","Accuracy+1","Deflect+1","Cloak And Dagger","Infinite Blades"],"special_seed":0,"relics":["Ring of the Snake","Shuriken","Singing Bowl","Ornamental Fan","Mercury Hourglass","WristBlade","Dream Catcher","Oddly Smooth Stone","Bronze Scales","White Beast Statue","Omamori","Bottled Lightning","Mark of the Bloom"],"potions_floor_usage":[54],"damage_taken":[{"damage":5.0,"enemies":"Small Slimes","floor":1.0,"turns":6.0},{"damage":0.0,"enemies":"2 Louse","floor":2.0,"turns":2.0},{"damage":0.0,"enemies":"Cultist","floor":4.0,"turns":3.0},{"damage":0.0,"enemies":"Blue Slaver","floor":5.0,"turns":4.0},{"damage":23.0,"enemies":"Lagavulin","floor":6.0,"turns":7.0},{"damage":12.0,"enemies":"3 Sentries","floor":10.0,"turns":7.0},{"damage":0.0,"enemies":"Exordium Wildlife","floor":12.0,"turns":5.0},{"damage":11.0,"enemies":"Gremlin Nob","floor":13.0,"turns":4.0},{"damage":16.0,"enemies":"Hexaghost","floor":16.0,"turns":9.0},{"damage":0.0,"enemies":"3 Byrds","floor":18.0,"turns":3.0},{"damage":4.0,"enemies":"2 Thieves","floor":19.0,"turns":4.0},{"damage":6.0,"enemies":"Snecko","floor":20.0,"turns":5.0},{"damage":7.0,"enemies":"Snake Plant","floor":21.0,"turns":5.0},{"damage":13.0,"enemies":"Sentry and Sphere","floor":22.0,"turns":5.0},{"damage":36.0,"enemies":"Gremlin Leader","floor":23.0,"turns":6.0},{"damage":3.0,"enemies":"Centurion and Healer","floor":27.0,"turns":5.0},{"damage":8.0,"enemies":"Chosen and Byrds","floor":29.0,"turns":7.0},{"damage":7.0,"enemies":"Colosseum Slavers","floor":30.0,"turns":4.0},{"damage":30.0,"enemies":"Collector","floor":33.0,"turns":7.0},{"damage":3.0,"enemies":"3 Shapes","floor":35.0,"turns":3.0},{"damage":16.0,"enemies":"Orb Walker","floor":36.0,"turns":5.0},{"damage":2.0,"enemies":"3 Darklings","floor":37.0,"turns":5.0},{"damage":23.0,"enemies":"Maw","floor":41.0,"turns":8.0},{"damage":55,"enemies":"Awakened One","floor":50,"turns":15},{"damage":18,"enemies":"Shield and Spear","floor":54,"turns":2}],"seed_played":"-7066693185987673719","potions_obtained":[{"floor":4.0,"key":"LiquidBronze"},{"floor":10.0,"key":"Strength Potion"},{"floor":13.0,"key":"Regen Potion"},{"floor":16.0,"key":"Fire Potion"},{"floor":18.0,"key":"SpeedPotion"},{"floor":19.0,"key":"SpeedPotion"},{"floor":21.0,"key":"SkillPotion"},{"floor":35.0,"key":"FairyPotion"},{"floor":36.0,"key":"Poison Potion"},{"floor":37.0,"key":"Fire Potion"},{"floor":41.0,"key":"Dexterity Potion"}],"is_trial":false,"path_per_floor":["M","M","?","M","M","E","R","$","T","E","R","M","E","?","R","B",null,"M","M","M","M","M","E","R","?","T","M","R","M","?","$","R","B",null,"M","M","M","?","$","R","M","R","T","R","?","T","$","?","R","B",null,"R","$","E"],"character_chosen":"THE_SILENT","items_purchased":["Noxious Fumes","Leg Sweep","Oddly Smooth Stone","Bronze Scales","Accuracy","Infinite Blades"],"campfire_rested":5,"item_purchase_floors":[8,8,31,31,47,53],"current_hp_per_floor":[65,65,65,65,65,42,42,42,42,30,30,32,21,21,21,20,72,72,68,64,59,46,10,34,19,19,18,45,39,32,32,60,32,93,90,74,72,93,93,93,72,72,72,72,72,72,72,72,72,17,17,17,17,0],"gold":16,"neow_bonus":"UPGRADE_CARD","is_prod":false,"is_daily":false,"chose_seed":false,"campfire_upgraded":5,"win_rate":0,"timestamp":1562745686,"path_taken":["M","M","?","M","M","E","R","$","T","E","R","M","E","?","R","BOSS","M","M","M","?","M","E","R","?","T","M","R","M","?","?","R","BOSS","M","M","M","?","$","R","M","R","T","R","?","?","$","?","R","BOSS","R","$","E"],"build_version":"2019-07-05","purchased_purges":2,"victory":false,"max_hp_per_floor":[70,70,70,70,70,70,70,70,70,70,70,72,72,72,72,72,72,72,72,74,76,76,76,78,83,83,85,87,89,89,89,91,93,93,93,93,93,93,93,93,95,95,95,95,95,95,95,95,95,95,95,95,95,95],"card_choices":[{"not_picked":["Outmaneuver","Skewer"],"picked":"Deadly Poison","floor":1.0},{"not_picked":["Cloak And Dagger","Phantasmal Killer"],"picked":"Dagger Spray","floor":2.0},{"not_picked":["Heel Hook","Dodge and Roll"],"picked":"Slice","floor":4.0},{"not_picked":["Dagger Throw","Quick Slash"],"picked":"Escape Plan","floor":5.0},{"not_picked":["Sucker Punch","Deadly Poison"],"picked":"Poisoned Stab","floor":6.0},{"not_picked":["Setup","Backflip"],"picked":"Blade Dance","floor":10.0},{"not_picked":["PiercingWail","Predator","Blade Dance"],"picked":"Singing Bowl","floor":12.0},{"not_picked":["Outmaneuver","Dagger Throw"],"picked":"A Thousand Cuts","floor":13.0},{"not_picked":["Bullet Time","Tools of the Trade"],"picked":"After Image","floor":16.0},{"not_picked":["Deadly Poison","Blade Dance"],"picked":"Catalyst","floor":18.0},{"not_picked":["Underhanded Strike","Bane"],"picked":"Deflect","floor":19.0},{"not_picked":["Poisoned Stab+1","Acrobatics","Outmaneuver"],"picked":"Singing Bowl","floor":20.0},{"not_picked":["Riddle With Holes","Underhanded Strike","Outmaneuver"],"picked":"Singing Bowl","floor":21.0},{"not_picked":["Backflip","Terror"],"picked":"Blur","floor":22.0},{"not_picked":["Poisoned Stab","Dagger Throw"],"picked":"Bullet Time","floor":23.0},{"not_picked":["Blade Dance+1","Bane","Sucker Punch"],"picked":"Singing Bowl","floor":24.0},{"not_picked":["Noxious Fumes","Poisoned Stab+1","Deadly Poison"],"picked":"Singing Bowl","floor":27.0},{"not_picked":["Quick Slash","Outmaneuver","Dagger Spray"],"picked":"Singing Bowl","floor":28.0},{"not_picked":["Flying Knee","Bane","Deadly Poison"],"picked":"Singing Bowl","floor":29.0},{"not_picked":["Endless Agony+1","Acrobatics+1","Bane"],"picked":"Singing Bowl","floor":32.0},{"not_picked":["Die Die Die","Glass Knife","Doppelganger"],"picked":"Singing Bowl","floor":33.0},{"not_picked":["Bane+1","Outmaneuver+1"],"picked":"Cloak And Dagger","floor":35.0},{"not_picked":["Dagger Spray+1","Outmaneuver+1"],"picked":"Dodge and Roll+1","floor":36.0},{"not_picked":["Blade Dance+1","Escape Plan+1"],"picked":"Blur+1","floor":37.0},{"not_picked":["Noxious Fumes+1","Setup","Dagger Spray"],"picked":"Singing Bowl","floor":41.0},{"not_picked":["Crippling Poison","Bane+1"],"picked":"Deflect+1","floor":49},{"not_picked":["Bane+1","Prepared"],"picked":"Cloak And Dagger","floor":52}],"player_experience":338132,"relics_obtained":[{"floor":6.0,"key":"Shuriken"},{"floor":9.0,"key":"Singing Bowl"},{"floor":10.0,"key":"Ornamental Fan"},{"floor":13.0,"key":"Mercury Hourglass"},{"floor":23.0,"key":"Dream Catcher"},{"floor":43.0,"key":"Omamori"},{"floor":46.0,"key":"Bottled Lightning"}],"event_choices":[{"cards_removed":["Strike_G"],"damage_healed":0.0,"max_hp_gain":0.0,"max_hp_loss":0.0,"gold_gain":0.0,"event_name":"The Cleric","player_choice":"Card Removal","floor":3.0,"gold_loss":50.0,"damage_taken":0.0},{"damage_healed":0.0,"max_hp_gain":0.0,"max_hp_loss":0.0,"gold_gain":0.0,"event_name":"The Woman in Blue","player_choice":"Bought 0 Potions","floor":14.0,"gold_loss":0.0,"damage_taken":0.0},{"damage_healed":0.0,"max_hp_gain":5.0,"max_hp_loss":0.0,"gold_gain":0.0,"event_name":"Forgotten Altar","player_choice":"Shed Blood","floor":25.0,"gold_loss":0.0,"damage_taken":20.0},{"damage_healed":0.0,"max_hp_gain":0.0,"max_hp_loss":0.0,"gold_gain":0.0,"event_name":"Colosseum","player_choice":"Fight","floor":30.0,"gold_loss":0.0,"damage_taken":0.0},{"damage_healed":0.0,"max_hp_gain":0.0,"max_hp_loss":0.0,"gold_gain":0.0,"event_name":"Colosseum","player_choice":"Fled From Nobs","floor":30.0,"gold_loss":0.0,"damage_taken":0.0},{"damage_healed":23.0,"max_hp_gain":0.0,"max_hp_loss":0.0,"gold_gain":0.0,"event_name":"Winding Halls","player_choice":"Writhe","floor":38.0,"gold_loss":0.0,"damage_taken":0.0,"cards_obtained":["Writhe"]},{"cards_removed":["Strike_G"],"damage_healed":0.0,"max_hp_gain":0.0,"max_hp_loss":0.0,"gold_gain":0.0,"event_name":"Falling","player_choice":"Removed Attack","floor":45.0,"gold_loss":0.0,"damage_taken":0.0},{"damage_healed":0.0,"max_hp_gain":0.0,"max_hp_loss":0.0,"gold_gain":0.0,"event_name":"MindBloom","player_choice":"Upgrade","floor":48.0,"gold_loss":0.0,"damage_taken":0.0,"cards_upgraded":["Strike_G","Strike_G","Strike_G","Defend_G","Defend_G","Defend_G","Defend_G","Deadly Poison","Dagger Spray","Slice","Escape Plan","Poisoned Stab","Noxious Fumes","Blade Dance","Catalyst","Deflect","Bullet Time","Cloak And Dagger","Accuracy"],"relics_obtained":["Mark of the Bloom"]}],"is_beta":false,"boss_relics":[{"not_picked":["Eternal Feather","Philosopher\u0027s Stone"],"picked":"WristBlade"},{"not_picked":["Orrery","Black Star"],"picked":"White Beast Statue"}],"items_purged_floors":[31,39],"is_endless":false,"potions_floor_spawned":[4,10,13,16,18,19,21,30,35,36,37,41],"killed_by":"Shield and Spear","ascension_level":0}