{"gold_per_floor":[115,115,129,129,149,175,175,188,188,213,233,247,263,276,276,375,375,393,407,101,101,129,129,147,147,147,175,195,195,208,228,228,327,327,342,342,146,161,171,171,190,190,190,201,216,229,115,133,133,133],"floor_reached":51,"playtime":1634,"items_purged":["Defend_R"],"score":739,"play_id":"dee5bbc9-4909-411f-a8c7-d29603ddd883","local_time":"20180731003938","is_ascension_mode":false,"campfire_choices":[{"data":"Rampage","floor":7.0,"key":"SMITH"},{"floor":15.0,"key":"REST"},{"data":"Offering","floor":23.0,"key":"SMITH"},{"data":"Inflame","floor":25.0,"key":"SMITH"},{"data":"Bash","floor":29.0,"key":"SMITH"},{"floor":32.0,"key":"REST"},{"floor":40.0,"key":"REST"},{"floor":42.0,"key":"REST"},{"floor":49.0,"key":"REST"}],"neow_cost":"NONE","seed_source_timestamp":127470886352659,"circlet_count":0,"master_deck":["Strike_R","Strike_R","Strike_R","Strike_R","Defend_R","Defend_R","Defend_R","Bash+1","Rampage+1","Inflame+1","Rage+1","Offering+1","Offering","Limit Break","Rampage"],"special_seed":0,"relics":["Burning Blood","Regal Pillow","Bottled Flame","Mango","Busted Crown","Bag of Preparation","Red Skull","Red Mask","The Courier","Blood Vial","Fusion Hammer","Pear","Ginger"],"potions_floor_usage":[50,50,50],"damage_taken":[{"damage":10.0,"enemies":"Small Slimes","floor":1.0,"turns":3.0},{"damage":6.0,"enemies":"Cultist","floor":3.0,"turns":3.0},{"damage":6.0,"enemies":"2 Louse","floor":5.0,"turns":2.0},{"damage":27.0,"enemies":"Gremlin Nob","floor":6.0,"turns":4.0},{"damage":0.0,"enemies":"Large Slime","floor":8.0,"turns":6.0},{"damage":28.0,"enemies":"3 Sentries","floor":10.0,"turns":10.0},{"damage":10.0,"enemies":"Looter","floor":11.0,"turns":3.0},{"damage":16.0,"enemies":"Blue Slaver","floor":12.0,"turns":4.0},{"damage":1.0,"enemies":"Exordium Wildlife","floor":13.0,"turns":3.0},{"damage":27.0,"enemies":"Exordium Thugs","floor":14.0,"turns":3.0},{"damage":35.0,"enemies":"Slime Boss","floor":16.0,"turns":8.0},{"damage":36.0,"enemies":"3 Byrds","floor":18.0,"turns":7.0},{"damage":24.0,"enemies":"2 Thieves","floor":19.0,"turns":4.0},{"damage":5.0,"floor":22.0,"turns":3.0},{"damage":5.0,"enemies":"Centurion and Healer","floor":24.0,"turns":4.0},{"damage":5.0,"enemies":"Gremlin Leader","floor":27.0,"turns":4.0},{"damage":5.0,"enemies":"Snake Plant","floor":28.0,"turns":2.0},{"damage":17.0,"enemies":"3 Cultists","floor":30.0,"turns":4.0},{"damage":19.0,"enemies":"Sentry and Sphere","floor":31.0,"turns":4.0},{"damage":48.0,"enemies":"Automaton","floor":33.0,"turns":10.0},{"damage":10.0,"enemies":"Flame Bruiser 1 Orb","floor":35.0,"turns":4.0},{"damage":30.0,"enemies":"3 Darklings","floor":38.0,"turns":7.0},{"damage":41.0,"enemies":"Maw","floor":39.0,"turns":6.0},{"damage":22.0,"enemies":"Flame Bruiser 2 Orb","floor":41.0,"turns":6.0},{"damage":10.0,"enemies":"Spire Growth","floor":44.0,"turns":4.0},{"damage":10.0,"enemies":"Transient","floor":45.0,"turns":5.0},{"damage":25.0,"enemies":"3 Darklings","floor":46.0,"turns":6.0},{"damage":10.0,"enemies":"Maw","floor":48.0,"turns":5.0},{"damage":69,"enemies":"Donu and Deca","floor":50,"turns":7}],"seed_played":"-6451306009581203495","potions_obtained":[{"floor":3.0,"key":"Swift Potion"},{"floor":5.0,"key":"Explosive Potion"},{"floor":11.0,"key":"Explosive Potion"},{"floor":18.0,"key":"PowerPotion"},{"floor":19.0,"key":"GamblersBrew"},{"floor":28.0,"key":"LiquidBronze"},{"floor":31.0,"key":"Explosive Potion"},{"floor":35.0,"key":"PowerPotion"},{"floor":38.0,"key":"GamblersBrew"}],"is_trial":false,"path_per_floor":["M","$","M","$","M","E","R","M","T","E","M","M","M","M","R","B",null,"M","M","$","?","?","R","M","R","T","E","M","R","M","M","R","B",null,"M","?","$","M","M","R","M","R","T","M","M","M","$","M","R","B"],"character_chosen":"IRONCLAD","items_purchased":["Bag of Preparation","Red Skull","Pear","Rampage"],"campfire_rested":5,"item_purchase_floors":[20,20,37,47],"current_hp_per_floor":[76,76,76,76,76,55,55,61,61,53,49,39,44,23,66,37,94,64,46,46,46,47,47,48,48,48,49,52,52,43,32,75,35,94,90,90,100,78,45,91,77,104,104,100,98,81,81,79,104,41],"gold":133,"neow_bonus":"THREE_CARDS","is_prod":false,"is_daily":false,"chose_seed":false,"campfire_upgraded":4,"win_rate":0,"timestamp":1532986778,"path_taken":["M","$","M","$","M","E","R","M","T","E","M","M","M","M","R","BOSS","M","M","$","?","?","R","M","R","T","E","?","R","M","M","R","BOSS","M","?","$","M","M","R","M","R","T","M","M","M","$","M","R","BOSS"],"build_version":"2018-07-26","purchased_purges":1,"victory":true,"max_hp_per_floor":[80,80,80,80,80,80,80,80,80,94,94,94,94,94,94,94,94,94,94,94,94,94,94,94,94,94,94,94,94,94,94,94,94,94,94,94,104,104,104,104,104,104,104,104,104,104,104,104,104,104],"card_choices":[{"not_picked":["True Grit","Iron Wave"],"picked":"Rampage","floor":0.0},{"not_picked":["True Grit","Shrug It Off","Headbutt"],"picked":"SKIP","floor":1.0},{"not_picked":["Reckless Charge","Thunderclap","Wild Strike"],"picked":"SKIP","floor":3.0},{"not_picked":["Feel No Pain","Intimidate","Iron Wave"],"picked":"SKIP","floor":5.0},{"not_picked":["Clothesline","Shockwave","Warcry"],"picked":"SKIP","floor":6.0},{"not_picked":["Pummel","Reaper","Shrug It Off"],"picked":"SKIP","floor":8.0},{"not_picked":["Havoc","Twin Strike"],"picked":"Inflame","floor":10.0},{"not_picked":["Flex","Anger","Havoc"],"picked":"SKIP","floor":11.0},{"not_picked":["Second Wind","Perfected Strike","Pommel Strike"],"picked":"SKIP","floor":12.0},{"not_picked":["Uppercut","True Grit"],"picked":"Rage","floor":13.0},{"not_picked":["Wild Strike","Dual Wield","Warcry"],"picked":"SKIP","floor":14.0},{"not_picked":["Fiend Fire","Barricade"],"picked":"Offering","floor":16.0},{"not_picked":["Cleave"],"picked":"SKIP","floor":18.0},{"not_picked":["Clothesline"],"picked":"SKIP","floor":19.0},{"not_picked":["Seeing Red+1"],"picked":"SKIP","floor":24.0},{"not_picked":["Flame Barrier+1"],"picked":"SKIP","floor":27.0},{"not_picked":["Body Slam"],"picked":"SKIP","floor":28.0},{"not_picked":["Armaments"],"picked":"SKIP","floor":30.0},{"not_picked":["Clash"],"picked":"SKIP","floor":31.0},{"not_picked":[],"picked":"Offering","floor":33.0},{"not_picked":["Twin Strike+1"],"picked":"SKIP","floor":35.0},{"not_picked":["Iron Wave"],"picked":"SKIP","floor":38.0},{"not_picked":["Heavy Blade+1"],"picked":"SKIP","floor":39.0},{"not_picked":[],"picked":"Limit Break","floor":41.0},{"not_picked":["Anger"],"picked":"SKIP","floor":44.0},{"not_picked":["Anger"],"picked":"SKIP","floor":45.0},{"not_picked":["Pummel"],"picked":"SKIP","floor":46.0},{"not_picked":["Cleave+1"],"picked":"SKIP","floor":48.0}],"player_experience":276272,"relics_obtained":[{"floor":6.0,"key":"Regal Pillow"},{"floor":9.0,"key":"Bottled Flame"},{"floor":10.0,"key":"Mango"},{"floor":22.0,"key":"Red Mask"},{"floor":26.0,"key":"The Courier"},{"floor":27.0,"key":"Blood Vial"},{"floor":43.0,"key":"Ginger"}],"event_choices":[{"event_name":"Upgrade Shrine","player_choice":"Upgraded","floor":21.0,"damage_taken":0.0},{"event_name":"Masked Bandits","player_choice":"Fought over 101 gold","floor":22.0,"damage_taken":0.0},{"event_name":"Falling","player_choice":"Removed Attack","floor":36.0,"damage_taken":0.0}],"is_beta":false,"boss_relics":[{"not_picked":["Sozu","Lizard Tail"],"picked":"Busted Crown"},{"not_picked":["Runic Dome","Orrery"],"picked":"Fusion Hammer"}],"items_purged_floors":[47],"is_endless":false,"potions_floor_spawned":[3,5,11,12,13,18,19,28,31,35,38,48],"ascension_level":0}