{"path_per_floor":["M","M","?","$","?","R","M","R","T","E","M","M","E","?","R","B",null,"M","?","M","$","M","R","$","?","T","R"],"character_chosen":"THE_SILENT","items_purchased":["Noxious Fumes","Bandage Up"],"gold_per_floor":[117,137,212,56,6,6,25,25,25,50,63,80,107,107,107,230,230,245,245,259,53,71,71,71,0,0,0,0],"floor_reached":28,"campfire_rested":2,"playtime":2248,"current_hp_per_floor":[70,66,55,55,55,55,55,55,55,43,36,34,26,26,45,26,65,53,53,47,47,24,43,43,43,43,43,0],"items_purged":["Strike_G","Strike_G"],"gold":0,"score":226,"play_id":"1cc34bc0-c6ed-4d44-8777-0149f8290572","local_time":"20180430203659","is_prod":false,"is_daily":false,"chose_seed":false,"is_ascension_mode":false,"campfire_upgraded":3,"timestamp":1525113419,"path_taken":["M","M","?","$","?","R","M","R","T","E","M","?","E","?","R","BOSS","M","?","M","$","M","R","$","?","T","R","E"],"build_version":"2018-04-27v3","seed_source_timestamp":30229499172406,"purchased_purges":2,"victory":false,"master_deck":["Defend_G","Defend_G+1","Defend_G","Defend_G","Strike_G","Strike_G","Strike_G","Survivor+1","Neutralize+1","Sucker Punch+1","Backflip","Bouncing Flask","Noxious Fumes","Tactician","Blade Dance","Footwork+1","Slice","Deflect","Night Terror","Prepared","Deadly Poison+1","Bandage Up","Blur+1"],"max_hp_per_floor":[70,70,70,70,70,70,70,70,70,70,70,70,70,65,65,65,65,65,65,65,65,65,65,65,65,65,65,65],"relics":["Ring of the Snake","Shuriken","Question Card","War Paint","Golden Idol","Sozu","Torii"],"card_choices":[{"not_picked":["Concentrate","Bane"],"picked":"Sucker Punch","floor":0},{"not_picked":["Bane","Flying Knee"],"picked":"Backflip","floor":1},{"not_picked":["Reflex","Acrobatics"],"picked":"Bouncing Flask","floor":2},{"not_picked":["Underhanded Strike","Poisoned Stab"],"picked":"Tactician","floor":7},{"not_picked":["Underhanded Strike","Cloak And Dagger"],"picked":"Blade Dance","floor":10},{"not_picked":["Terror","Poisoned Stab","Skewer"],"picked":"Footwork","floor":11},{"not_picked":["Glass Knife","Masterful Stab","Flying Knee"],"picked":"Slice","floor":12},{"not_picked":["Heel Hook","Choke","Sucker Punch"],"picked":"Deflect","floor":13},{"not_picked":["Venomology","Grand Finale","Unload"],"picked":"Night Terror","floor":16},{"not_picked":["Flying Knee","Poisoned Stab","Bane"],"picked":"Prepared","floor":18},{"not_picked":["Sucker Punch","PiercingWail","Quick Slash"],"picked":"Deadly Poison","floor":20},{"not_picked":["Quick Slash","Underhanded Strike","Flechettes"],"picked":"Blur","floor":22}],"player_experience":370667,"potions_floor_usage":[10,10,16],"damage_taken":[{"damage":0,"enemies":"Small Slimes","floor":1,"turns":4},{"damage":4,"enemies":"Jaw Worm","floor":2,"turns":7},{"damage":0,"enemies":"Cultist","floor":7,"turns":3},{"damage":27,"enemies":"3 Sentries","floor":10,"turns":6},{"damage":7,"enemies":"Large Slime","floor":11,"turns":6},{"damage":2,"enemies":"Blue Slaver","floor":12,"turns":4},{"damage":8,"enemies":"Lagavulin","floor":13,"turns":7},{"damage":19,"enemies":"The Guardian","floor":16,"turns":9},{"damage":12,"enemies":"3 Byrds","floor":18,"turns":6},{"damage":6,"enemies":"Spheric Guardian","floor":20,"turns":4},{"damage":27,"enemies":"Cultist and Chosen","floor":22,"turns":7},{"damage":55,"enemies":"Gremlin Leader","floor":28,"turns":8}],"event_choices":[{"event_name":"World of Goop","player_choice":"Gather Gold","floor":3,"damage_taken":0},{"event_name":"The Cleric","player_choice":"Card Removal","floor":5,"damage_taken":0},{"event_name":"Golden Idol","player_choice":"Lose Max HP","floor":14,"damage_taken":0},{"event_name":"Drug Dealer","player_choice":"Ignored","floor":19,"damage_taken":0},{"event_name":"Masked Bandits","player_choice":"Paid Bandits 71 gold","floor":25,"damage_taken":0}],"boss_relics":[{"not_picked":["White Beast Statue","Snecko Eye"],"picked":"Sozu"}],"potions_floor_spawned":[2,7,10,22],"seed_played":"-7123167632138181612","killed_by":"Gremlin Leader","ascension_level":0,"is_trial":false}