{"gold_per_floor":[12,23,43,43,5,36,36,62,62,62],"floor_reached":10,"playtime":1310,"items_purged":[],"score":95,"play_id":"afa9e88a-084a-4b40-92f2-610da5902230","local_time":"20190727223312","is_ascension_mode":true,"campfire_choices":[{"floor":7,"key":"REST"}],"neow_cost":"NO_GOLD","seed_source_timestamp":40316972333461,"circlet_count":0,"master_deck":["Strike_B","Strike_B","Strike_B","Strike_B","Defend_B","Defend_B","Defend_B","Defend_B","Zap","Dualcast","Echo Form","Defragment","Darkness","Hologram","Capacitor","White Noise"],"relics":["Cracked Core","Singing Bowl","Bottled Tornado","Regal Pillow","The Courier"],"potions_floor_usage":[],"damage_taken":[{"damage":9,"enemies":"Jaw Worm","floor":1,"turns":3},{"damage":6,"enemies":"Cultist","floor":2,"turns":4},{"damage":5,"enemies":"Small Slimes","floor":3,"turns":4},{"damage":36,"enemies":"Gremlin Nob","floor":6,"turns":5},{"damage":10,"enemies":"Lagavulin","floor":8,"turns":5},{"damage":38,"enemies":"Exordium Wildlife","floor":10,"turns":3}],"seed_played":"361918701787880423","potions_obtained":[{"floor":1,"key":"Energy Potion"},{"floor":2,"key":"Fire Potion"}],"is_trial":false,"path_per_floor":["M","M","M","?","$","E","R","E","T","M"],"character_chosen":"DEFECT","items_purchased":["Capacitor"],"campfire_rested":1,"item_purchase_floors":[5],"current_hp_per_floor":[66,60,55,55,55,19,41,33,33,0],"gold":62,"neow_bonus":"THREE_RARE_CARDS","is_prod":false,"is_daily":false,"chose_seed":false,"campfire_upgraded":0,"win_rate":0,"timestamp":1564284792,"path_taken":["M","M","M","?","?","E","R","E","T","M"],"build_version":"2019-07-17","purchased_purges":0,"victory":false,"max_hp_per_floor":[75,75,75,75,75,75,75,77,77,77],"card_choices":[{"not_picked":["Seek","Rainbow"],"picked":"Echo Form","floor":0},{"not_picked":["White Noise","Rebound"],"picked":"Defragment","floor":1},{"not_picked":["Steam","Stack"],"picked":"Darkness","floor":2},{"not_picked":["Barrage","Redo"],"picked":"Hologram","floor":3},{"not_picked":["Loop","Meteor Strike"],"picked":"White Noise","floor":6},{"not_picked":["Turbo","Go for the Eyes","Scrape"],"picked":"Singing Bowl","floor":8}],"player_experience":733966,"relics_obtained":[{"floor":6,"key":"Bottled Tornado"},{"floor":8,"key":"Regal Pillow"},{"floor":9,"key":"The Courier"}],"event_choices":[{"damage_healed":0,"gold_gain":0,"player_choice":"Gave Potion","damage_taken":0,"relics_obtained":["Singing Bowl"],"max_hp_gain":0,"max_hp_loss":0,"event_name":"WeMeetAgain","floor":4,"gold_loss":0}],"is_beta":false,"boss_relics":[],"items_purged_floors":[],"is_endless":false,"potions_floor_spawned":[1,2],"killed_by":"Exordium Wildlife","ascension_level":5}