{"gold_per_floor":[114,128,128,146,65,65,99,99,99,99,131,131,131,143,143,143],"floor_reached":16,"playtime":370,"items_purged":[],"score":108,"play_id":"a5ead536-b004-465c-8a71-d4cf949c1ef3","local_time":"20190124221214","is_ascension_mode":false,"campfire_choices":[{"data":"Evolve","floor":6,"key":"SMITH"},{"data":"Feed","floor":8,"key":"SMITH"},{"floor":12,"key":"REST"},{"data":"Shrug It Off","floor":15,"key":"SMITH"}],"neow_cost":"TEN_PERCENT_HP_LOSS","seed_source_timestamp":434836799544604,"circlet_count":0,"master_deck":["Strike_R+1","Strike_R","Strike_R","Strike_R","Strike_R+1","Defend_R","Defend_R","Defend_R","Defend_R","Bash","Feed+1","Shrug It Off+1","Evolve+1","Cleave","Parasite","Shrug It Off"],"relics":["Burning Blood","Blue Candle","Art of War","Juzu Bracelet","Darkstone Periapt"],"potions_floor_usage":[7,11,11],"damage_taken":[{"damage":2,"enemies":"2 Louse","floor":1,"turns":2},{"damage":7,"enemies":"Small Slimes","floor":2,"turns":4},{"damage":6,"enemies":"Cultist","floor":4,"turns":4},{"damage":39,"enemies":"Gremlin Nob","floor":7,"turns":5},{"damage":30,"enemies":"Lagavulin","floor":11,"turns":7},{"damage":16,"enemies":"Lots of Slimes","floor":14,"turns":4},{"damage":31,"enemies":"Hexaghost","floor":16,"turns":3}],"seed_played":"3867919508101052210","potions_obtained":[{"floor":1,"key":"Dexterity Potion"},{"floor":2,"key":"EssenceOfSteel"},{"floor":7,"key":"SteroidPotion"}],"is_trial":false,"path_per_floor":["M","M","?","M","$","R","E","R","T","?","E","R","?","M","R","B"],"character_chosen":"IRONCLAD","items_purchased":["Evolve"],"campfire_rested":1,"item_purchase_floors":[5],"current_hp_per_floor":[75,77,61,64,64,64,31,31,31,51,31,56,56,50,50,19],"gold":143,"neow_bonus":"THREE_RARE_CARDS","is_prod":false,"is_daily":false,"chose_seed":false,"campfire_upgraded":3,"win_rate":0,"timestamp":1548360734,"path_taken":["M","M","?","M","$","R","E","R","T","?","E","R","?","M","R","BOSS"],"build_version":"2019-01-23","purchased_purges":0,"victory":false,"max_hp_per_floor":[75,78,78,81,81,81,81,81,81,81,85,85,85,89,89,89],"card_choices":[{"not_picked":["Dark Embrace","Double Tap"],"picked":"Feed","floor":0},{"not_picked":["Ghostly Armor","Perfected Strike","Rampage"],"picked":"SKIP","floor":1},{"not_picked":["Burning Pact","Wild Strike","True Grit"],"picked":"SKIP","floor":2},{"not_picked":["Clash","Pommel Strike"],"picked":"Shrug It Off","floor":4},{"not_picked":["Warcry","Sword Boomerang"],"picked":"Cleave","floor":7},{"not_picked":["Bloodletting","Disarm","Sword Boomerang"],"picked":"SKIP","floor":11},{"not_picked":["Reckless Charge","Seeing Red"],"picked":"Shrug It Off","floor":14}],"player_experience":566015,"relics_obtained":[{"floor":7,"key":"Blue Candle"},{"floor":9,"key":"Art of War"},{"floor":11,"key":"Juzu Bracelet"}],"event_choices":[{"damage_healed":0,"gold_gain":0,"player_choice":"Entered Light","damage_taken":16,"max_hp_gain":0,"max_hp_loss":0,"event_name":"Shining Light","floor":3,"gold_loss":0,"cards_upgraded":["Strike_R","Strike_R"]},{"damage_healed":20,"gold_gain":0,"player_choice":"Healed and dodged fight","damage_taken":0,"max_hp_gain":0,"max_hp_loss":0,"event_name":"Mushrooms","floor":10,"gold_loss":0,"cards_obtained":["Parasite"]},{"damage_healed":0,"gold_gain":0,"player_choice":"Searched \u00271\u0027 times","damage_taken":0,"relics_obtained":["Darkstone Periapt"],"max_hp_gain":0,"max_hp_loss":0,"event_name":"Dead Adventurer","floor":13,"gold_loss":0}],"is_beta":false,"boss_relics":[],"items_purged_floors":[],"is_endless":false,"potions_floor_spawned":[1,2,7],"killed_by":"Hexaghost","ascension_level":0}