{"gold_per_floor":[215,234,244,259,259,534,64,64,87,50,66,66,21,53,53,158,158,177,177,177,177,22,22,77,77,77,77,101,120,20,35,35,134,134,154,165,181,193,68,79,79,106,106,157,7,25,36,54,54,54],"floor_reached":51,"playtime":1423,"items_purged":["Regret","Strike_R","Strike_R","Defend_R"],"score":747,"play_id":"3ba340fa-cd3b-4cd6-8759-3360b59e85c8","local_time":"20190107031107","is_ascension_mode":false,"campfire_choices":[{"data":"Apotheosis","floor":8,"key":"SMITH"},{"data":"Evolve","floor":12,"key":"SMITH"},{"data":"Spot Weakness","floor":15,"key":"SMITH"},{"floor":23,"key":"REST"},{"floor":25,"key":"REST"},{"floor":32,"key":"REST"},{"floor":41,"key":"REST"},{"floor":49,"key":"REST"}],"neow_cost":"NONE","seed_source_timestamp":248737979241268,"circlet_count":0,"master_deck":["Strike_R","Strike_R","Strike_R","Defend_R","Defend_R","Defend_R","Bash","Spot Weakness","Spot Weakness+1","Apotheosis+1","Blind","Evolve+1","Shrug It Off","Shrug It Off","Limit Break+1","Heavy Blade+1","Twin Strike","Sword Boomerang","Shrug It Off+1","Shockwave+1","Clothesline+1"],"relics":["Burning Blood","Juzu Bracelet","Pen Nib","Regal Pillow","Potion Belt","Fusion Hammer","Vajra","Tiny Chest","Self Forming Clay","Art of War","Busted Crown","Happy Flower","Ornamental Fan","Ancient Tea Set"],"potions_floor_usage":[36,36,40,42,50,50,50],"damage_taken":[{"damage":6,"enemies":"Cultist","floor":1,"turns":3},{"damage":0,"enemies":"Small Slimes","floor":2,"turns":3},{"damage":6,"enemies":"2 Louse","floor":3,"turns":3},{"damage":10,"enemies":"Gremlin Gang","floor":4,"turns":6},{"damage":5,"enemies":"3 Louse","floor":11,"turns":4},{"damage":20,"enemies":"Lagavulin","floor":14,"turns":6},{"damage":31,"enemies":"Hexaghost","floor":16,"turns":12},{"damage":13,"enemies":"Chosen","floor":18,"turns":5},{"damage":22,"enemies":"Book of Stabbing","floor":24,"turns":5},{"damage":2,"enemies":"Shell Parasite","floor":29,"turns":4},{"damage":15,"enemies":"Snake Plant","floor":31,"turns":4},{"damage":61,"enemies":"Champ","floor":33,"turns":12},{"damage":17,"enemies":"3 Darklings","floor":35,"turns":5},{"damage":28,"enemies":"3 Shapes","floor":36,"turns":6},{"damage":15,"enemies":"Maw","floor":37,"turns":7},{"damage":2,"enemies":"4 Shapes","floor":38,"turns":4},{"damage":19,"enemies":"Writhing Mass","floor":40,"turns":4},{"damage":43,"enemies":"Reptomancer","floor":42,"turns":5},{"damage":4,"enemies":"3 Darklings","floor":46,"turns":5},{"damage":3,"enemies":"4 Shapes","floor":47,"turns":5},{"damage":4,"enemies":"Transient","floor":48,"turns":5},{"damage":16,"enemies":"Donu and Deca","floor":50,"turns":6}],"seed_played":"3943557709277818083","potions_obtained":[{"floor":2,"key":"BloodPotion"},{"floor":4,"key":"SpeedPotion"},{"floor":16,"key":"SneckoOil"},{"floor":24,"key":"FearPotion"},{"floor":33,"key":"Explosive Potion"},{"floor":36,"key":"EssenceOfSteel"},{"floor":37,"key":"SkillPotion"},{"floor":42,"key":"Fire Potion"}],"is_trial":false,"path_per_floor":["M","M","M","M","?","?","$","R","T","$","M","R","$","E","R","B",null,"M","?","?","?","$","R","E","R","T","$","T","M","$","M","R","B",null,"M","M","M","M","$","M","R","E","T","T","$","M","M","M","R","B",null],"character_chosen":"IRONCLAD","items_purchased":["Apotheosis","Pen Nib","Blind","Evolve","Shrug It Off","Vajra"],"campfire_rested":5,"item_purchase_floors":[7,7,7,10,13,22],"current_hp_per_floor":[80,80,80,76,69,69,69,69,69,69,70,70,70,56,56,31,80,73,73,70,70,70,80,64,80,80,80,80,80,80,71,80,25,80,69,47,38,42,42,29,68,31,31,31,31,33,36,38,77,75],"gold":54,"neow_bonus":"HUNDRED_GOLD","is_prod":false,"is_daily":false,"chose_seed":false,"campfire_upgraded":3,"win_rate":0,"timestamp":1546823467,"path_taken":["M","M","M","?","?","?","$","R","T","$","M","R","$","E","R","BOSS","M","?","?","?","$","R","E","R","T","$","?","M","$","M","R","BOSS","M","M","M","M","$","M","R","E","T","?","$","M","M","M","R","BOSS"],"build_version":"2019-01-03v4","purchased_purges":4,"victory":true,"max_hp_per_floor":[80,80,80,80,80,80,80,80,80,80,80,80,80,80,80,80,80,80,80,80,80,80,80,80,80,80,80,80,80,80,80,80,80,80,80,80,80,80,80,80,80,80,80,80,80,80,80,80,80,80],"card_choices":[{"not_picked":["Iron Wave","Havoc","Heavy Blade"],"picked":"SKIP","floor":1},{"not_picked":["True Grit","Flex"],"picked":"Spot Weakness","floor":2},{"not_picked":["Entrench","Combust","Flame Barrier"],"picked":"SKIP","floor":3},{"not_picked":["Thunderclap","Havoc"],"picked":"Spot Weakness","floor":4},{"not_picked":["Clothesline","Pummel","Rage"],"picked":"SKIP","floor":11},{"not_picked":["Clash","Flex"],"picked":"Shrug It Off","floor":14},{"not_picked":["Feed","Immolate"],"picked":"Limit Break","floor":16},{"not_picked":["Carnage","Body Slam"],"picked":"Heavy Blade+1","floor":18},{"not_picked":["Armaments+1","True Grit+1"],"picked":"Twin Strike","floor":24},{"not_picked":["Sentinel","Dropkick","Shockwave"],"picked":"SKIP","floor":29},{"not_picked":["Uppercut","Intimidate","Entrench"],"picked":"SKIP","floor":31},{"not_picked":[],"picked":"Sword Boomerang","floor":35},{"not_picked":["Power Through"],"picked":"SKIP","floor":36},{"not_picked":["Body Slam+1"],"picked":"SKIP","floor":37},{"not_picked":["Disarm+1"],"picked":"SKIP","floor":38},{"not_picked":[],"picked":"Shrug It Off+1","floor":40},{"not_picked":[],"picked":"Shockwave+1","floor":42},{"not_picked":["Bloodletting+1"],"picked":"SKIP","floor":46},{"not_picked":[],"picked":"Clothesline+1","floor":47},{"not_picked":["Disarm"],"picked":"SKIP","floor":48}],"player_experience":544834,"relics_obtained":[{"floor":9,"key":"Regal Pillow"},{"floor":14,"key":"Potion Belt"},{"floor":24,"key":"Tiny Chest"},{"floor":26,"key":"Self Forming Clay"},{"floor":28,"key":"Art of War"},{"floor":42,"key":"Happy Flower"},{"floor":43,"key":"Ornamental Fan"},{"floor":44,"key":"Ancient Tea Set"}],"event_choices":[{"damage_healed":0,"gold_gain":0,"player_choice":"Success","damage_taken":7,"relics_obtained":["Juzu Bracelet"],"max_hp_gain":0,"max_hp_loss":0,"event_name":"Scrap Ooze","floor":5,"gold_loss":0},{"damage_healed":0,"gold_gain":275,"player_choice":"Desecrate","damage_taken":0,"max_hp_gain":0,"max_hp_loss":0,"event_name":"Golden Shrine","floor":6,"gold_loss":0,"cards_obtained":["Regret"]},{"damage_healed":0,"gold_gain":0,"player_choice":"Ignored","damage_taken":0,"max_hp_gain":0,"max_hp_loss":0,"event_name":"Cursed Tome","floor":19,"gold_loss":0},{"damage_healed":0,"gold_gain":0,"player_choice":"Punched","damage_taken":3,"max_hp_gain":0,"max_hp_loss":0,"event_name":"Designer","floor":20,"gold_loss":0},{"damage_healed":0,"gold_gain":0,"player_choice":"Upgraded","damage_taken":0,"max_hp_gain":0,"max_hp_loss":0,"event_name":"Upgrade Shrine","floor":21,"gold_loss":0,"cards_upgraded":["Limit Break"]}],"is_beta":false,"boss_relics":[{"not_picked":["Coffee Dripper","Empty Cage"],"picked":"Fusion Hammer"},{"not_picked":["Astrolabe","Philosopher\u0027s Stone"],"picked":"Busted Crown"}],"items_purged_floors":[7,30,39,45],"is_endless":false,"potions_floor_spawned":[2,4,16,24,33,36,37,42],"ascension_level":0}