{"path_per_floor":["M","$","M","?","?","E","M","M","T","?","M","R","$","E","R","B",null,"M","M","M"],"character_chosen":"DEFECT","items_purchased":["Capacitor"],"gold_per_floor":[110,110,128,128,128,157,170,186,213,213,229,229,100,133,133,234,234,244,257,267,267],"floor_reached":21,"campfire_rested":0,"playtime":1057,"current_hp_per_floor":[75,75,73,73,73,59,59,39,39,64,64,64,64,50,50,15,75,66,55,44,0],"items_purged":["Rainbow"],"gold":267,"score":191,"play_id":"51ae958f-a58e-4f3c-aed5-40b767295fbd","local_time":"20180505215146","is_prod":false,"is_daily":false,"chose_seed":false,"is_ascension_mode":false,"campfire_upgraded":2,"timestamp":1525546306,"path_taken":["M","$","M","?","?","E","M","M","T","?","M","R","$","E","R","BOSS","M","M","M","M"],"build_version":"2018-05-03","seed_source_timestamp":1706612998322,"purchased_purges":1,"victory":false,"master_deck":["Strike_B","Strike_B","Strike_B","Strike_B","Defend_B","Defend_B","Defend_B+1","Defend_B+1","Zap+1","Dualcast+1","Skim","Consume+1","Ball Lightning","Capacitor","Self Repair","Thunder Strike"],"max_hp_per_floor":[75,75,75,75,75,75,75,75,75,75,75,75,75,75,75,75,75,75,75,75,75],"relics":["Cracked Core","Oddly Smooth Stone","Lantern","War Paint","Lizard Tail"],"card_choices":[{"not_picked":["Hologram","Beam Cell"],"picked":"Skim","floor":0},{"not_picked":["Impulse","Leap"],"picked":"Rainbow","floor":6},{"not_picked":["Rebound","Go for the Eyes"],"picked":"Consume","floor":8},{"not_picked":["Streamline","Impulse"],"picked":"Ball Lightning","floor":11},{"not_picked":["Storm","Go for the Eyes"],"picked":"Self Repair","floor":14},{"not_picked":["Creative AI","Amplify"],"picked":"Thunder Strike","floor":16}],"player_experience":125348,"potions_floor_usage":[6,14,14,19],"damage_taken":[{"damage":0,"enemies":"Small Slimes","floor":1,"turns":3},{"damage":2,"enemies":"2 Louse","floor":3,"turns":3},{"damage":14,"enemies":"3 Sentries","floor":6,"turns":6},{"damage":0,"enemies":"Jaw Worm","floor":7,"turns":5},{"damage":20,"enemies":"Exordium Thugs","floor":8,"turns":6},{"damage":0,"enemies":"3 Louse","floor":11,"turns":3},{"damage":14,"enemies":"Gremlin Nob","floor":14,"turns":3},{"damage":42,"enemies":"Slime Boss","floor":16,"turns":9},{"damage":16,"enemies":"Chosen","floor":18,"turns":4},{"damage":18,"enemies":"2 Thieves","floor":19,"turns":4},{"damage":57,"enemies":"3 Cultists","floor":20,"turns":6},{"damage":45,"enemies":"Centurion and Healer","floor":21,"turns":5}],"event_choices":[{"event_name":"Living Wall","player_choice":"Grow","floor":4,"damage_taken":0},{"event_name":"The Woman in Blue","player_choice":"Bought 0 Potions","floor":5,"damage_taken":0},{"event_name":"Big Fish","player_choice":"Banana","floor":10,"damage_taken":0}],"boss_relics":[{"not_picked":["Pandora\u0027s Box","Snecko Eye"],"picked":"Lizard Tail"}],"potions_floor_spawned":[1,3,6,16,19],"seed_played":"-8215443992753253251","killed_by":"Centurion and Healer","ascension_level":0,"is_trial":false}