{"gold_per_floor":[110,62,79,98,98,127,127,146,196,210,210,242,242,253,253,357,357,376,395,3,13,13,13,39,39,39,59,75,75,75,95,95,193,243,260,271,290,50,63,88,100,112,178,190,217,229,541,48,48,48],"floor_reached":51,"playtime":2074,"items_purged":[],"score":784,"play_id":"72d095cd-5ba8-444f-a1ff-92988cfd99cd","local_time":"20180727223911","is_ascension_mode":false,"campfire_choices":[{"data":"Barricade","floor":11.0,"key":"SMITH"},{"data":"Inflame","floor":13.0,"key":"SMITH"},{"data":"Battle Trance","floor":15.0,"key":"SMITH"},{"data":"Body Slam","floor":23,"key":"SMITH"},{"data":"Body Slam","floor":25,"key":"SMITH"},{"data":"Metallicize","floor":30,"key":"SMITH"},{"data":"Finesse","floor":32,"key":"SMITH"},{"data":"Demon Form","floor":49,"key":"SMITH"}],"neow_cost":"TEN_PERCENT_HP_LOSS","seed_source_timestamp":93709096984095,"circlet_count":0,"master_deck":["Strike_R","Strike_R","Strike_R","Strike_R","Strike_R","Defend_R+1","Defend_R","Defend_R","Defend_R","Bash","Barricade+1","Armaments+1","Ghostly Armor","Flame Barrier","Inflame+1","Battle Trance+1","Shrug It Off","Body Slam+1","Flame Barrier","Flame Barrier","Finesse+1","Metallicize+1","Body Slam+1","Impervious","Armaments+1","Flame Barrier","Demon Form+1","Body Slam","Apotheosis","Battle Trance+1"],"special_seed":0,"relics":["Burning Blood","Question Card","Centennial Puzzle","Bronze Scales","Mark of Pain","Anchor","Dream Catcher","Oddly Smooth Stone","Tiny House","Self Forming Clay","MawBank","Gremlin Horn","Tiny Chest","Kunai","Old Coin","Pen Nib","OrangePellets","Red Skull"],"potions_floor_usage":[24,24,33,37,40,50,50],"damage_taken":[{"damage":3.0,"enemies":"Small Slimes","floor":1.0,"turns":4.0},{"damage":11.0,"enemies":"Jaw Worm","floor":3.0,"turns":5.0},{"damage":4.0,"enemies":"Cultist","floor":4.0,"turns":4.0},{"damage":34.0,"enemies":"Gremlin Nob","floor":6.0,"turns":5.0},{"damage":11.0,"enemies":"Blue Slaver","floor":8.0,"turns":4.0},{"damage":5.0,"enemies":"Exordium Thugs","floor":10.0,"turns":5.0},{"damage":9.0,"enemies":"3 Sentries","floor":12.0,"turns":13.0},{"damage":0.0,"enemies":"Looter","floor":14.0,"turns":4.0},{"damage":17.0,"enemies":"Hexaghost","floor":16.0,"turns":13.0},{"damage":17,"enemies":"Spheric Guardian","floor":18,"turns":8},{"damage":16,"enemies":"Chosen","floor":19,"turns":5},{"damage":0,"enemies":"Snake Plant","floor":21,"turns":5},{"damage":30,"enemies":"Slavers","floor":24,"turns":6},{"damage":4,"enemies":"Snecko","floor":27,"turns":3},{"damage":0,"enemies":"Slaver and Parasite","floor":28,"turns":6},{"damage":0,"enemies":"3 Cultists","floor":31,"turns":6},{"damage":13,"enemies":"Collector","floor":33,"turns":9},{"damage":9,"enemies":"3 Darklings","floor":35,"turns":6},{"damage":0,"enemies":"Orb Walker","floor":36,"turns":4},{"damage":22,"enemies":"Transient","floor":37,"turns":5},{"damage":0,"enemies":"Maw","floor":39,"turns":7},{"damage":15,"enemies":"Giant Head","floor":40,"turns":12},{"damage":9,"enemies":"Flame Bruiser 2 Orb","floor":45,"turns":8},{"damage":3,"floor":47,"turns":7},{"damage":47,"enemies":"Donu and Deca","floor":50,"turns":14}],"seed_played":"3256805074697873443","potions_obtained":[{"floor":3.0,"key":"Fruit Juice"},{"floor":6.0,"key":"SkillPotion"},{"floor":14.0,"key":"SkillPotion"},{"floor":16.0,"key":"Ancient Potion"},{"floor":22,"key":"PowerPotion"},{"floor":24,"key":"Ancient Potion"},{"floor":27,"key":"Strength Potion"},{"floor":33,"key":"Regen Potion"},{"floor":34,"key":"GamblersBrew"},{"floor":39,"key":"Block Potion"},{"floor":40,"key":"FearPotion"},{"floor":45,"key":"Weak Potion"}],"is_trial":false,"path_per_floor":["M","$","M","M","?","E","$","M","T","M","R","E","R","M","R","B",null,"M","M","$","M","?","R","E","R","T","M","M","?","R","M","R","B",null,"M","M","M","$","M","E","?","?","T","T","M","$","?","$","R","B"],"character_chosen":"IRONCLAD","items_purchased":["Armaments","Anchor","Flame Barrier","Finesse","Metallicize","Self Forming Clay","Pen Nib","OrangePellets","Red Skull"],"campfire_rested":0,"item_purchase_floors":[2,20,20,20,20,38,48,48,48],"current_hp_per_floor":[72,72,67,74,74,46,46,41,41,42,42,39,39,45,45,34,77,66,56,56,62,62,62,38,38,38,40,46,46,46,52,52,45,82,79,82,66,66,72,63,63,63,63,63,60,60,63,63,63,37],"gold":48,"neow_bonus":"THREE_RARE_CARDS","is_prod":false,"is_daily":false,"chose_seed":false,"campfire_upgraded":8,"win_rate":0,"timestamp":1532720351,"path_taken":["M","$","M","M","?","E","$","M","T","?","R","E","R","M","R","BOSS","M","M","$","M","?","R","E","R","T","M","M","?","R","M","R","BOSS","M","M","M","$","?","E","?","?","T","?","M","$","?","$","R","BOSS"],"build_version":"2018-07-26","purchased_purges":0,"victory":true,"max_hp_per_floor":[72,72,72,77,77,77,77,77,77,77,77,77,77,77,77,77,77,77,77,77,77,77,77,77,77,77,77,77,77,77,77,77,77,82,82,82,82,82,82,82,82,82,82,82,82,82,82,82,82,82],"card_choices":[{"not_picked":["Juggernaut","Offering"],"picked":"Barricade","floor":0.0},{"not_picked":["Twin Strike","Disarm","Perfected Strike"],"picked":"SKIP","floor":1.0},{"not_picked":["Heavy Blade","Carnage"],"picked":"Ghostly Armor","floor":3.0},{"not_picked":["Heavy Blade","Sword Boomerang","Flex"],"picked":"SKIP","floor":4.0},{"not_picked":["Sword Boomerang","Feed","Wild Strike"],"picked":"SKIP","floor":6.0},{"not_picked":["Wild Strike","Second Wind","Heavy Blade"],"picked":"Flame Barrier","floor":8.0},{"not_picked":["Perfected Strike","Uppercut","Feel No Pain"],"picked":"Inflame","floor":10.0},{"not_picked":["Sword Boomerang","Warcry","Ghostly Armor"],"picked":"Battle Trance","floor":12.0},{"not_picked":["Thunderclap","Warcry","Uppercut"],"picked":"Shrug It Off","floor":14.0},{"not_picked":["Shockwave","Armaments","Power Through"],"picked":"Body Slam","floor":18},{"not_picked":["Warcry","Shockwave+1","Armaments"],"picked":"Flame Barrier","floor":19},{"not_picked":["Disarm","Heavy Blade","Fire Breathing"],"picked":"Body Slam","floor":21},{"not_picked":["Havoc","Thunderclap","Wild Strike"],"picked":"Impervious","floor":24},{"not_picked":["Wild Strike","Thunderclap","Armaments","Perfected Strike"],"picked":"SKIP","floor":27},{"not_picked":["Iron Wave","Anger","Hemokinesis+1"],"picked":"Armaments+1","floor":28},{"not_picked":["Sentinel","Spot Weakness","Havoc+1"],"picked":"Flame Barrier","floor":31},{"not_picked":["Limit Break","Immolate","Offering"],"picked":"Demon Form","floor":33},{"not_picked":["Headbutt","Shrug It Off","Thunderclap+1","Twin Strike+1"],"picked":"SKIP","floor":35},{"not_picked":["Power Through","Wild Strike","Iron Wave+1","Clash"],"picked":"SKIP","floor":36},{"not_picked":["Headbutt","Anger+1","Rupture","Feel No Pain+1"],"picked":"SKIP","floor":37},{"not_picked":["Berserk","Anger","Dropkick","Perfected Strike+1"],"picked":"SKIP","floor":39},{"not_picked":["Spot Weakness+1","Clash+1","Rampage+1"],"picked":"Body Slam","floor":40},{"not_picked":["Dark Shackles","Finesse","Enlightenment"],"picked":"Apotheosis","floor":42},{"not_picked":["Pummel","Clothesline","Iron Wave"],"picked":"Battle Trance+1","floor":45}],"player_experience":241912,"relics_obtained":[{"floor":6.0,"key":"Question Card"},{"floor":9.0,"key":"Centennial Puzzle"},{"floor":12.0,"key":"Bronze Scales"},{"floor":24,"key":"Dream Catcher"},{"floor":26,"key":"Oddly Smooth Stone"},{"floor":40,"key":"MawBank"},{"floor":43,"key":"Tiny Chest"},{"floor":44,"key":"Kunai"},{"floor":47,"key":"Old Coin"}],"event_choices":[{"event_name":"Living Wall","player_choice":"Grow","floor":5.0,"damage_taken":0.0},{"event_name":"The Lab","player_choice":"Got Potions","floor":22,"damage_taken":0},{"event_name":"Vampires","player_choice":"Ignored","floor":29,"damage_taken":0},{"event_name":"Wheel of Change","player_choice":"Relic","floor":41,"damage_taken":0},{"event_name":"SensoryStone","player_choice":"Memory 1","floor":42,"damage_taken":0},{"event_name":"MindBloom","player_choice":"Fight","floor":47,"damage_taken":0}],"is_beta":false,"boss_relics":[{"not_picked":["Velvet Choker","Pandora\u0027s Box"],"picked":"Mark of Pain"},{"not_picked":["Eternal Feather","White Beast Statue"],"picked":"Tiny House"}],"items_purged_floors":[],"is_endless":false,"potions_floor_spawned":[3,6,14,16,19,24,27,31,33,39,40,45],"ascension_level":0}