{"gold_per_floor":[119,44,59,59,59,97,116,130,130,130,305,62,101,117,117,117],"floor_reached":16,"playtime":439,"items_purged":["Strike_R","Doubt"],"score":110,"play_id":"8fe11734-fd67-4ae8-ac76-a27b96f32d88","local_time":"20190723182704","is_ascension_mode":false,"campfire_choices":[{"data":"Bash","floor":10,"key":"SMITH"},{"data":"Sword Boomerang","floor":15,"key":"SMITH"}],"neow_cost":"NONE","seed_source_timestamp":3467842843000,"circlet_count":0,"master_deck":["Strike_R","Strike_R","Strike_R","Strike_R","Defend_R","Defend_R","Defend_R","Defend_R","Bash+1","Twin Strike","Battle Trance+1","Sword Boomerang+1"],"relics":["Burning Blood","Anchor","Golden Idol","The Courier","Paper Frog","Vajra","Sundial"],"potions_floor_usage":[8,8,8,16,16,16],"damage_taken":[{"damage":3,"enemies":"Jaw Worm","floor":1,"turns":3},{"damage":0,"enemies":"Small Slimes","floor":3,"turns":3},{"damage":34,"enemies":"Gremlin Nob","floor":6,"turns":5},{"damage":0,"enemies":"2 Louse","floor":7,"turns":2},{"damage":6,"enemies":"Exordium Thugs","floor":8,"turns":3},{"damage":21,"enemies":"3 Sentries","floor":13,"turns":8},{"damage":0,"enemies":"Looter","floor":14,"turns":2},{"damage":31,"enemies":"The Guardian","floor":16,"turns":8}],"seed_played":"-2132332879349397390","potions_obtained":[{"floor":3,"key":"Explosive Potion"},{"floor":7,"key":"EntropicBrew"},{"floor":8,"key":"EntropicBrew"}],"is_trial":false,"path_per_floor":["M","$","M","?","?","E","M","M","T","R","?","$","E","M","R","B"],"character_chosen":"IRONCLAD","items_purchased":["Vajra","Sword Boomerang"],"campfire_rested":0,"item_purchase_floors":[12,12],"current_hp_per_floor":[80,80,80,80,60,32,38,38,38,38,38,38,23,29,29,0],"gold":117,"neow_bonus":"RANDOM_COMMON_RELIC","is_prod":false,"is_daily":false,"chose_seed":false,"campfire_upgraded":2,"win_rate":0,"timestamp":1563895624,"path_taken":["M","$","M","?","?","E","M","M","T","R","?","$","E","M","R","BOSS"],"build_version":"2019-07-17","purchased_purges":2,"victory":false,"max_hp_per_floor":[80,80,80,80,80,80,80,80,80,80,80,80,80,80,80,80],"card_choices":[{"not_picked":["Havoc","Ghostly Armor"],"picked":"Twin Strike","floor":1},{"not_picked":["Armaments","Havoc"],"picked":"Battle Trance","floor":3},{"not_picked":["Perfected Strike","Juggernaut","Twin Strike"],"picked":"SKIP","floor":6},{"not_picked":["Evolve","Heavy Blade","Clash"],"picked":"SKIP","floor":7},{"not_picked":["Uppercut","Clash","Armaments"],"picked":"SKIP","floor":8},{"not_picked":["Sentinel","Juggernaut","Armaments"],"picked":"SKIP","floor":13},{"not_picked":["Havoc","Clash","Wild Strike"],"picked":"SKIP","floor":14}],"player_experience":745126,"relics_obtained":[{"floor":6,"key":"The Courier"},{"floor":9,"key":"Paper Frog"},{"floor":13,"key":"Sundial"}],"event_choices":[{"damage_healed":0,"gold_gain":0,"player_choice":"Grow","damage_taken":0,"max_hp_gain":0,"max_hp_loss":0,"event_name":"Living Wall","floor":4,"gold_loss":0,"cards_upgraded":["Battle Trance"]},{"damage_healed":0,"gold_gain":0,"player_choice":"Take Damage","damage_taken":20,"relics_obtained":["Golden Idol"],"max_hp_gain":0,"max_hp_loss":0,"event_name":"Golden Idol","floor":5,"gold_loss":0},{"damage_healed":0,"gold_gain":175,"player_choice":"AGREE","damage_taken":0,"max_hp_gain":0,"max_hp_loss":0,"event_name":"Liars Game","floor":11,"gold_loss":0,"cards_obtained":["Doubt"]}],"is_beta":false,"boss_relics":[],"items_purged_floors":[2,12],"is_endless":false,"potions_floor_spawned":[3,7,8],"killed_by":"The Guardian","ascension_level":0}