{"gold_per_floor":[109,109,122,13,30,30,47,64,135,135,153,153,184,184,184,284,284,284,239,239,239,239,239,4,4,4,4,4,4,4,4,4,4,4,4,4,4,4,4,4,4,4,4,4,4,4,4,4,4,4],"floor_reached":50,"playtime":1874,"items_purged":[],"score":525,"play_id":"210626ff-1d21-4089-a513-c6338182cb20","local_time":"20190724201418","is_ascension_mode":false,"campfire_choices":[{"data":"Catalyst","floor":6.0,"key":"SMITH"},{"data":"Bouncing Flask","floor":10.0,"key":"SMITH"},{"data":"Deadly Poison","floor":12.0,"key":"SMITH"},{"floor":15.0,"key":"REST"},{"data":"Adrenaline","floor":23.0,"key":"SMITH"},{"data":"Bouncing Flask","floor":30.0,"key":"SMITH"},{"data":"Tools of the Trade","floor":32.0,"key":"SMITH"},{"data":"Footwork","floor":46.0,"key":"SMITH"},{"floor":49,"key":"RECALL"}],"neow_cost":"NONE","seed_source_timestamp":94780228306100,"circlet_count":0,"master_deck":["Strike_G","Strike_G","Strike_G","Strike_G","Defend_G","Defend_G","Defend_G","Defend_G","Defend_G","Survivor","Neutralize","Bullet Time","Blur","Bouncing Flask+1","Catalyst+1","Deadly Poison+1","Deflect","Adrenaline+1","Bouncing Flask+1","Footwork+1","Tools of the Trade+1","Calculated Gamble","Adrenaline","Backflip+1","Bouncing Flask+1"],"special_seed":0,"relics":["Ring of the Snake","Bottled Lightning","Gambling Chip","Ectoplasm","Snake Skull","Smiling Mask","Philosopher\u0027s Stone","PreservedInsect","Ice Cream","Centennial Puzzle","Tough Bandages"],"potions_floor_usage":[50,50],"damage_taken":[{"damage":0.0,"enemies":"2 Louse","floor":1.0,"turns":3.0},{"damage":0.0,"enemies":"Cultist","floor":3.0,"turns":5.0},{"damage":0.0,"enemies":"Small Slimes","floor":5.0,"turns":4.0},{"damage":3.0,"enemies":"Exordium Thugs","floor":7.0,"turns":4.0},{"damage":11.0,"enemies":"Lots of Slimes","floor":8.0,"turns":4.0},{"damage":2.0,"enemies":"Large Slime","floor":11.0,"turns":6.0},{"damage":37.0,"enemies":"3 Sentries","floor":13.0,"turns":13.0},{"damage":6.0,"enemies":"The Guardian","floor":16.0,"turns":6.0},{"damage":0.0,"enemies":"Shell Parasite","floor":18.0,"turns":3.0},{"damage":8.0,"enemies":"2 Thieves","floor":19.0,"turns":4.0},{"damage":1.0,"enemies":"Centurion and Healer","floor":21.0,"turns":5.0},{"damage":0.0,"enemies":"Cultist and Chosen","floor":22.0,"turns":4.0},{"damage":23.0,"enemies":"Gremlin Leader","floor":25.0,"turns":6.0},{"damage":2.0,"enemies":"Sentry and Sphere","floor":27.0,"turns":3.0},{"damage":0.0,"enemies":"Snecko","floor":28.0,"turns":2.0},{"damage":0.0,"enemies":"3 Cultists","floor":29.0,"turns":5.0},{"damage":27.0,"enemies":"Champ","floor":33.0,"turns":7.0},{"damage":0.0,"enemies":"Orb Walker","floor":35.0,"turns":1.0},{"damage":11.0,"enemies":"3 Shapes","floor":38.0,"turns":3.0},{"damage":15.0,"enemies":"Sphere and 2 Shapes","floor":39.0,"turns":6.0},{"damage":12.0,"enemies":"Nemesis","floor":40.0,"turns":3.0},{"damage":0.0,"enemies":"Writhing Mass","floor":41.0,"turns":3.0},{"damage":0.0,"enemies":"Spire Growth","floor":44.0,"turns":3.0},{"damage":17.0,"enemies":"Jaw Worm Horde","floor":45.0,"turns":3.0},{"damage":2.0,"enemies":"3 Darklings","floor":48.0,"turns":5.0},{"damage":25,"enemies":"Donu and Deca","floor":50,"turns":7}],"seed_played":"-1527043286444406863","potions_obtained":[{"floor":1.0,"key":"LiquidBronze"},{"floor":3.0,"key":"SteroidPotion"},{"floor":5.0,"key":"SteroidPotion"},{"floor":18.0,"key":"Energy Potion"},{"floor":27.0,"key":"Explosive Potion"},{"floor":29.0,"key":"FearPotion"},{"floor":41.0,"key":"Fire Potion"},{"floor":45.0,"key":"GhostInAJar"}],"is_trial":false,"path_per_floor":["M","?","M","$","M","R","M","M","T","R","M","R","E","?","R","B",null,"M","M","?","M","M","R","$","E","T","M","M","M","R","$","R","B",null,"M","?","$","M","M","E","M","$","T","M","M","R","T","M","R","B"],"character_chosen":"THE_SILENT","items_purchased":["Bouncing Flask","Catalyst","Snake Skull","Footwork"],"campfire_rested":1,"item_purchase_floors":[4,4,24,24],"current_hp_per_floor":[70,63,63,63,63,63,60,49,49,49,47,47,10,10,31,25,70,70,62,62,61,61,61,61,38,38,36,36,36,36,36,36,9,70,70,70,70,59,44,32,32,32,32,32,15,15,15,13,13,0],"gold":4,"neow_bonus":"ONE_RANDOM_RARE_CARD","is_prod":false,"is_daily":false,"chose_seed":false,"campfire_upgraded":7,"win_rate":0,"timestamp":1563988458,"path_taken":["M","?","M","$","M","R","M","M","T","R","M","R","E","?","R","BOSS","M","?","?","M","M","R","$","E","T","M","M","M","R","$","R","BOSS","M","?","?","?","M","E","M","$","T","M","M","R","?","M","R","BOSS"],"build_version":"2019-07-17","purchased_purges":0,"victory":false,"max_hp_per_floor":[70,70,70,70,70,70,70,70,70,70,70,70,70,70,70,70,70,70,70,70,70,70,70,70,70,70,70,70,70,70,70,70,70,70,70,70,70,70,70,70,70,70,70,70,70,70,70,70,70,70],"card_choices":[{"not_picked":["Finisher","Eviscerate"],"picked":"Blur","floor":1.0},{"not_picked":["Riddle With Holes","Bane","Flying Knee"],"picked":"SKIP","floor":3.0},{"not_picked":["Prepared","Eviscerate"],"picked":"Deadly Poison","floor":5.0},{"not_picked":["Cloak And Dagger","Prepared"],"picked":"Deflect","floor":7.0},{"not_picked":["Eviscerate","Dodge and Roll","Terror"],"picked":"SKIP","floor":8.0},{"not_picked":["Quick Slash","All Out Attack","Skewer"],"picked":"SKIP","floor":11.0},{"not_picked":["Heel Hook","Sucker Punch","Prepared"],"picked":"SKIP","floor":13.0},{"not_picked":["Wraith Form v2","Grand Finale"],"picked":"Adrenaline","floor":16.0},{"not_picked":["Outmaneuver+1","Cloak And Dagger","Underhanded Strike"],"picked":"SKIP","floor":18.0},{"not_picked":["Quick Slash","Poisoned Stab"],"picked":"Bouncing Flask","floor":19.0},{"not_picked":["After Image","Sucker Punch","Eviscerate"],"picked":"SKIP","floor":21.0},{"not_picked":["Bane","Prepared","Blade Dance"],"picked":"SKIP","floor":22.0},{"not_picked":["Dash","Riddle With Holes"],"picked":"Tools of the Trade","floor":25.0},{"not_picked":["Quick Slash+1","Predator+1","Dagger Spray+1"],"picked":"SKIP","floor":27.0},{"not_picked":["Concentrate+1","Slice","Flechettes"],"picked":"SKIP","floor":28.0},{"not_picked":["Quick Slash","Expertise+1"],"picked":"Calculated Gamble","floor":29.0},{"not_picked":["Doppelganger","Night Terror"],"picked":"Adrenaline","floor":33.0},{"not_picked":["All Out Attack","Deflect","Prepared+1"],"picked":"SKIP","floor":35.0},{"not_picked":["Blade Dance+1","Prepared"],"picked":"Backflip+1","floor":38.0},{"not_picked":["Bane","Glass Knife","PiercingWail+1"],"picked":"SKIP","floor":39.0},{"not_picked":["Acrobatics+1","Terror","Sucker Punch+1"],"picked":"SKIP","floor":40.0},{"not_picked":["Glass Knife","Flying Knee","Blade Dance"],"picked":"SKIP","floor":41.0},{"not_picked":["Bane+1","Dagger Spray+1","Dash+1"],"picked":"SKIP","floor":44.0},{"not_picked":["Acrobatics+1","Eviscerate+1","Infinite Blades"],"picked":"SKIP","floor":45.0},{"not_picked":["PiercingWail+1","Setup+1"],"picked":"Bouncing Flask+1","floor":48.0}],"player_experience":763414,"relics_obtained":[{"floor":9.0,"key":"Bottled Lightning"},{"floor":13.0,"key":"Gambling Chip"},{"floor":25.0,"key":"Smiling Mask"},{"floor":40.0,"key":"Ice Cream"},{"floor":43.0,"key":"Centennial Puzzle"},{"floor":47.0,"key":"Tough Bandages"}],"event_choices":[{"cards_removed":["Strike_G"],"damage_healed":0.0,"max_hp_gain":0.0,"max_hp_loss":0.0,"gold_gain":0.0,"event_name":"Golden Wing","player_choice":"Card Removal","floor":2.0,"gold_loss":0.0,"damage_taken":7.0},{"damage_healed":0.0,"max_hp_gain":0.0,"max_hp_loss":0.0,"gold_gain":0.0,"event_name":"The Woman in Blue","player_choice":"Bought 0 Potions","floor":14.0,"gold_loss":0.0,"damage_taken":0.0},{"damage_healed":0.0,"max_hp_gain":0.0,"max_hp_loss":0.0,"gold_gain":0.0,"event_name":"Ghosts","player_choice":"Ignored","floor":20.0,"gold_loss":0.0,"damage_taken":0.0},{"damage_healed":0.0,"max_hp_gain":0.0,"max_hp_loss":0.0,"gold_gain":0.0,"event_name":"WeMeetAgain","player_choice":"Gave Potion","floor":36.0,"gold_loss":0.0,"damage_taken":0.0,"relics_obtained":["PreservedInsect"]}],"is_beta":false,"boss_relics":[{"not_picked":["Astrolabe","Calling Bell"],"picked":"Ectoplasm"},{"not_picked":["Pandora\u0027s Box","Runic Dome"],"picked":"Philosopher\u0027s Stone"}],"items_purged_floors":[],"is_endless":false,"potions_floor_spawned":[1,3,5,7,18,27,29,41,44,45],"killed_by":"Donu and Deca","ascension_level":0}