{"gold_per_floor":[110,20,37,49,64,64,82,82,82,13,13,25,57,77,77,172,172,184,130,147,147,246,277,33,48,48,48,62,89,100,131,131,228,228,242,0,13,13,24,24,35,35,35,35,49,49,63,98,98,98],"floor_reached":51,"playtime":1775,"items_purged":[],"score":821,"play_id":"aec5cf7c-3bec-43cb-a646-c3c0871ba522","local_time":"20190407014124","is_ascension_mode":false,"campfire_choices":[{"data":"Body Slam","floor":6,"key":"SMITH"},{"data":"Barricade","floor":15,"key":"SMITH"},{"data":"Blind","floor":27,"key":"SMITH"},{"data":"Metallicize","floor":32,"key":"SMITH"},{"data":"Bash","floor":40,"key":"SMITH"},{"data":"Evolve","floor":44,"key":"SMITH"},{"data":"Flame Barrier","floor":49,"key":"SMITH"}],"neow_cost":"NONE","seed_source_timestamp":224217580529988,"circlet_count":0,"master_deck":["Strike_R","Strike_R","Strike_R+1","Strike_R+1","Defend_R","Defend_R","Defend_R","Defend_R","Bash+1","Body Slam+1","Blind+1","Metallicize+1","Flame Barrier+1","Body Slam+1","Evolve+1","Barricade+1","Shrug It Off","Impervious","Shrug It Off","Body Slam+1"],"relics":["Burning Blood","Art of War","Incense Burner","Whetstone","Mercury Hourglass","Busted Crown","StoneCalendar","Bottled Tornado","Paper Frog","Red Mask","Regal Pillow","Cursed Key","Letter Opener","Kunai"],"potions_floor_usage":[30,50,50,50],"damage_taken":[{"damage":6,"enemies":"Cultist","floor":1,"turns":3},{"damage":7,"enemies":"Jaw Worm","floor":3,"turns":4},{"damage":2,"enemies":"2 Louse","floor":4,"turns":4},{"damage":7,"enemies":"Looter","floor":5,"turns":4},{"damage":4,"enemies":"Lots of Slimes","floor":7,"turns":6},{"damage":9,"enemies":"Blue Slaver","floor":12,"turns":4},{"damage":15,"enemies":"Lagavulin","floor":13,"turns":6},{"damage":6,"enemies":"Exordium Wildlife","floor":14,"turns":5},{"damage":10,"enemies":"Slime Boss","floor":16,"turns":9},{"damage":7,"enemies":"Shell Parasite","floor":18,"turns":6},{"damage":9,"enemies":"2 Thieves","floor":20,"turns":5},{"damage":20,"enemies":"Gremlin Leader","floor":23,"turns":9},{"damage":0,"enemies":"Sentry and Sphere","floor":25,"turns":6},{"damage":10,"enemies":"Centurion and Healer","floor":28,"turns":5},{"damage":11,"enemies":"Masked Bandits","floor":29,"turns":5},{"damage":3,"enemies":"Snecko","floor":30,"turns":6},{"damage":0,"enemies":"Book of Stabbing","floor":31,"turns":3},{"damage":0,"enemies":"Champ","floor":33,"turns":7},{"damage":0,"enemies":"3 Shapes","floor":35,"turns":4},{"damage":0,"enemies":"3 Darklings","floor":37,"turns":5},{"damage":0,"enemies":"Sphere and 2 Shapes","floor":39,"turns":4},{"damage":0,"enemies":"Spire Growth","floor":41,"turns":4},{"damage":0,"enemies":"Maw","floor":45,"turns":4},{"damage":0,"enemies":"Transient","floor":47,"turns":5},{"damage":10,"enemies":"Nemesis","floor":48,"turns":7},{"damage":6,"enemies":"Donu and Deca","floor":50,"turns":7}],"seed_played":"7223504259978765800","potions_obtained":[{"floor":7,"key":"FearPotion"},{"floor":12,"key":"Ancient Potion"},{"floor":18,"key":"EssenceOfSteel"},{"floor":20,"key":"Energy Potion"},{"floor":33,"key":"GamblersBrew"}],"is_trial":false,"path_per_floor":["M","$","M","M","M","R","M","?","T","$","T","M","E","M","R","B",null,"M","$","M","?","?","E","$","M","T","R","M","?","M","E","R","B",null,"M","$","M","?","M","R","M","$","T","R","M","?","M","E","R","B",null],"character_chosen":"IRONCLAD","items_purchased":["Blind","Evolve","Shrug It Off","Bottled Tornado","Letter Opener"],"campfire_rested":0,"item_purchase_floors":[2,10,19,24,36],"current_hp_per_floor":[80,80,79,80,79,79,80,80,80,80,80,77,68,68,68,64,80,79,79,76,61,61,47,47,53,53,53,49,44,47,53,53,59,85,85,85,85,85,85,85,85,85,85,85,85,81,81,77,77,77],"gold":98,"neow_bonus":"RANDOM_COMMON_RELIC","is_prod":false,"is_daily":false,"chose_seed":false,"campfire_upgraded":7,"win_rate":0,"timestamp":1554590484,"path_taken":["M","$","M","M","M","R","M","?","T","$","?","M","E","M","R","BOSS","M","$","M","?","?","E","$","M","T","R","M","?","M","E","R","BOSS","M","$","M","?","M","R","M","$","T","R","?","?","M","E","R","BOSS"],"build_version":"2019-01-23","purchased_purges":0,"victory":true,"max_hp_per_floor":[80,80,80,80,80,80,80,80,80,80,80,80,80,80,80,80,80,80,80,80,85,85,85,85,85,85,85,85,85,85,85,85,85,85,85,85,85,85,85,85,85,85,85,85,85,81,81,81,81,81],"card_choices":[{"not_picked":["Wild Strike","Blood for Blood"],"picked":"Body Slam","floor":1},{"not_picked":["Havoc","Perfected Strike"],"picked":"Metallicize","floor":3},{"not_picked":["Pommel Strike","Warcry"],"picked":"Flame Barrier","floor":4},{"not_picked":["Twin Strike","Pommel Strike"],"picked":"Body Slam","floor":5},{"not_picked":["Sword Boomerang","Wild Strike","Spot Weakness"],"picked":"SKIP","floor":7},{"not_picked":["Flame Barrier","Clash","Headbutt"],"picked":"SKIP","floor":12},{"not_picked":["Rampage","Flex"],"picked":"Barricade","floor":13},{"not_picked":["Spot Weakness","Body Slam"],"picked":"Shrug It Off","floor":14},{"not_picked":["Immolate","Fiend Fire"],"picked":"Impervious","floor":16},{"not_picked":["Bloodletting"],"picked":"SKIP","floor":18},{"not_picked":["Burning Pact"],"picked":"SKIP","floor":20},{"not_picked":["Fire Breathing+1"],"picked":"SKIP","floor":23},{"not_picked":["True Grit"],"picked":"SKIP","floor":25},{"not_picked":["Whirlwind"],"picked":"SKIP","floor":28},{"not_picked":[],"picked":"Body Slam+1","floor":29},{"not_picked":["Twin Strike"],"picked":"SKIP","floor":30},{"not_picked":["Spot Weakness"],"picked":"SKIP","floor":31},{"not_picked":["Feel No Pain+1"],"picked":"SKIP","floor":35},{"not_picked":["Sword Boomerang"],"picked":"SKIP","floor":37},{"not_picked":["Shockwave+1"],"picked":"SKIP","floor":39},{"not_picked":["Clothesline+1"],"picked":"SKIP","floor":41},{"not_picked":["Thunderclap"],"picked":"SKIP","floor":45},{"not_picked":["Perfected Strike"],"picked":"SKIP","floor":47},{"not_picked":["Clash"],"picked":"SKIP","floor":48}],"player_experience":591631,"relics_obtained":[{"floor":9,"key":"Incense Burner"},{"floor":11,"key":"Whetstone"},{"floor":13,"key":"Mercury Hourglass"},{"floor":23,"key":"StoneCalendar"},{"floor":26,"key":"Paper Frog"},{"floor":29,"key":"Red Mask"},{"floor":31,"key":"Regal Pillow"},{"floor":48,"key":"Kunai"}],"event_choices":[{"damage_healed":0,"gold_gain":0,"player_choice":"Upgraded","damage_taken":0,"max_hp_gain":0,"max_hp_loss":0,"event_name":"Upgrade Shrine","floor":8,"gold_loss":0,"cards_upgraded":["Body Slam"]},{"damage_healed":0,"gold_gain":0,"player_choice":"Shed Blood","damage_taken":20,"max_hp_gain":5,"max_hp_loss":0,"event_name":"Forgotten Altar","floor":21,"gold_loss":0},{"damage_healed":0,"gold_gain":99,"player_choice":"Stole From Cult","damage_taken":0,"max_hp_gain":0,"max_hp_loss":0,"event_name":"Nest","floor":22,"gold_loss":0},{"damage_healed":0,"gold_gain":0,"player_choice":"Fought Bandits","damage_taken":0,"max_hp_gain":0,"max_hp_loss":0,"event_name":"Masked Bandits","floor":29,"gold_loss":0},{"cards_removed":["Strike_R"],"damage_healed":0,"gold_gain":0,"player_choice":"Offered Basic","damage_taken":0,"max_hp_gain":0,"max_hp_loss":0,"event_name":"Bonfire Elementals","floor":38,"gold_loss":0},{"damage_healed":0,"gold_gain":0,"player_choice":"Max HP","damage_taken":0,"max_hp_gain":0,"max_hp_loss":4,"event_name":"Winding Halls","floor":46,"gold_loss":0}],"is_beta":false,"boss_relics":[{"not_picked":["Coffee Dripper","Runic Pyramid"],"picked":"Busted Crown"},{"not_picked":["White Beast Statue","Black Blood"],"picked":"Cursed Key"}],"items_purged_floors":[],"is_endless":false,"potions_floor_spawned":[7,12,18,20,23,25,33,37,39,41,48],"ascension_level":0}