{"gold_per_floor":[110,110,125,136,149,180,180,180,180,192,117,117,134,159,159,255,255,275,375,29,129,143,143,153,186,257,275,275,287,43,43,43,139,139,149,167,178,197,197,197,213,213,292,292,308,227,252,331,331,331],"floor_reached":51,"playtime":2953,"items_purged":["Strike_R","Bash"],"score":906,"play_id":"bbb05968-da3c-4463-9d51-09c3be5493dc","local_time":"20190225235830","is_ascension_mode":true,"campfire_choices":[{"data":"Uppercut","floor":8,"key":"SMITH"},{"data":"Shrug It Off","floor":15,"key":"SMITH"},{"floor":23,"key":"REST"},{"data":"Shrug It Off","floor":28,"key":"SMITH"},{"floor":32,"key":"REST"},{"data":"Barricade","floor":40,"key":"SMITH"},{"data":"Body Slam","floor":42,"key":"SMITH"},{"data":"Iron Wave","floor":44,"key":"SMITH"},{"floor":49,"key":"REST"}],"neow_cost":"TEN_PERCENT_HP_LOSS","seed_source_timestamp":33733751904557,"circlet_count":0,"master_deck":["Strike_R+1","Strike_R+1","Strike_R+1","Strike_R+1","Defend_R+1","Defend_R+1","Defend_R+1","Defend_R+1","Bludgeon+1","Cleave","Disarm","Iron Wave+1","Uppercut+1","Shrug It Off+1","Dropkick","Spot Weakness","Body Slam+1","Metallicize","Twin Strike","Headbutt+1","Shrug It Off+1","Flex+1","Dropkick+1","Barricade+1","Heavy Blade+1","Demon Form","Madness","Madness","Entrench"],"relics":["Burning Blood","Bag of Marbles","Meat on the Bone","Dream Catcher","War Paint","Sozu","Thread and Needle","Blue Candle","Mercury Hourglass","Molten Egg 2","Question Card","Shuriken","Velvet Choker","Letter Opener","Orichalcum","Ornamental Fan"],"potions_floor_usage":[6,16,16,16,50],"damage_taken":[{"damage":7,"enemies":"Jaw Worm","floor":1,"turns":3},{"damage":0,"enemies":"2 Louse","floor":3,"turns":2},{"damage":0,"enemies":"Small Slimes","floor":4,"turns":2},{"damage":8,"enemies":"Blue Slaver","floor":5,"turns":2},{"damage":16,"enemies":"Gremlin Nob","floor":6,"turns":3},{"damage":5,"enemies":"Gremlin Gang","floor":10,"turns":3},{"damage":0,"enemies":"Large Slime","floor":13,"turns":2},{"damage":26,"enemies":"Lagavulin","floor":14,"turns":4},{"damage":0,"enemies":"Hexaghost","floor":16,"turns":10},{"damage":15,"enemies":"Shell Parasite","floor":18,"turns":4},{"damage":16,"enemies":"Colosseum Slavers","floor":19,"turns":4},{"damage":30,"enemies":"Colosseum Nobs","floor":19,"turns":5},{"damage":0,"enemies":"3 Byrds","floor":22,"turns":4},{"damage":0,"enemies":"3 Cultists","floor":24,"turns":4},{"damage":53,"enemies":"Gremlin Leader","floor":25,"turns":5},{"damage":1,"enemies":"Snecko","floor":27,"turns":3},{"damage":7,"enemies":"Sentry and Sphere","floor":29,"turns":3},{"damage":52,"enemies":"Champ","floor":33,"turns":9},{"damage":5,"enemies":"3 Darklings","floor":35,"turns":5},{"damage":8,"enemies":"3 Shapes","floor":36,"turns":4},{"damage":3,"enemies":"Sphere and 2 Shapes","floor":37,"turns":4},{"damage":1,"enemies":"Transient","floor":38,"turns":5},{"damage":9,"enemies":"Jaw Worm Horde","floor":41,"turns":4},{"damage":16,"enemies":"3 Darklings","floor":45,"turns":3},{"damage":16,"enemies":"Nemesis","floor":47,"turns":9},{"damage":63,"enemies":"Time Eater","floor":50,"turns":10}],"seed_played":"-5070926701592480656","potions_obtained":[{"floor":1,"key":"FearPotion"},{"floor":5,"key":"GamblersBrew"},{"floor":6,"key":"Dexterity Potion"},{"floor":14,"key":"Swift Potion"},{"floor":16,"key":"LiquidBronze"}],"is_trial":false,"path_per_floor":["M","?","M","M","M","E","?","R","T","M","$","?","M","E","R","B",null,"M","?","$","?","M","R","M","E","T","M","R","M","$","?","R","B",null,"M","M","M","M","?","R","M","R","T","R","M","$","E","T","R","B",null],"character_chosen":"IRONCLAD","items_purchased":["Mercury Hourglass","Shuriken","Entrench"],"campfire_rested":3,"item_purchase_floors":[20,30,46],"current_hp_per_floor":[71,71,72,72,70,60,60,60,60,61,61,61,67,47,47,53,72,63,41,41,41,47,68,72,37,37,54,54,53,53,53,72,38,72,72,70,72,72,63,63,60,60,60,60,50,50,52,52,72,27],"gold":331,"neow_bonus":"THREE_RARE_CARDS","is_prod":false,"is_daily":false,"chose_seed":false,"campfire_upgraded":6,"win_rate":0,"timestamp":1551135510,"path_taken":["M","?","M","M","M","E","?","R","T","M","$","?","M","E","R","BOSS","M","?","$","?","M","R","M","E","T","?","R","M","$","?","R","BOSS","M","M","M","M","?","R","M","R","T","R","M","$","E","?","R","BOSS"],"build_version":"2019-01-23","purchased_purges":2,"victory":true,"max_hp_per_floor":[72,72,72,72,72,72,72,72,72,72,72,72,72,72,72,72,72,72,72,72,72,72,72,72,72,72,72,72,72,72,72,72,72,72,72,72,72,72,72,72,72,72,72,72,72,72,72,72,72,72],"card_choices":[{"not_picked":["Immolate","Fiend Fire"],"picked":"Bludgeon","floor":0},{"not_picked":["Corruption","Clothesline"],"picked":"Cleave","floor":1},{"not_picked":["Shockwave","Clash"],"picked":"Disarm","floor":3},{"not_picked":["Rage","Havoc","Second Wind"],"picked":"SKIP","floor":4},{"not_picked":["Anger","Ghostly Armor"],"picked":"Iron Wave","floor":5},{"not_picked":["Power Through","Berserk"],"picked":"Uppercut","floor":6},{"not_picked":["Thunderclap","Armaments"],"picked":"Shrug It Off","floor":10},{"not_picked":["Entrench","Feel No Pain"],"picked":"Dropkick","floor":13},{"not_picked":["True Grit","Entrench"],"picked":"Spot Weakness","floor":14},{"not_picked":["Entrench","Armaments"],"picked":"Body Slam","floor":18},{"not_picked":["Sever Soul","True Grit"],"picked":"Metallicize","floor":19},{"not_picked":["Pommel Strike","Entrench"],"picked":"Twin Strike","floor":22},{"not_picked":["True Grit","Blood for Blood"],"picked":"Headbutt+1","floor":23},{"not_picked":["Twin Strike","Berserk"],"picked":"Shrug It Off","floor":24},{"not_picked":["Bloodletting","Armaments","Wild Strike"],"picked":"SKIP","floor":25},{"not_picked":["Clash+1","Wild Strike+1","Twin Strike+1"],"picked":"Flex+1","floor":27},{"not_picked":["Flex","Clash+1","Warcry"],"picked":"Dropkick+1","floor":29},{"not_picked":["Limit Break","Fiend Fire+1","Double Tap"],"picked":"Barricade","floor":33},{"not_picked":["Searing Blow+1","Whirlwind+1","Pommel Strike+1"],"picked":"Heavy Blade+1","floor":35},{"not_picked":["Spot Weakness+1","Armaments","Heavy Blade+1","Bloodletting+1"],"picked":"SKIP","floor":36},{"not_picked":["Second Wind+1","Hemokinesis+1","Headbutt+1","Flex+1"],"picked":"SKIP","floor":37},{"not_picked":["Body Slam+1","Cleave+1","Warcry+1"],"picked":"Demon Form","floor":38},{"not_picked":["Uppercut+1","Thunderclap+1","Clothesline+1","Sever Soul+1"],"picked":"SKIP","floor":41},{"not_picked":["Second Wind","Rage+1","Clash+1","Rampage+1"],"picked":"SKIP","floor":45},{"not_picked":["Heavy Blade+1","Anger+1","Warcry+1","Rupture+1"],"picked":"SKIP","floor":47}],"player_experience":291497,"relics_obtained":[{"floor":6,"key":"Bag of Marbles"},{"floor":9,"key":"Dream Catcher"},{"floor":14,"key":"War Paint"},{"floor":19,"key":"Thread and Needle"},{"floor":19,"key":"Blue Candle"},{"floor":25,"key":"Molten Egg 2"},{"floor":26,"key":"Question Card"},{"floor":43,"key":"Letter Opener"},{"floor":47,"key":"Orichalcum"},{"floor":48,"key":"Ornamental Fan"}],"event_choices":[{"damage_healed":0,"gold_gain":0,"player_choice":"Grow","damage_taken":0,"max_hp_gain":0,"max_hp_loss":0,"event_name":"Living Wall","floor":2,"gold_loss":0,"cards_upgraded":["Bludgeon"]},{"damage_healed":0,"gold_gain":0,"player_choice":"Searched \u00271\u0027 times","damage_taken":0,"relics_obtained":["Meat on the Bone"],"max_hp_gain":0,"max_hp_loss":0,"event_name":"Dead Adventurer","floor":7,"gold_loss":0},{"damage_healed":0,"gold_gain":0,"player_choice":"Ignored","damage_taken":0,"max_hp_gain":0,"max_hp_loss":0,"event_name":"Liars Game","floor":12,"gold_loss":0},{"damage_healed":0,"gold_gain":0,"player_choice":"Fight","damage_taken":0,"max_hp_gain":0,"max_hp_loss":0,"event_name":"Colosseum","floor":19,"gold_loss":0},{"damage_healed":0,"gold_gain":0,"player_choice":"Fought Nobs","damage_taken":0,"max_hp_gain":0,"max_hp_loss":0,"event_name":"Colosseum","floor":19,"gold_loss":0},{"damage_healed":0,"gold_gain":100,"player_choice":"Pray","damage_taken":0,"max_hp_gain":0,"max_hp_loss":0,"event_name":"Golden Shrine","floor":21,"gold_loss":0},{"damage_healed":0,"gold_gain":0,"player_choice":"Simplicity","damage_taken":0,"max_hp_gain":0,"max_hp_loss":0,"event_name":"Back to Basics","floor":31,"gold_loss":0,"cards_upgraded":["Strike_R","Strike_R","Strike_R","Strike_R","Defend_R","Defend_R"]},{"damage_healed":0,"gold_gain":0,"player_choice":"Embrace Madness","damage_taken":9,"max_hp_gain":0,"max_hp_loss":0,"event_name":"Winding Halls","floor":39,"gold_loss":0,"cards_obtained":["Madness","Madness"]}],"is_beta":false,"boss_relics":[{"not_picked":["Calling Bell","Runic Dome"],"picked":"Sozu"},{"not_picked":["Runic Pyramid","Philosopher\u0027s Stone"],"picked":"Velvet Choker"}],"items_purged_floors":[11,20],"is_endless":false,"potions_floor_spawned":[1,5,6,14,16,19,19,22,25,35,38,47],"ascension_level":4}