{"path_per_floor":["M","$","M","?","?","R","M","R","T","R","$","M","$","?","R","B",null,"M","M","?","$","?","R","M","R","T","M","M","?","R","$","R","B",null,"M","?","?","M","M","R","$","M","T","T","M","?","R","M","R"],"character_chosen":"THE_SILENT","items_purchased":["Noxious Fumes","Thinking Ahead","Noxious Fumes","Blur","Caltrops"],"gold_per_floor":[112,34,47,47,222,222,239,239,239,239,46,63,63,138,138,242,242,259,241,241,55,55,55,71,71,71,86,100,100,100,0,0,95,95,107,107,107,117,133,133,61,76,100,125,143,143,143,157,157],"floor_reached":50,"campfire_rested":2,"playtime":5685,"current_hp_per_floor":[70,70,70,70,70,70,70,70,70,70,70,62,62,51,51,44,70,70,69,69,69,69,69,54,54,54,54,30,30,51,51,51,44,70,63,63,63,59,63,63,63,54,54,54,50,40,40,40,61],"items_purged":["Doubt","Strike_G"],"gold":157,"play_id":"89e52338-4291-41df-8753-b916a10cae0b","is_prod":false,"is_daily":false,"campfire_rituals":0,"campfire_upgraded":9,"is_hardmode":false,"path_taken":["M","$","M","?","?","R","?","R","T","R","$","M","?","?","R","BOSS","M","M","?","$","?","R","M","R","T","M","M","?","R","$","R","BOSS","M","?","?","M","M","R","$","M","T","?","M","?","R","M","R","BOSS"],"build_version":"2018-01-18-PROD4","purchased_purges":3,"victory":false,"master_deck":["Defend_G","Defend_G","Defend_G","Defend_G","Strike_G","Strike_G","Strike_G","Survivor","Neutralize","Footwork","Noxious Fumes","Tools of the Trade","Thinking Ahead","Infinite Blades","Cloak And Dagger","Noxious Fumes","Blur","Dagger Spray","Clumsy","Dagger Spray","Bouncing Flask","Noxious Fumes","Adrenaline","Prepared","Prepared","Caltrops","Injury","Doubt","Madness","Madness"],"max_hp_per_floor":[70,70,70,70,70,70,70,70,70,70,70,70,70,70,70,70,70,70,70,70,70,70,70,70,70,70,70,70,70,70,70,70,70,70,70,70,70,70,70,70,70,70,70,70,70,70,70,70,70],"relics":["Ring of the Snake","War Paint","Happy Flower","Cursed Key","Letter Opener","Question Card","Orichalcum","Vajra"],"campfire_meditates":0,"card_choices":[{"not_picked":["Cloak And Dagger","Choke"],"picked":"Footwork"},{"not_picked":["Predator","Calculated Gamble"],"picked":"Tools of the Trade"},{"not_picked":["Terror","Leg Sweep"],"picked":"Infinite Blades"},{"not_picked":["Dodge and Roll","Acrobatics"],"picked":"Cloak And Dagger"},{"not_picked":["Eviscerate","Outmaneuver"],"picked":"Dagger Spray"},{"not_picked":["Outmaneuver","All Out Attack"],"picked":"Dagger Spray"},{"not_picked":["Reflex","Accuracy"],"picked":"Bouncing Flask"},{"not_picked":["Wraith Form","Venomology"],"picked":"Adrenaline"},{"not_picked":["Acrobatics","Underhanded Strike","Slice"],"picked":"Prepared"},{"not_picked":["Dagger Spray","Flechettes","Outmaneuver"],"picked":"Prepared"}],"player_experience":65262,"potions_floor_usage":[16,27,28,33,39,50,50,50],"damage_taken":[{"damage":0,"enemies":"Small Slimes","floor":1,"turns":4},{"damage":0,"enemies":"Blue Slaver","floor":3,"turns":5},{"damage":0,"enemies":"Jaw Worm","floor":7,"turns":6},{"damage":8,"enemies":"3 Louse","floor":12,"turns":3},{"damage":22,"enemies":"The Guardian","floor":16,"turns":12},{"damage":0,"enemies":"Shell Parasite","floor":18,"turns":9},{"damage":1,"enemies":"2 Thieves","floor":19,"turns":4},{"damage":15,"enemies":"Snake Plant","floor":24,"turns":6},{"damage":0,"enemies":"3 Cultists","floor":27,"turns":4},{"damage":24,"enemies":"Slaver and Parasite","floor":28,"turns":5},{"damage":7,"enemies":"Collector","floor":33,"turns":7},{"damage":7,"enemies":"3 Darklings","floor":35,"turns":5},{"damage":4,"enemies":"3 Shapes","floor":38,"turns":5},{"damage":11,"enemies":"Maw","floor":39,"turns":7},{"damage":9,"enemies":"4 Shapes","floor":42,"turns":5},{"damage":4,"enemies":"3 Darklings","floor":45,"turns":5},{"damage":0,"enemies":"Maw","floor":48,"turns":7},{"damage":66,"enemies":"Time Eater","floor":50,"turns":9}],"event_choices":[{"event_name":"Bonfire Elementals","player_choice":"BASIC","floor":4,"damage_taken":0},{"event_name":"Liars Game","player_choice":"agreed","floor":5,"damage_taken":0},{"event_name":"World of Goop","player_choice":"Gather Gold","floor":14,"damage_taken":0},{"event_name":"The Woman in Blue","player_choice":"Bought 0 Potions","floor":20,"damage_taken":0},{"event_name":"Addict","player_choice":"Ignored","floor":22,"damage_taken":0},{"event_name":"Duplicator","player_choice":"One dupe","floor":29,"damage_taken":0},{"event_name":"Accursed Blacksmith","player_choice":"Forge","floor":37,"damage_taken":0},{"event_name":"Winding Halls","player_choice":"Embrace Madness","floor":46,"damage_taken":0}],"boss_relics":[{"not_picked":["Orrery","Tiny House"],"picked":"Cursed Key"},{"not_picked":["White Beast Statue","Velvet Choker"],"picked":"Question Card"}],"potions_floor_spawned":[1,3,16,19,24,27,33,35,45,48],"seed_played":"-3223953042679849567","killed_by":"Time Eater","is_trial":false}