{"path_per_floor":["M","?","M","$","?","R","E","M","T","M","M","M","R","E","R","B",null,"M","$","?","M","M","R","?","R","T","M","$","?","R","M","R","B",null,"M","$","M","M","M","R","M","R","T","M","T","R","?","M","R"],"character_chosen":"THE_SILENT","items_purchased":["Noxious Fumes","Dagger Spray","Flash of Steel","Bane","Prepared","Caltrops"],"gold_per_floor":[109,109,129,6,6,6,36,53,103,113,132,145,145,173,173,271,271,283,62,62,73,92,92,92,92,166,176,27,127,127,138,138,237,237,250,43,56,73,88,88,98,98,151,171,171,171,171,191,191],"floor_reached":50,"campfire_rested":4,"playtime":7568,"current_hp_per_floor":[63,56,56,56,49,49,49,51,51,47,49,51,51,40,58,63,63,46,46,30,31,33,33,33,33,33,41,41,41,41,49,49,58,63,63,63,34,53,13,31,12,30,30,29,29,47,47,53,53],"items_purged":["Strike_G","Bite_G","Acrobatics"],"gold":191,"play_id":"a8bc4cbe-2557-43e7-8cba-a4b806400dd2","is_prod":false,"is_daily":false,"campfire_rituals":0,"campfire_upgraded":7,"is_hardmode":false,"path_taken":["M","?","M","$","?","R","E","M","T","?","M","M","R","E","R","BOSS","M","$","?","?","M","R","?","R","T","M","$","?","R","M","R","BOSS","M","$","M","M","M","R","M","R","T","?","?","R","?","M","R","BOSS"],"build_version":"2018-01-18-PROD4","purchased_purges":3,"victory":false,"master_deck":["Defend_G","Defend_G","Defend_G","Defend_G","Defend_G","Survivor","Neutralize","Flying Knee","Noxious Fumes","Dagger Spray","Footwork","Bouncing Flask","Doppelganger","Underhanded Strike","Bane","After Image","Noxious Fumes","Flash of Steel","Bane","Blade Dance","Bite_G","Bite_G","Bite_G","Bite_G","Infinite Blades","Prepared","Caltrops","Catalyst","Calculated Gamble","Catalyst"],"max_hp_per_floor":[63,63,63,63,63,63,63,63,63,63,63,63,63,63,63,63,63,63,63,63,63,63,63,63,63,63,63,63,63,63,63,63,63,63,63,63,63,63,63,63,63,63,63,63,63,63,63,63,63],"relics":["Ring of the Snake","Thread and Needle","Oddly Smooth Stone","Anchor","Torii","White Beast Statue","Enchiridion","Bottled Lightning","Runic Pyramid","Pen Nib","Ice Cream"],"campfire_meditates":0,"card_choices":[{"not_picked":["Sucker Punch","Dodge and Roll"],"picked":"Flying Knee"},{"not_picked":["Flying Knee","Dagger Throw"],"picked":"Acrobatics"},{"not_picked":["Acrobatics","All Out Attack"],"picked":"Footwork"},{"not_picked":["Dagger Spray","Outmaneuver"],"picked":"Bouncing Flask"},{"not_picked":["Bane","Backflip"],"picked":"Doppelganger"},{"not_picked":["Terror","Riddle With Holes"],"picked":"Underhanded Strike"},{"not_picked":["Outmaneuver","Heel Hook"],"picked":"Bane"},{"not_picked":["Venomology","Die Die Die"],"picked":"After Image"},{"not_picked":["Caltrops","Sucker Punch"],"picked":"Noxious Fumes"},{"not_picked":["Quick Slash","Dagger Spray"],"picked":"Blade Dance"},{"not_picked":["Outmaneuver","Dodge and Roll"],"picked":"Infinite Blades"},{"not_picked":["Slice","Poisoned Stab"],"picked":"Catalyst"},{"not_picked":["Terror","Distraction"],"picked":"Calculated Gamble"},{"not_picked":["Poisoned Stab","Noxious Fumes"],"picked":"Catalyst"}],"player_experience":101818,"potions_floor_usage":[12,14,16,22,27,31,33,33,37,38,39,41,41,48,50,50],"damage_taken":[{"damage":0,"enemies":"Jaw Worm","floor":1,"turns":7},{"damage":0,"enemies":"Cultist","floor":3,"turns":4},{"damage":0,"enemies":"3 Sentries","floor":7,"turns":6},{"damage":0,"enemies":"Small Slimes","floor":8,"turns":3},{"damage":6,"enemies":"Exordium Wildlife","floor":10,"turns":4},{"damage":0,"enemies":"Looter","floor":11,"turns":3},{"damage":0,"enemies":"Exordium Thugs","floor":12,"turns":3},{"damage":13,"enemies":"Lagavulin","floor":14,"turns":5},{"damage":1,"enemies":"The Guardian","floor":16,"turns":9},{"damage":17,"enemies":"2 Thieves","floor":18,"turns":4},{"damage":1,"enemies":"Shell Parasite","floor":21,"turns":5},{"damage":0,"enemies":"Centurion and Healer","floor":22,"turns":6},{"damage":0,"enemies":"Chosen and Byrds","floor":27,"turns":5},{"damage":0,"enemies":"Snake Plant","floor":31,"turns":4},{"damage":11,"enemies":"Collector","floor":33,"turns":10},{"damage":0,"enemies":"3 Darklings","floor":35,"turns":6},{"damage":33,"enemies":"3 Shapes","floor":37,"turns":6},{"damage":0,"enemies":"3 Darklings","floor":38,"turns":7},{"damage":46,"enemies":"4 Shapes","floor":39,"turns":5},{"damage":31,"enemies":"Sphere and 2 Shapes","floor":41,"turns":9},{"damage":9,"enemies":"3 Darklings","floor":44,"turns":5},{"damage":0,"enemies":"4 Shapes","floor":48,"turns":4},{"damage":68,"enemies":"Time Eater","floor":50,"turns":9}],"event_choices":[{"event_name":"Golden Wing","player_choice":"Card Removal","floor":2,"damage_taken":0},{"event_name":"Scrap Ooze","player_choice":"success","floor":5,"damage_taken":7},{"event_name":"Cursed Tome","player_choice":"Obtained Book","floor":20,"damage_taken":0},{"event_name":"Vampires","player_choice":"Became a vampire (Vial)","floor":24,"damage_taken":0},{"event_name":"Golden Shrine","player_choice":"Pray","floor":29,"damage_taken":0},{"event_name":"Mysterious Sphere","player_choice":"Ignore","floor":47,"damage_taken":0}],"boss_relics":[{"not_picked":["Lizard Tail","Sozu"],"picked":"White Beast Statue"},{"not_picked":["Runic Dome","Velvet Choker"],"picked":"Runic Pyramid"}],"potions_floor_spawned":[3,7,14,16,18,21,22,27,31,33,35,37,38,39,41,44,48],"seed_played":"4943524843490383979","killed_by":"Time Eater","is_trial":false}