{"path_per_floor":["M","?","$","?","M","R","T","E","T","M","M","R","E","M","R","B",null,"M","?","M","M","?","R","M","E","T","E","$","M","$","M","R","B",null,"M","$","M","M","M","E","R","M","T","M","R","$","?","M","R","B"],"character_chosen":"THE_SILENT","items_purchased":["Footwork","Oddly Smooth Stone","Malaise","Jack Of All Trades","Noxious Fumes","Noxious Fumes"],"gold_per_floor":[112,287,64,64,76,76,101,131,131,141,161,161,187,204,204,307,307,323,238,258,269,269,269,283,313,358,387,147,165,87,104,104,206,206,223,48,61,71,87,116,116,128,128,144,144,19,19,37,37,37],"floor_reached":51,"campfire_rested":1,"playtime":6588,"current_hp_per_floor":[70,70,70,75,75,75,75,65,65,65,63,63,43,43,43,31,75,69,69,53,53,44,68,68,48,48,48,48,43,43,53,53,17,80,76,76,69,50,45,51,51,53,53,55,55,55,55,57,57,63],"items_purged":["Strike_G","Doubt","Decay"],"gold":37,"play_id":"29e759f4-a944-4c07-aa0c-1a64eeabcfb9","is_prod":false,"is_daily":false,"campfire_rituals":0,"campfire_upgraded":7,"is_hardmode":false,"path_taken":["M","?","$","?","M","R","?","E","T","M","M","R","E","M","R","BOSS","M","?","M","?","?","R","?","E","T","E","$","M","$","M","R","BOSS","M","$","M","M","M","E","R","M","T","M","R","$","?","M","R","BOSS"],"build_version":"2018-01-18-PROD4","purchased_purges":3,"victory":true,"master_deck":["Defend_G","Defend_G","Defend_G","Defend_G","Defend_G","Strike_G","Strike_G","Strike_G","Strike_G","Survivor","Neutralize","Dagger Spray","Footwork","Bouncing Flask","Blur","Escape Plan","Acrobatics","Backflip","Poisoned Stab","Adrenaline","Acrobatics","Deflect","Outmaneuver","Malaise","Quick Slash","Blur","Malaise","Jack Of All Trades","Catalyst","Noxious Fumes","Catalyst","Noxious Fumes","Blur","Burst"],"max_hp_per_floor":[70,70,70,75,75,75,75,75,75,75,75,75,75,75,75,75,75,75,75,75,75,80,80,80,80,80,80,80,80,80,80,80,80,80,80,80,80,80,80,80,80,80,80,80,80,80,80,80,80,80],"relics":["Ring of the Snake","Ancient Tea Set","Oddly Smooth Stone","Snake Skull","Dream Catcher","Pen Nib","Mercury Hourglass","The Specimen","War Paint","Juzu Bracelet","Regal Pillow","Blood Vial","Cursed Key","Du-Vu Doll","Meat on the Bone"],"campfire_meditates":0,"card_choices":[{"not_picked":["Bullet Time","Dagger Throw"],"picked":"Dagger Spray"},{"not_picked":["Poisoned Stab","Dagger Throw"],"picked":"Bouncing Flask"},{"not_picked":["Phantasmal Killer","Acrobatics"],"picked":"Blur"},{"not_picked":["Deadly Poison","Dagger Spray"],"picked":"Escape Plan"},{"not_picked":["Dagger Spray","Deadly Poison"],"picked":"Acrobatics"},{"not_picked":["Underhanded Strike","Setup"],"picked":"Backflip"},{"not_picked":["Slice","PiercingWail"],"picked":"Poisoned Stab"},{"not_picked":["Die Die Die","Storm of Steel"],"picked":"Adrenaline"},{"not_picked":["Deadly Poison","Bane"],"picked":"Acrobatics"},{"not_picked":["Dagger Spray","PiercingWail"],"picked":"Deflect"},{"not_picked":["Dodge and Roll","Bane"],"picked":"Outmaneuver"},{"not_picked":["Prepared","Deflect"],"picked":"Malaise"},{"not_picked":["Underhanded Strike","Bane"],"picked":"Quick Slash"},{"not_picked":["Cloak And Dagger","Calculated Gamble"],"picked":"Blur"},{"not_picked":["Backflip","Acrobatics"],"picked":"Catalyst"},{"not_picked":["Predator","Flechettes"],"picked":"Catalyst"},{"not_picked":["Finisher","Terror"],"picked":"Blur"},{"not_picked":["Masterful Stab","Sucker Punch"],"picked":"Burst"}],"player_experience":163139,"potions_floor_usage":[8,16,25,25,31,31,33,37,40,50,50],"damage_taken":[{"damage":0,"enemies":"Cultist","floor":1,"turns":4},{"damage":0,"enemies":"Small Slimes","floor":5,"turns":3},{"damage":10,"enemies":"3 Sentries","floor":8,"turns":7},{"damage":0,"enemies":"Jaw Worm","floor":10,"turns":4},{"damage":2,"enemies":"Large Slime","floor":11,"turns":7},{"damage":20,"enemies":"Gremlin Nob","floor":13,"turns":5},{"damage":0,"enemies":"3 Louse","floor":14,"turns":3},{"damage":12,"enemies":"The Guardian","floor":16,"turns":9},{"damage":6,"enemies":"Shell Parasite","floor":18,"turns":5},{"damage":16,"enemies":"Spheric Guardian","floor":20,"turns":4},{"damage":0,"enemies":"Snecko","floor":21,"turns":5},{"damage":0,"enemies":"3 Cultists","floor":24,"turns":5},{"damage":20,"enemies":"Slavers","floor":25,"turns":7},{"damage":0,"enemies":"Book of Stabbing","floor":27,"turns":7},{"damage":7,"enemies":"Centurion and Healer","floor":29,"turns":9},{"damage":7,"enemies":"Snecko","floor":31,"turns":6},{"damage":38,"enemies":"Champ","floor":33,"turns":12},{"damage":4,"enemies":"3 Darklings","floor":35,"turns":6},{"damage":9,"enemies":"3 Shapes","floor":37,"turns":4},{"damage":25,"enemies":"Sphere and 2 Shapes","floor":38,"turns":5},{"damage":7,"enemies":"Maw","floor":39,"turns":5},{"damage":0,"enemies":"Giant Head","floor":40,"turns":7},{"damage":0,"enemies":"3 Darklings","floor":42,"turns":5},{"damage":0,"enemies":"4 Shapes","floor":44,"turns":5},{"damage":0,"enemies":"Maw","floor":48,"turns":7},{"damage":0,"enemies":"Donu and Deca","floor":50,"turns":8}],"event_choices":[{"event_name":"Liars Game","player_choice":"agreed","floor":2,"damage_taken":0},{"event_name":"Big Fish","player_choice":"Donut","floor":4,"damage_taken":0},{"event_name":"Addict","player_choice":"Obtained Relic","floor":19,"damage_taken":0},{"event_name":"Forgotten Altar","player_choice":"Shed Blood","floor":22,"damage_taken":0},{"event_name":"Accursed Blacksmith","player_choice":"Forge","floor":47,"damage_taken":0}],"boss_relics":[{"not_picked":["Eternal Feather","Question Card"],"picked":"The Specimen"},{"not_picked":["White Beast Statue","Astrolabe"],"picked":"Cursed Key"}],"potions_floor_spawned":[1,5,10,18,20,25,29,33,35,38,42],"seed_played":"5037832091447823728","is_trial":false}