{"gold_per_floor":[112,125,72,83,9,28,28,42,68,79,5,22,49,66,66,66],"floor_reached":16,"playtime":454,"items_purged":[],"score":106,"play_id":"602e6694-e068-4310-9265-8ab952805b7b","local_time":"20180721075837","is_ascension_mode":false,"campfire_choices":[{"data":"Armaments","floor":7,"key":"SMITH"},{"data":"Inflame","floor":15,"key":"SMITH"}],"neow_cost":"NONE","seed_source_timestamp":348642634917907,"circlet_count":0,"master_deck":["Strike_R","Strike_R","Strike_R","Strike_R","Strike_R","Defend_R","Defend_R","Defend_R","Defend_R","Bash","Fiend Fire","Inflame+1","Armaments+1","Sword Boomerang","Spot Weakness","Ghostly Armor","Shrug It Off","Sword Boomerang","Sword Boomerang","Twin Strike"],"relics":["Burning Blood","Ancient Tea Set","Strawberry"],"potions_floor_usage":[16,16,16],"damage_taken":[{"damage":6,"enemies":"Cultist","floor":1,"turns":3},{"damage":12,"enemies":"Small Slimes","floor":2,"turns":3},{"damage":1,"enemies":"Jaw Worm","floor":4,"turns":4},{"damage":23,"enemies":"Large Slime","floor":6,"turns":7},{"damage":30,"enemies":"Exordium Thugs","floor":8,"turns":6},{"damage":14,"enemies":"2 Fungi Beasts","floor":10,"turns":3},{"damage":1,"enemies":"3 Louse","floor":12,"turns":4},{"damage":6,"enemies":"3 Sentries","floor":13,"turns":5},{"damage":13,"enemies":"Exordium Wildlife","floor":14,"turns":3},{"damage":41,"enemies":"The Guardian","floor":16,"turns":8}],"seed_played":"5886323819692228683","potions_obtained":[{"floor":1,"key":"LiquidBronze"},{"floor":2,"key":"Fire Potion"},{"floor":13,"key":"SpeedPotion"}],"is_trial":false,"path_per_floor":["M","M","$","M","$","M","R","M","T","M","$","M","E","M","R"],"character_chosen":"IRONCLAD","items_purchased":["Sword Boomerang","Ghostly Armor","Shrug It Off","Sword Boomerang"],"campfire_rested":0,"item_purchase_floors":[3,5,11,11],"current_hp_per_floor":[80,74,74,79,79,62,62,38,38,30,30,35,42,35,35,0],"gold":66,"neow_bonus":"ONE_RANDOM_RARE_CARD","is_prod":false,"is_daily":false,"chose_seed":false,"campfire_upgraded":2,"win_rate":0,"timestamp":1532149117,"path_taken":["M","M","$","M","?","M","R","M","T","M","$","M","E","M","R","BOSS"],"build_version":"2018-07-19v2","purchased_purges":0,"victory":false,"max_hp_per_floor":[80,80,80,80,80,80,80,80,80,80,80,80,87,87,87,87],"card_choices":[{"not_picked":["Armaments","Intimidate"],"picked":"Inflame","floor":1},{"not_picked":["True Grit","Hemokinesis"],"picked":"Armaments","floor":2},{"not_picked":["Clash","Flex"],"picked":"Spot Weakness","floor":4},{"not_picked":["Shockwave","Hemokinesis","Rampage"],"picked":"SKIP","floor":6},{"not_picked":["Metallicize","True Grit","Thunderclap"],"picked":"SKIP","floor":8},{"not_picked":["Shockwave","Second Wind","Uppercut"],"picked":"SKIP","floor":10},{"not_picked":["Havoc","Clash"],"picked":"Sword Boomerang","floor":12},{"not_picked":["Whirlwind","Shockwave"],"picked":"Twin Strike","floor":13},{"not_picked":["Headbutt","Clothesline","Flex"],"picked":"SKIP","floor":14}],"player_experience":210107,"relics_obtained":[{"floor":9,"key":"Ancient Tea Set"},{"floor":13,"key":"Strawberry"}],"event_choices":[],"is_beta":false,"boss_relics":[],"items_purged_floors":[],"is_endless":false,"potions_floor_spawned":[1,2,13],"killed_by":"The Guardian","ascension_level":0}