{"gold_per_floor":[219,181,197,197,214,239,257,257,284,301,301,301,311,340,340,439,439,458,458,458,408,426,426],"floor_reached":23,"playtime":621,"items_purged":["Strike_R"],"score":201,"play_id":"559211d1-3a3e-4dd6-8b60-d06d229fe3a1","local_time":"20190724193647","is_ascension_mode":false,"campfire_choices":[{"data":"Heavy Blade","floor":8,"key":"SMITH"},{"data":"Heavy Blade","floor":12,"key":"SMITH"},{"data":"Demon Form","floor":15,"key":"SMITH"}],"neow_cost":"NONE","seed_source_timestamp":93866817737600,"circlet_count":0,"master_deck":["Strike_R","Strike_R","Strike_R","Strike_R","Defend_R+1","Defend_R","Defend_R","Defend_R+1","Bash","Flame Barrier","Inflame","Heavy Blade+1","Heavy Blade+1","Inflame","Reaper","Demon Form+1"],"relics":["Burning Blood","Smiling Mask","Strawberry","War Paint","Runic Cube"],"potions_floor_usage":[6,16,22,23],"damage_taken":[{"damage":6,"enemies":"Cultist","floor":1,"turns":3},{"damage":6,"enemies":"2 Louse","floor":3,"turns":3},{"damage":0,"enemies":"Jaw Worm","floor":5,"turns":3},{"damage":24,"enemies":"Lagavulin","floor":6,"turns":6},{"damage":9,"enemies":"2 Fungi Beasts","floor":7,"turns":4},{"damage":15,"enemies":"Exordium Wildlife","floor":10,"turns":8},{"damage":10,"enemies":"Looter","floor":13,"turns":3},{"damage":35,"enemies":"3 Sentries","floor":14,"turns":9},{"damage":39,"enemies":"The Guardian","floor":16,"turns":10},{"damage":12,"enemies":"3 Byrds","floor":18,"turns":5},{"damage":21,"enemies":"Spheric Guardian","floor":22,"turns":6},{"damage":78,"enemies":"Slavers","floor":23,"turns":4}],"seed_played":"-2470169163761152761","potions_obtained":[{"floor":1,"key":"Dexterity Potion"},{"floor":5,"key":"Poison Potion"},{"floor":13,"key":"PowerPotion"},{"floor":16,"key":"Block Potion"}],"is_trial":false,"path_per_floor":["M","$","M","?","M","E","M","R","T","M","?","R","M","E","R","B",null,"M","?","?","$","M","E"],"character_chosen":"IRONCLAD","items_purchased":["Flame Barrier"],"campfire_rested":0,"item_purchase_floors":[2],"current_hp_per_floor":[80,80,80,80,80,62,59,59,66,57,57,57,61,44,44,19,87,81,64,64,64,49,0],"gold":426,"neow_bonus":"HUNDRED_GOLD","is_prod":false,"is_daily":false,"chose_seed":false,"campfire_upgraded":3,"win_rate":0,"timestamp":1563986207,"path_taken":["M","$","M","?","?","E","M","R","T","M","?","R","M","E","R","BOSS","M","?","?","?","M","E"],"build_version":"2019-07-17","purchased_purges":1,"victory":false,"max_hp_per_floor":[80,80,80,80,80,80,80,80,87,87,87,87,87,87,87,87,87,87,92,92,92,92,92],"card_choices":[{"not_picked":["Entrench","Armaments","Cleave"],"picked":"SKIP","floor":1},{"not_picked":["True Grit","Seeing Red"],"picked":"Inflame","floor":3},{"not_picked":["Flame Barrier","Whirlwind"],"picked":"Heavy Blade","floor":5},{"not_picked":["Feed","Headbutt","Flex"],"picked":"SKIP","floor":6},{"not_picked":["Uppercut","Flex","Body Slam"],"picked":"SKIP","floor":7},{"not_picked":["Twin Strike","Body Slam"],"picked":"Heavy Blade","floor":10},{"not_picked":["Havoc","Sever Soul","Heavy Blade"],"picked":"SKIP","floor":13},{"not_picked":["Twin Strike","Warcry"],"picked":"Demon Form","floor":14},{"not_picked":["Warcry","Shrug It Off","Heavy Blade"],"picked":"SKIP","floor":18},{"not_picked":["Clash+1","Cleave","Armaments+1"],"picked":"SKIP","floor":22}],"player_experience":762553,"relics_obtained":[{"floor":6,"key":"Smiling Mask"},{"floor":9,"key":"Strawberry"},{"floor":14,"key":"War Paint"}],"event_choices":[{"damage_healed":0,"gold_gain":0,"player_choice":"Ignored","damage_taken":0,"max_hp_gain":0,"max_hp_loss":0,"event_name":"Transmorgrifier","floor":4,"gold_loss":0},{"damage_healed":0,"gold_gain":0,"player_choice":"2 cards matched","damage_taken":0,"max_hp_gain":0,"max_hp_loss":0,"event_name":"Match and Keep!","floor":11,"gold_loss":0,"cards_obtained":["Inflame","Reaper"]},{"damage_healed":0,"gold_gain":0,"player_choice":"Shed Blood","damage_taken":22,"max_hp_gain":5,"max_hp_loss":0,"event_name":"Forgotten Altar","floor":19,"gold_loss":0}],"is_beta":false,"boss_relics":[{"not_picked":["Pandora\u0027s Box","Astrolabe"],"picked":"Runic Cube"}],"items_purged_floors":[21],"is_endless":false,"potions_floor_spawned":[1,5,13,16],"killed_by":"Slavers","ascension_level":0}