{"path_per_floor":["M","M","M","$","M","R","?","R","T","M","M","?","R","E","R","B",null,"M","$","M","?","$","R","M","M","T","R","M","?","M","M","R","B",null,"M","$","?","$","M","E","R","M","T","M","M","$","R","M","R","B"],"character_chosen":"DEFECT","items_purchased":["Toxic Egg 2","Panacea","Defragment","Loop","Defragment","Seek+1","Letter Opener"],"gold_per_floor":[365,385,395,53,67,67,67,67,67,80,98,98,98,130,130,232,232,243,206,218,218,143,143,159,178,178,178,190,190,201,218,218,317,317,335,260,260,104,124,158,158,171,221,231,246,1,1,20,20,20],"floor_reached":51,"campfire_rested":2,"playtime":1808,"item_purchase_floors":[],"current_hp_per_floor":[75,74,71,71,57,57,75,75,75,61,57,57,57,49,49,53,75,72,72,50,50,50,50,50,47,47,47,50,50,58,58,63,35,80,80,80,80,80,54,48,48,45,45,28,28,28,52,52,76,18],"items_purged":[],"gold":20,"score":708,"play_id":"7f968f75-e661-45ba-9275-ac9afb986685","local_time":"20180610015358","is_prod":false,"is_daily":false,"chose_seed":false,"is_ascension_mode":false,"campfire_upgraded":8,"win_rate":0.0,"timestamp":1528584838,"campfire_choices":[{"data":"Defragment","floor":6.0,"key":"SMITH"},{"data":"Zap","floor":8.0,"key":"SMITH"},{"data":"Dualcast","floor":13.0,"key":"SMITH"},{"data":"Capacitor","floor":15.0,"key":"SMITH"},{"data":"Defragment","floor":23.0,"key":"SMITH"},{"data":"Self Repair","floor":27.0,"key":"SMITH"},{"data":"Loop","floor":32.0,"key":"SMITH"},{"data":"Defragment","floor":41,"key":"SMITH"},{"floor":47,"key":"REST"},{"floor":49,"key":"REST"}],"path_taken":["M","M","M","$","M","R","?","R","T","M","M","?","R","E","R","BOSS","M","$","M","?","$","R","M","M","T","R","?","?","M","M","R","BOSS","M","$","?","$","M","E","R","M","T","M","M","$","R","M","R","BOSS"],"build_version":"2018-06-07v3","seed_source_timestamp":690943728651922,"purchased_purges":0,"victory":true,"master_deck":["Strike_B","Strike_B","Strike_B","Strike_B","Defend_B","Defend_B","Defend_B","Defend_B","Zap+1","Dualcast+1","Steam","Defragment+1","Self Repair+1","Panacea+1","Capacitor+1","Electrodynamics+1","Stack+1","Buffer","Electrodynamics","Defragment+1","Redo+1","Loop+1","Leap+1","Loop+1","Injury","BootSequence+1","Stack+1","Stack+1","Machine Learning","Defragment+1","Seek+1","Tempest+1","Skim+1","Doubt","Reprogram+1","Static Discharge","Conserve Battery+1"],"max_hp_per_floor":[75,75,75,75,75,75,75,75,75,75,75,75,75,75,75,75,75,75,75,75,75,75,75,75,75,75,75,75,75,75,75,80,80,80,80,80,80,80,80,80,80,80,80,80,80,80,80,80,80,80],"relics":["Cracked Core","Toxic Egg 2","Gambling Chip","Cursed Key","Dodecahedron","Busted Crown","Bottled Flame","Dream Catcher","Letter Opener"],"card_choices":[{"not_picked":["Sweeping Beam","Compile Driver"],"picked":"Steam","floor":1.0},{"not_picked":["Hologram","Stack"],"picked":"Defragment","floor":2.0},{"not_picked":["Coolheaded","Stack"],"picked":"Self Repair","floor":3.0},{"not_picked":["Compile Driver","Steam+1"],"picked":"Capacitor","floor":5.0},{"not_picked":["Coolheaded+1","Rip and Tear"],"picked":"Electrodynamics","floor":10.0},{"not_picked":["Hologram+1","Sweeping Beam"],"picked":"Stack+1","floor":11.0},{"not_picked":["Sweeping Beam","Steam Power+1"],"picked":"Buffer","floor":14.0},{"not_picked":["Creative AI","Multi-Cast+1"],"picked":"Electrodynamics","floor":16.0},{"not_picked":["White Noise+1","Chaos+1"],"picked":"Ball Lightning+1","floor":18.0},{"not_picked":["Darkness+1","Coolheaded+1"],"picked":"Redo+1","floor":20.0},{"not_picked":["Darkness+1","Steam+1"],"picked":"Leap+1","floor":24.0},{"not_picked":["Sweeping Beam","Barrage"],"picked":"Loop+1","floor":25.0},{"not_picked":["Redo+1","Cold Snap"],"picked":"BootSequence+1","floor":28.0},{"not_picked":["Hologram+1","Genetic Algorithm+1"],"picked":"Stack+1","floor":30.0},{"not_picked":["Skim+1","Go for the Eyes"],"picked":"Stack+1","floor":31.0},{"not_picked":["Fission+1","Rainbow+1"],"picked":"Machine Learning","floor":33.0},{"not_picked":["Barrage"],"picked":"SKIP","floor":35.0},{"not_picked":[],"picked":"Tempest+1","floor":39},{"not_picked":["Gash"],"picked":"SKIP","floor":40},{"not_picked":[],"picked":"Skim+1","floor":42},{"not_picked":["Cold Snap+1"],"picked":"SKIP","floor":44},{"not_picked":[],"picked":"Reprogram+1","floor":45},{"not_picked":[],"picked":"Static Discharge","floor":48},{"not_picked":[],"picked":"Conserve Battery+1","floor":49}],"player_experience":104291,"potions_floor_usage":[44,50],"damage_taken":[{"damage":0.0,"enemies":"2 Louse","floor":1.0,"turns":2.0},{"damage":1.0,"enemies":"Small Slimes","floor":2.0,"turns":4.0},{"damage":3.0,"enemies":"Jaw Worm","floor":3.0,"turns":4.0},{"damage":21.0,"enemies":"Exordium Thugs","floor":5.0,"turns":4.0},{"damage":21.0,"enemies":"3 Louse","floor":10.0,"turns":4.0},{"damage":11.0,"enemies":"Red Slaver","floor":11.0,"turns":4.0},{"damage":8.0,"enemies":"3 Sentries","floor":14.0,"turns":2.0},{"damage":3.0,"enemies":"The Guardian","floor":16.0,"turns":10.0},{"damage":10.0,"enemies":"3 Byrds","floor":18.0,"turns":3.0},{"damage":29.0,"enemies":"Shell Parasite","floor":20.0,"turns":5.0},{"damage":0.0,"enemies":"Snake Plant","floor":24.0,"turns":3.0},{"damage":10.0,"enemies":"Cultist and Chosen","floor":25.0,"turns":4.0},{"damage":7.0,"enemies":"3 Cultists","floor":28.0,"turns":3.0},{"damage":2.0,"enemies":"Snake Plant","floor":30.0,"turns":4.0},{"damage":0.0,"enemies":"Cultist and Chosen","floor":31.0,"turns":4.0},{"damage":38.0,"enemies":"Automaton","floor":33.0,"turns":8.0},{"damage":7.0,"enemies":"Orb Walker","floor":35.0,"turns":3.0},{"damage":26,"enemies":"3 Darklings","floor":39,"turns":3},{"damage":16,"enemies":"2 Orb Walkers","floor":40,"turns":3},{"damage":3,"enemies":"4 Shapes","floor":42,"turns":2},{"damage":27,"enemies":"Maw","floor":44,"turns":6},{"damage":0,"enemies":"Sphere and 2 Shapes","floor":45,"turns":3},{"damage":0,"enemies":"4 Shapes","floor":48,"turns":2},{"damage":58,"enemies":"Donu and Deca","floor":50,"turns":6}],"relics_obtained":[{"floor":14.0,"key":"Gambling Chip"},{"floor":26.0,"key":"Dodecahedron"},{"floor":40,"key":"Bottled Flame"},{"floor":43,"key":"Dream Catcher"}],"event_choices":[{"event_name":"Big Fish","player_choice":"Banana","floor":7.0,"damage_taken":0.0},{"event_name":"Living Wall","player_choice":"Grow","floor":12.0,"damage_taken":0.0},{"event_name":"Fountain of Cleansing","player_choice":"Removed Curse","floor":21.0,"damage_taken":0.0},{"event_name":"The Lab","player_choice":"Got Potions","floor":29.0,"damage_taken":0.0},{"event_name":"Falling","player_choice":"Removed Attack","floor":37.0,"damage_taken":0.0}],"boss_relics":[{"not_picked":["Lizard Tail","Calling Bell"],"picked":"Cursed Key"},{"not_picked":["Runic Dome","Snecko Eye"],"picked":"Busted Crown"}],"items_purged_floors":[],"potions_floor_spawned":[1,5,14,16,25,28,31,40,44,45],"seed_played":"-4569230585091908665","ascension_level":0,"potions_obtained":[{"floor":1.0,"key":"FocusPotion"},{"floor":5.0,"key":"Swift Potion"},{"floor":14.0,"key":"Block Potion"},{"floor":25.0,"key":"AttackPotion"},{"floor":28.0,"key":"AttackPotion"},{"floor":29.0,"key":"FairyPotion"},{"floor":29.0,"key":"Fruit Juice"},{"floor":40,"key":"Block Potion"},{"floor":44,"key":"AttackPotion"}],"is_trial":false}