{"gold_per_floor":[110,126,126,51,51,79,90,90,90,115,127,137,137,170,170,266,266,278,178,190,33,44,69,69,85,163,163,78,78,104,104,104,206,206,219,219,229,229,241,241,241],"floor_reached":41,"playtime":14017,"items_purged":["Strike_R","Strike_R"],"score":618,"play_id":"53f5487f-71a5-4a78-a04b-a35b073a3eee","local_time":"20190727055855","is_ascension_mode":true,"campfire_choices":[{"data":"Corruption","floor":13.0,"key":"SMITH"},{"data":"Strike_R","floor":15.0,"key":"PURGE"},{"floor":24.0,"key":"REST"},{"data":"Strike_R","floor":27,"key":"PURGE"},{"data":"Forethought","floor":29,"key":"SMITH"},{"data":"Ghostly","floor":32,"key":"SMITH"},{"data":"Dual Wield","floor":40,"key":"SMITH"}],"neow_cost":"PERCENT_DAMAGE","seed_source_timestamp":55912592937149,"circlet_count":0,"master_deck":["Defend_R","Defend_R","Defend_R","Defend_R","Bash","Forethought+1","Discovery","Corruption+1","Clothesline","Reaper","Uppercut","Armaments+1","Sentinel","Clothesline","Offering","Headbutt","Dual Wield+1","Impervious","Ghostly+1","Ghostly","Ghostly","Ghostly","Ghostly","Impervious","Madness","Madness"],"special_seed":0,"relics":["Burning Blood","FossilizedHelix","Frozen Egg 2","Bottled Tornado","Peace Pipe","Sozu","Strawberry","Art of War","Paper Frog","Potion Belt","Calipers","Busted Crown"],"potions_floor_usage":[33],"damage_taken":[{"damage":12.0,"enemies":"Jaw Worm","floor":1.0,"turns":3.0},{"damage":4.0,"enemies":"2 Louse","floor":2.0,"turns":3.0},{"damage":24.0,"enemies":"Gremlin Nob","floor":6.0,"turns":4.0},{"damage":0.0,"enemies":"Cultist","floor":7.0,"turns":4.0},{"damage":0.0,"enemies":"Lagavulin","floor":10.0,"turns":5.0},{"damage":0.0,"enemies":"2 Fungi Beasts","floor":11.0,"turns":5.0},{"damage":0.0,"enemies":"Large Slime","floor":12.0,"turns":3.0},{"damage":42.0,"enemies":"Gremlin Nob","floor":14.0,"turns":5.0},{"damage":67.0,"enemies":"Hexaghost","floor":16.0,"turns":13.0},{"damage":10.0,"enemies":"Chosen","floor":18.0,"turns":3.0},{"damage":10.0,"enemies":"Shell Parasite","floor":20.0,"turns":4.0},{"damage":24.0,"enemies":"Centurion and Healer","floor":22.0,"turns":6.0},{"damage":52.0,"enemies":"Gremlin Leader","floor":23.0,"turns":8.0},{"damage":20,"enemies":"Snake Plant","floor":25,"turns":3},{"damage":19,"enemies":"Slavers","floor":30,"turns":4},{"damage":42,"enemies":"Collector","floor":33,"turns":11},{"damage":9,"enemies":"3 Shapes","floor":35,"turns":6},{"damage":4,"enemies":"3 Darklings","floor":37,"turns":8},{"damage":0,"enemies":"4 Shapes","floor":39,"turns":10},{"damage":50,"enemies":"Sphere and 2 Shapes","floor":41,"turns":7}],"seed_played":"-8398185842991238067","potions_obtained":[{"floor":1.0,"key":"BloodPotion"},{"floor":7.0,"key":"Poison Potion"},{"floor":11.0,"key":"Fruit Juice"},{"floor":12.0,"key":"Fire Potion"}],"is_trial":false,"path_per_floor":["M","M","?","$","?","E","M","?","T","E","M","M","R","E","R","B",null,"M","$","M","$","M","E","R","M","T","R","?","R","E","?","R","B",null,"M","$","M","?","M","R","M"],"character_chosen":"IRONCLAD","items_purchased":["Strawberry"],"campfire_rested":1,"item_purchase_floors":[21],"current_hp_per_floor":[50,52,52,52,57,39,45,45,45,70,83,90,90,54,54,15,71,74,74,75,82,65,35,64,70,70,70,70,70,57,48,48,12,39,48,48,48,42,48,48,0],"gold":241,"neow_bonus":"RANDOM_COLORLESS_2","is_prod":false,"is_daily":false,"chose_seed":false,"campfire_upgraded":4,"win_rate":0,"timestamp":1564225135,"path_taken":["M","M","?","$","?","E","M","?","T","E","M","M","R","E","R","BOSS","M","?","M","$","M","E","R","M","T","R","?","R","E","?","R","BOSS","M","$","M","?","M","R","M"],"build_version":"2019-07-17","purchased_purges":2,"victory":false,"max_hp_per_floor":[80,80,80,80,85,85,85,85,85,85,85,90,90,90,90,90,90,90,90,90,97,97,97,97,97,97,97,97,97,97,48,48,48,48,48,48,48,48,48,48,48],"card_choices":[{"not_picked":["Evolve","Pommel Strike"],"picked":"Corruption","floor":1.0},{"not_picked":["Havoc","Flex"],"picked":"Clothesline","floor":2.0},{"not_picked":["Flame Barrier","Burning Pact"],"picked":"Uppercut","floor":6.0},{"not_picked":["Corruption","Hemokinesis"],"picked":"Armaments","floor":7.0},{"not_picked":["Clothesline","Anger"],"picked":"Sentinel","floor":10.0},{"not_picked":["Cleave","Headbutt","Perfected Strike"],"picked":"SKIP","floor":11.0},{"not_picked":["Perfected Strike","Searing Blow","Hemokinesis"],"picked":"SKIP","floor":12.0},{"not_picked":["Intimidate","Heavy Blade"],"picked":"Clothesline","floor":14.0},{"not_picked":["Juggernaut+1","Reaper"],"picked":"Offering","floor":16.0},{"not_picked":["Dual Wield","Wild Strike+1"],"picked":"Headbutt","floor":18.0},{"not_picked":["Inflame+1","Flex","Disarm+1"],"picked":"SKIP","floor":20.0},{"not_picked":["Infernal Blade","Sentinel"],"picked":"Dual Wield","floor":22.0},{"not_picked":["Searing Blow","Sword Boomerang","Fire Breathing+1"],"picked":"SKIP","floor":23.0},{"not_picked":["Cleave","Flex","Rage"],"picked":"SKIP","floor":25},{"not_picked":["Infernal Blade","Heavy Blade+1"],"picked":"Impervious","floor":30},{"not_picked":["Brutality+1","Juggernaut+1"],"picked":"Impervious","floor":33},{"not_picked":["Sword Boomerang+1"],"picked":"SKIP","floor":35},{"not_picked":["Ghostly Armor"],"picked":"SKIP","floor":37},{"not_picked":["Heavy Blade+1"],"picked":"SKIP","floor":39}],"player_experience":686313,"relics_obtained":[{"floor":6.0,"key":"FossilizedHelix"},{"floor":9.0,"key":"Frozen Egg 2"},{"floor":10.0,"key":"Bottled Tornado"},{"floor":14.0,"key":"Peace Pipe"},{"floor":23.0,"key":"Art of War"},{"floor":26,"key":"Paper Frog"},{"floor":30,"key":"Calipers"}],"event_choices":[{"damage_healed":0.0,"max_hp_gain":0.0,"max_hp_loss":0.0,"gold_gain":0.0,"cards_transformed":["Strike_R"],"event_name":"Living Wall","player_choice":"Change","floor":3.0,"gold_loss":0.0,"damage_taken":0.0,"cards_obtained":["Reaper"]},{"damage_healed":0.0,"max_hp_gain":5.0,"max_hp_loss":0.0,"gold_gain":0.0,"event_name":"Big Fish","player_choice":"Donut","floor":5.0,"gold_loss":0.0,"damage_taken":0.0},{"damage_healed":0.0,"max_hp_gain":0.0,"max_hp_loss":0.0,"gold_gain":0.0,"event_name":"Upgrade Shrine","player_choice":"Upgraded","floor":8.0,"gold_loss":0.0,"damage_taken":0.0,"cards_upgraded":["Armaments"]},{"damage_healed":0,"gold_gain":0,"player_choice":"Obtained Relic","damage_taken":0,"relics_obtained":["Potion Belt"],"max_hp_gain":0,"max_hp_loss":0,"event_name":"Addict","floor":28,"gold_loss":85},{"damage_healed":0,"gold_gain":0,"player_choice":"Became a Ghost","damage_taken":0,"max_hp_gain":0,"max_hp_loss":49,"event_name":"Ghosts","floor":31,"gold_loss":0,"cards_obtained":["Ghostly","Ghostly","Ghostly","Ghostly","Ghostly"]},{"damage_healed":0,"gold_gain":0,"player_choice":"Embrace Madness","damage_taken":6,"max_hp_gain":0,"max_hp_loss":0,"event_name":"Winding Halls","floor":38,"gold_loss":0,"cards_obtained":["Madness","Madness"]}],"is_beta":false,"boss_relics":[{"not_picked":["White Beast Statue","Runic Dome"],"picked":"Sozu"},{"not_picked":["Coffee Dripper","Mark of Pain"],"picked":"Busted Crown"}],"items_purged_floors":[4,19],"is_endless":false,"potions_floor_spawned":[1,7,11,12,18,20,37,39],"killed_by":"Sphere and 2 Shapes","ascension_level":5}