{"gold_per_floor":[367,367,386,386,311,311,154,164,164,339,339,101,114,125,125,227,227],"floor_reached":17,"playtime":245,"items_purged":["Regret","Doubt"],"score":145,"play_id":"19519a24-23fa-444b-8266-fb71efe0ee38","local_time":"20190718223531","is_ascension_mode":false,"campfire_choices":[{"data":"Inflame","floor":6,"key":"SMITH"},{"data":"Bash","floor":15,"key":"SMITH"}],"neow_cost":"TEN_PERCENT_HP_LOSS","seed_source_timestamp":53526801131800,"circlet_count":0,"master_deck":["Strike_R+1","Strike_R+1","Strike_R","Strike_R","Strike_R+1","Defend_R","Defend_R","Defend_R","Defend_R+1","Bash+1","Inflame+1","Feed"],"relics":["Burning Blood","Bag of Marbles","Anchor","Juzu Bracelet","MawBank","Whetstone"],"potions_floor_usage":[16,16,16],"damage_taken":[{"damage":7,"enemies":"Small Slimes","floor":1,"turns":4},{"damage":2,"enemies":"2 Louse","floor":3,"turns":3},{"damage":0,"enemies":"Jaw Worm","floor":8,"turns":2},{"damage":3,"enemies":"Red Slaver","floor":13,"turns":2},{"damage":1,"enemies":"2 Fungi Beasts","floor":14,"turns":3},{"damage":59,"enemies":"Hexaghost","floor":16,"turns":7}],"seed_played":"-2103341655722677900","potions_obtained":[{"floor":1,"key":"Poison Potion"},{"floor":3,"key":"AttackPotion"},{"floor":8,"key":"AttackPotion"}],"is_trial":false,"path_per_floor":["M","?","M","?","$","R","$","M","T","?","?","$","M","M","R","B",null],"character_chosen":"IRONCLAD","items_purchased":["Anchor","Whetstone"],"campfire_rested":0,"item_purchase_floors":[7,12],"current_hp_per_floor":[71,57,61,61,61,61,61,67,67,67,64,64,67,72,72,19,19],"gold":227,"neow_bonus":"TWO_FIFTY_GOLD","is_prod":false,"is_daily":false,"chose_seed":false,"campfire_upgraded":2,"win_rate":0,"timestamp":1563478531,"path_taken":["M","?","M","?","$","R","$","M","T","?","?","?","M","M","R","BOSS"],"build_version":"2019-07-10","purchased_purges":2,"victory":false,"max_hp_per_floor":[72,72,72,72,72,72,72,72,72,72,72,72,72,72,72,72,72],"card_choices":[{"not_picked":["Whirlwind","Shrug It Off"],"picked":"Inflame","floor":1},{"not_picked":["Disarm","Cleave","Uppercut"],"picked":"SKIP","floor":3},{"not_picked":["Warcry","Flex","Iron Wave"],"picked":"SKIP","floor":8},{"not_picked":["True Grit","Hemokinesis","Armaments"],"picked":"SKIP","floor":13},{"not_picked":["Uppercut","Flex"],"picked":"Feed","floor":14}],"player_experience":178045,"relics_obtained":[{"floor":9,"key":"Juzu Bracelet"}],"event_choices":[{"damage_healed":0,"gold_gain":0,"player_choice":"Entered Light","damage_taken":14,"max_hp_gain":0,"max_hp_loss":0,"event_name":"Shining Light","floor":2,"gold_loss":0,"cards_upgraded":["Defend_R","Strike_R"]},{"damage_healed":0,"gold_gain":0,"player_choice":"Box","damage_taken":0,"relics_obtained":["Bag of Marbles"],"max_hp_gain":0,"max_hp_loss":0,"event_name":"Big Fish","floor":4,"gold_loss":0,"cards_obtained":["Regret"]},{"damage_healed":0,"gold_gain":175,"player_choice":"AGREE","damage_taken":0,"max_hp_gain":0,"max_hp_loss":0,"event_name":"Liars Game","floor":10,"gold_loss":0,"cards_obtained":["Doubt"]},{"damage_healed":0,"gold_gain":0,"player_choice":"Success","damage_taken":3,"relics_obtained":["MawBank"],"max_hp_gain":0,"max_hp_loss":0,"event_name":"Scrap Ooze","floor":11,"gold_loss":0}],"is_beta":true,"boss_relics":[],"items_purged_floors":[5,12],"is_endless":false,"potions_floor_spawned":[1,3,8],"ascension_level":0}