{"path_per_floor":["M","?","?","M","?","R","E","$","T","R","E","M","M","E","R","B",null,"M","M","?","M","M","E","R","M","T","$","M","$","T","?","R","B",null,"M","$","M","?","M","R","E","?","T","M","$","M","R","M","R"],"character_chosen":"THE_SILENT","items_purchased":["Backflip","Sadistic Nature","Escape Plan"],"gold_per_floor":[16,16,91,105,105,105,135,34,61,61,96,107,119,146,146,244,244,255,274,274,288,303,335,335,355,437,143,162,37,63,63,63,165,165,184,103,119,119,136,136,167,167,167,185,35,55,55,65,65,65],"floor_reached":50,"campfire_rested":7,"playtime":3293,"item_purchase_floors":[8,27,36],"current_hp_per_floor":[63,49,38,38,26,47,30,30,30,51,47,47,47,38,59,51,65,64,64,64,55,55,55,55,45,45,45,38,38,38,38,58,43,61,58,58,54,54,39,59,48,38,38,18,18,18,38,23,43,0],"items_purged":["Strike_G","Strike_G","Parasite","Normality"],"gold":65,"score":698,"play_id":"15a4f8a3-1074-4ca7-8e9c-fa0727575724","local_time":"20180625151739","is_prod":false,"is_daily":false,"chose_seed":false,"is_ascension_mode":true,"campfire_upgraded":1,"win_rate":0,"timestamp":1529932659,"campfire_choices":[{"floor":6,"key":"REST"},{"floor":10,"key":"REST"},{"floor":15,"key":"REST"},{"data":"Noxious Fumes","floor":24,"key":"SMITH"},{"floor":32,"key":"REST"},{"floor":40,"key":"REST"},{"floor":47,"key":"REST"},{"floor":49,"key":"REST"}],"path_taken":["M","?","?","?","?","R","E","$","T","R","E","M","M","E","R","BOSS","M","M","?","?","?","E","R","M","T","$","M","$","?","?","R","BOSS","M","$","M","?","M","R","E","?","T","M","$","?","R","M","R","BOSS"],"build_version":"2018-06-21","seed_source_timestamp":26697572094122,"purchased_purges":4,"circlet_count":0,"victory":false,"master_deck":["Defend_G","Defend_G","Defend_G","Defend_G","Defend_G+1","Strike_G","Strike_G","Strike_G+1","Survivor","Neutralize","Glass Knife+1","Noxious Fumes+1","Well Laid Plans","All Out Attack","Backflip","Cloak And Dagger+1","Poisoned Stab","Dash","A Thousand Cuts+1","Dagger Spray","Bane+1","Leg Sweep+1","Malaise+1","Sadistic Nature","Bullet Time","Escape Plan","Good Instincts","Doubt","Deadly Poison+1"],"max_hp_per_floor":[70,70,70,70,70,70,70,70,70,70,70,70,70,70,70,70,70,70,70,70,70,70,70,70,70,70,70,70,67,67,67,67,67,67,67,67,67,67,67,67,67,67,67,67,67,67,67,67,67,67],"relics":["Ring of the Snake","Vajra","Shuriken","Boot","Bottled Tornado","Ornamental Fan","Cursed Key","War Paint","Blue Candle","Bag of Preparation","Busted Crown","Dodecahedron","Ginger"],"card_choices":[{"not_picked":["Tactician","Grand Finale"],"picked":"Glass Knife","floor":0},{"not_picked":["Flying Knee","Expertise"],"picked":"Noxious Fumes","floor":1},{"not_picked":["Bane","Expertise"],"picked":"Well Laid Plans","floor":4},{"not_picked":["Night Terror","Sucker Punch"],"picked":"All Out Attack","floor":7},{"not_picked":["Outmaneuver","Sucker Punch","Flechettes"],"picked":"SKIP","floor":11},{"not_picked":["Underhanded Strike","Well Laid Plans"],"picked":"Cloak And Dagger","floor":12},{"not_picked":["Noxious Fumes","Dagger Spray"],"picked":"Poisoned Stab","floor":13},{"not_picked":["Grand Finale","Outmaneuver"],"picked":"Dash","floor":14},{"not_picked":["Phantasmal Killer","Wraith Form v2"],"picked":"A Thousand Cuts","floor":16},{"not_picked":["Concentrate","Backflip","Well Laid Plans"],"picked":"SKIP","floor":18},{"not_picked":["Expertise","Choke"],"picked":"Dagger Spray","floor":19},{"not_picked":["Dodge and Roll","Acrobatics"],"picked":"Bane+1","floor":21},{"not_picked":["Choke","Die Die Die","Poisoned Stab+1"],"picked":"SKIP","floor":22},{"not_picked":["Dodge and Roll+1","Deadly Poison+1"],"picked":"Leg Sweep+1","floor":23},{"not_picked":["Backstab","Deadly Poison"],"picked":"Malaise+1","floor":25},{"not_picked":["Bane+1","Eviscerate","Blade Dance"],"picked":"SKIP","floor":28},{"not_picked":["Tactician","Unload"],"picked":"Bullet Time","floor":33},{"not_picked":["Underhanded Strike+1"],"picked":"SKIP","floor":35},{"not_picked":["Predator"],"picked":"SKIP","floor":37},{"not_picked":["Outmaneuver+1"],"picked":"SKIP","floor":39},{"not_picked":["Underhanded Strike+1"],"picked":"SKIP","floor":41},{"not_picked":[],"picked":"Good Instincts","floor":42},{"not_picked":["Reflex"],"picked":"SKIP","floor":44},{"not_picked":[],"picked":"Deadly Poison+1","floor":46},{"not_picked":["Acrobatics+1"],"picked":"SKIP","floor":48}],"player_experience":487504,"potions_floor_usage":[7,11,12,18,21,25,39,41,50,50],"damage_taken":[{"damage":0,"enemies":"Jaw Worm","floor":1,"turns":3},{"damage":0,"enemies":"Small Slimes","floor":4,"turns":3},{"damage":17,"enemies":"Gremlin Nob","floor":7,"turns":4},{"damage":4,"enemies":"3 Sentries","floor":11,"turns":5},{"damage":0,"enemies":"2 Louse","floor":12,"turns":1},{"damage":0,"enemies":"Large Slime","floor":13,"turns":3},{"damage":9,"enemies":"Lagavulin","floor":14,"turns":5},{"damage":8,"enemies":"Hexaghost","floor":16,"turns":9},{"damage":1,"enemies":"3 Byrds","floor":18,"turns":4},{"damage":0,"enemies":"Chosen","floor":19,"turns":4},{"damage":9,"enemies":"Centurion and Healer","floor":21,"turns":5},{"damage":0,"enemies":"3 Cultists","floor":22,"turns":4},{"damage":0,"enemies":"Gremlin Leader","floor":23,"turns":5},{"damage":10,"enemies":"Snecko","floor":25,"turns":4},{"damage":7,"enemies":"Centurion and Healer","floor":28,"turns":5},{"damage":15,"enemies":"Automaton","floor":33,"turns":9},{"damage":3,"enemies":"Flame Bruiser 1 Orb","floor":35,"turns":4},{"damage":4,"enemies":"3 Shapes","floor":37,"turns":5},{"damage":15,"enemies":"Maw","floor":39,"turns":7},{"damage":11,"enemies":"Nemesis","floor":41,"turns":6},{"damage":20,"enemies":"Flame Bruiser 2 Orb","floor":44,"turns":4},{"damage":0,"enemies":"Sphere and 2 Shapes","floor":46,"turns":3},{"damage":15,"enemies":"Maw","floor":48,"turns":6},{"damage":50,"enemies":"Donu and Deca","floor":50,"turns":4}],"relics_obtained":[{"floor":7,"key":"Shuriken"},{"floor":9,"key":"Boot"},{"floor":11,"key":"Bottled Tornado"},{"floor":14,"key":"Ornamental Fan"},{"floor":23,"key":"War Paint"},{"floor":26,"key":"Blue Candle"},{"floor":30,"key":"Bag of Preparation"},{"floor":41,"key":"Dodecahedron"},{"floor":43,"key":"Ginger"}],"event_choices":[{"event_name":"Shining Light","player_choice":"Entered Light","floor":2,"damage_taken":0},{"event_name":"World of Goop","player_choice":"Gather Gold","floor":3,"damage_taken":0},{"event_name":"Scrap Ooze","player_choice":"success","floor":5,"damage_taken":12},{"event_name":"Drug Dealer","player_choice":"Ignored","floor":20,"damage_taken":0},{"event_name":"Ghosts","player_choice":"Ignored","floor":31,"damage_taken":0},{"event_name":"Accursed Blacksmith","player_choice":"Forge","floor":38,"damage_taken":0},{"event_name":"SensoryStone","player_choice":"Memory 3","floor":42,"damage_taken":0}],"boss_relics":[{"not_picked":["Black Star","Runic Pyramid"],"picked":"Cursed Key"},{"not_picked":["Tiny House","Sozu"],"picked":"Busted Crown"}],"items_purged_floors":[8,27,29,45],"is_endless":false,"potions_floor_spawned":[1,4,11,13,19,22,33,37,44,48],"seed_played":"-4370280120853222602","killed_by":"Donu and Deca","ascension_level":6,"potions_obtained":[{"floor":1,"key":"SpeedPotion"},{"floor":4,"key":"Block Potion"},{"floor":11,"key":"AttackPotion"},{"floor":13,"key":"Fire Potion"},{"floor":19,"key":"Weak Potion"},{"floor":22,"key":"GhostInAJar"},{"floor":33,"key":"Swift Potion"},{"floor":37,"key":"LiquidBronze"},{"floor":44,"key":"Strength Potion"},{"floor":48,"key":"Explosive Potion"}],"is_trial":false}