{"gold_per_floor":[113,113,130,140,155,155,189,189,214,247,172,185,197,97,97,201,201,187,200,200,212,87,87,121,121,121,149,167,182,182,196,196,294,294,308,308,363,69,81,109,109,109,109,109,134,134,162,0,0,0],"floor_reached":51,"playtime":7779,"items_purged":["Strike_B","Strike_B","Defend_B","Shame"],"score":973,"play_id":"9b22561e-85f1-4f85-919e-153cce379d21","local_time":"20190728161345","is_ascension_mode":true,"campfire_choices":[{"data":"Creative AI","floor":6.0,"key":"SMITH"},{"floor":8.0,"key":"REST"},{"floor":15.0,"key":"REST"},{"floor":23.0,"key":"REST"},{"floor":25.0,"key":"REST"},{"data":"Buffer","floor":30.0,"key":"SMITH"},{"floor":32.0,"key":"REST"},{"floor":42,"key":"REST"},{"floor":44,"key":"REST"},{"floor":46,"key":"REST"},{"floor":49,"key":"REST"}],"neow_cost":"NONE","seed_source_timestamp":8147788682891,"circlet_count":0,"master_deck":["Strike_B","Defend_B","Defend_B","Defend_B","Zap","Dualcast","Conserve Battery","Creative AI+1","Ball Lightning","Leap","Leap","Conserve Battery","Leap","Buffer+1","Ball Lightning","Ball Lightning","Stack+1","Auto Shields","Meteor Strike","Undo+1","Storm+1","Madness","Madness","Writhe","Force Field+1","Defragment+1","Rebound+1","Static Discharge"],"special_seed":0,"relics":["Cracked Core","Centennial Puzzle","Vajra","Regal Pillow","Cursed Key","Unceasing Top","Thread and Needle","Bronze Scales","Fusion Hammer","WingedGreaves","Anchor","Dream Catcher","Pear","Smiling Mask","Bag of Marbles","Red Mask"],"potions_floor_usage":[40,47,47,50],"damage_taken":[{"damage":5.0,"enemies":"2 Louse","floor":1.0,"turns":3.0},{"damage":0.0,"enemies":"Cultist","floor":3.0,"turns":4.0},{"damage":2.0,"enemies":"Jaw Worm","floor":4.0,"turns":4.0},{"damage":8.0,"enemies":"Exordium Wildlife","floor":5.0,"turns":7.0},{"damage":29.0,"enemies":"Gremlin Nob","floor":7.0,"turns":4.0},{"damage":17.0,"enemies":"3 Sentries","floor":10.0,"turns":6.0},{"damage":8.0,"enemies":"3 Louse","floor":12.0,"turns":3.0},{"damage":8.0,"enemies":"Looter","floor":13.0,"turns":3.0},{"damage":41.0,"enemies":"Hexaghost","floor":16.0,"turns":10.0},{"damage":11.0,"enemies":"2 Thieves","floor":18.0,"turns":5.0},{"damage":0.0,"enemies":"Shell Parasite","floor":19.0,"turns":8.0},{"damage":27.0,"enemies":"Centurion and Healer","floor":21.0,"turns":7.0},{"damage":30.0,"enemies":"Slavers","floor":24.0,"turns":4.0},{"damage":38.0,"enemies":"Book of Stabbing","floor":27.0,"turns":6.0},{"damage":0.0,"enemies":"Snecko","floor":28.0,"turns":5.0},{"damage":18.0,"enemies":"Cultist and Chosen","floor":29.0,"turns":5.0},{"damage":7.0,"enemies":"Snake Plant","floor":31.0,"turns":4.0},{"damage":72.0,"enemies":"Automaton","floor":33.0,"turns":9.0},{"damage":0.0,"enemies":"Orb Walker","floor":35.0,"turns":6.0},{"damage":27,"enemies":"2 Orb Walkers","floor":37,"turns":6},{"damage":0,"enemies":"3 Darklings","floor":39,"turns":6},{"damage":0,"enemies":"Nemesis","floor":40,"turns":9},{"damage":51,"enemies":"Giant Head","floor":45,"turns":11},{"damage":11,"enemies":"Reptomancer","floor":47,"turns":7},{"damage":70,"enemies":"Donu and Deca","floor":50,"turns":9}],"seed_played":"-998443008423099824","potions_obtained":[{"floor":4.0,"key":"FocusPotion"},{"floor":7.0,"key":"Fire Potion"},{"floor":10.0,"key":"Dexterity Potion"},{"floor":12.0,"key":"Fire Potion"},{"floor":16.0,"key":"GamblersBrew"},{"floor":19.0,"key":"Fire Potion"},{"floor":24.0,"key":"SkillPotion"},{"floor":33.0,"key":"SpeedPotion"},{"floor":37,"key":"Poison Potion"},{"floor":39,"key":"Energy Potion"},{"floor":47,"key":"FocusPotion"}],"is_trial":false,"path_per_floor":["M","?","M","M","M","R","E","R","T","E","$","M","M","$","R","B",null,"M","M","?","M","$","R","E","R","T","E","M","M","R","M","R","B",null,"M","?","?","$","M","E","?","R","T","R","E","R","E","?","R","B",null],"character_chosen":"DEFECT","items_purchased":["Anchor"],"campfire_rested":9,"item_purchase_floors":[38],"current_hp_per_floor":[77,77,77,75,67,67,38,62,62,45,45,37,29,29,68,27,68,57,57,57,30,30,69,39,78,78,40,47,36,36,36,75,17,66,73,73,46,46,46,46,36,75,85,92,41,83,72,72,92,22],"gold":0,"neow_bonus":"TEN_PERCENT_HP_BONUS","is_prod":false,"is_daily":false,"chose_seed":false,"campfire_upgraded":2,"win_rate":0,"timestamp":1564348425,"path_taken":["M","?","M","M","M","R","E","R","T","E","$","M","?","$","R","BOSS","M","M","?","M","$","R","E","R","T","E","M","M","R","M","R","BOSS","M","?","?","$","?","E","?","R","T","R","E","R","E","?","R","BOSS"],"build_version":"2019-07-17","purchased_purges":4,"victory":true,"max_hp_per_floor":[82,82,82,82,82,82,82,82,82,82,82,82,82,82,82,82,82,82,82,82,82,82,82,82,82,82,82,82,82,82,82,82,82,82,82,82,82,82,82,82,82,82,92,92,92,92,92,92,92,92],"card_choices":[{"not_picked":["Ball Lightning","Heatsinks"],"picked":"Conserve Battery","floor":1.0},{"not_picked":["Hologram","Scrape","Barrage"],"picked":"SKIP","floor":3.0},{"not_picked":["Go for the Eyes","Darkness"],"picked":"Creative AI","floor":4.0},{"not_picked":["Redo","Hologram"],"picked":"Ball Lightning","floor":5.0},{"not_picked":["Streamline","Coolheaded"],"picked":"Leap","floor":7.0},{"not_picked":["Redo","Steam Power"],"picked":"Leap","floor":10.0},{"not_picked":["Ball Lightning","Recycle"],"picked":"Conserve Battery","floor":12.0},{"not_picked":["Compile Driver","Redo"],"picked":"Leap","floor":13.0},{"not_picked":["Creative AI","Thunder Strike"],"picked":"Buffer","floor":16.0},{"not_picked":["Compile Driver+1","Sweeping Beam+1"],"picked":"Ball Lightning","floor":18.0},{"not_picked":["Streamline","Hologram"],"picked":"Ball Lightning","floor":19.0},{"not_picked":["Compile Driver","Reprogram","Steam Power+1"],"picked":"SKIP","floor":21.0},{"not_picked":["Barrage","Compile Driver","Darkness"],"picked":"SKIP","floor":24.0},{"not_picked":["Undo","Recycle"],"picked":"Self Repair","floor":27.0},{"not_picked":["Redo","Cold Snap"],"picked":"Stack+1","floor":28.0},{"not_picked":["Stack","Rebound","Genetic Algorithm"],"picked":"SKIP","floor":29.0},{"not_picked":["Sunder","Self Repair"],"picked":"Auto Shields","floor":31.0},{"not_picked":["Amplify","Fission"],"picked":"Meteor Strike","floor":33.0},{"not_picked":["Leap","Hologram"],"picked":"Undo+1","floor":35.0},{"not_picked":["Redo","Scrape+1","Skim"],"picked":"SKIP","floor":39},{"not_picked":["Coolheaded+1","Steam+1"],"picked":"Storm+1","floor":40},{"not_picked":["Cold Snap","Lockon"],"picked":"Force Field+1","floor":44},{"not_picked":["All For One","Barrage+1"],"picked":"Defragment+1","floor":45},{"not_picked":["Melter","Hologram+1"],"picked":"Rebound+1","floor":46},{"not_picked":["BootSequence+1","Loop"],"picked":"Static Discharge","floor":47}],"player_experience":749254,"relics_obtained":[{"floor":7.0,"key":"Centennial Puzzle"},{"floor":9.0,"key":"Vajra"},{"floor":10.0,"key":"Regal Pillow"},{"floor":24.0,"key":"Unceasing Top"},{"floor":26.0,"key":"Thread and Needle"},{"floor":27.0,"key":"Bronze Scales"},{"floor":37,"key":"WingedGreaves"},{"floor":40,"key":"Dream Catcher"},{"floor":43,"key":"Pear"},{"floor":45,"key":"Smiling Mask"},{"floor":47,"key":"Bag of Marbles"}],"event_choices":[{"cards_removed":["Strike_B"],"damage_healed":0.0,"max_hp_gain":0.0,"max_hp_loss":0.0,"gold_gain":0.0,"event_name":"Bonfire Elementals","player_choice":"Offered Basic","floor":2.0,"gold_loss":0.0,"damage_taken":0.0},{"damage_healed":0.0,"max_hp_gain":0.0,"max_hp_loss":0.0,"gold_gain":0.0,"event_name":"Vampires","player_choice":"Ignored","floor":20.0,"gold_loss":0.0,"damage_taken":0.0},{"cards_removed":["Self Repair"],"damage_healed":0.0,"max_hp_gain":0.0,"max_hp_loss":0.0,"gold_gain":0.0,"event_name":"Falling","player_choice":"Removed Power","floor":36.0,"gold_loss":0.0,"damage_taken":0.0},{"damage_healed":0,"gold_gain":0,"player_choice":"Fight","damage_taken":0,"max_hp_gain":0,"max_hp_loss":0,"event_name":"Mysterious Sphere","floor":37,"gold_loss":0},{"damage_healed":0,"gold_gain":0,"player_choice":"Embrace Madness","damage_taken":10,"max_hp_gain":0,"max_hp_loss":0,"event_name":"Winding Halls","floor":41,"gold_loss":0,"cards_obtained":["Madness","Madness"]},{"damage_healed":0,"gold_gain":0,"player_choice":"Paid","damage_taken":0,"relics_obtained":["Red Mask"],"max_hp_gain":0,"max_hp_loss":0,"event_name":"Tomb of Lord Red Mask","floor":48,"gold_loss":162}],"is_beta":false,"boss_relics":[{"not_picked":["Empty Cage","Runic Dome"],"picked":"Cursed Key"},{"not_picked":["Inserter","Pandora\u0027s Box"],"picked":"Fusion Hammer"}],"items_purged_floors":[11,14,22,38],"is_endless":false,"potions_floor_spawned":[4,7,10,12,16,19,21,24,33,37,39,47],"ascension_level":5}