{"gold_per_floor":[116,133,148,102,52,52,68,68,118,118,128,144,173,188,188,285,285,304,127,146,159,172,172,182,182,182,211,211,225,253,272,272,370,370,387,405,405,146,163,163,183,183,237,270,282,300,311,311,311,311],"floor_reached":51,"playtime":2075,"items_purged":[],"score":717,"play_id":"a5904f12-0256-4761-9f0a-1042e111f2d5","local_time":"20180710044831","is_ascension_mode":false,"campfire_choices":[{"data":"Zap","floor":6.0,"key":"SMITH"},{"data":"Dualcast","floor":10.0,"key":"SMITH"},{"data":"Static Discharge","floor":15.0,"key":"SMITH"},{"data":"Self Repair","floor":23,"key":"SMITH"},{"floor":32,"key":"REST"},{"data":"Seek","floor":40,"key":"SMITH"},{"data":"Seek","floor":42,"key":"SMITH"},{"floor":49,"key":"REST"}],"neow_cost":"TEN_PERCENT_HP_LOSS","seed_source_timestamp":12204354121570,"circlet_count":0,"master_deck":["Strike_B","Strike_B","Strike_B","Defend_B","Defend_B","Defend_B","Defend_B","Zap+1","Dualcast+1","Melter","Sweeping Beam","Leap","Ball Lightning","Coolheaded","Glacier","Glacier","Static Discharge+1","Electrodynamics+1","Leap","Ball Lightning","Self Repair+1","Steam","Loop+1","White Noise+1","Defragment+1","Echo Form+1","Leap","Conserve Battery","Seek+1","Defragment+1","Seek+1","Skim","Conserve Battery+1"],"special_seed":0,"relics":["Cracked Core","Orichalcum","Odd Mushroom","Nuclear Battery","Frozen Egg 2","Juzu Bracelet","Omamori","Cursed Key","Symbiotic Virus","Tiny Chest","Blue Candle"],"potions_floor_usage":[30,30,30,31,31,44,50,50],"damage_taken":[{"damage":1.0,"enemies":"Cultist","floor":1.0,"turns":3.0},{"damage":0.0,"enemies":"Small Slimes","floor":2.0,"turns":2.0},{"damage":1.0,"enemies":"2 Louse","floor":3.0,"turns":2.0},{"damage":5.0,"enemies":"Blue Slaver","floor":7.0,"turns":3.0},{"damage":0.0,"enemies":"Exordium Wildlife","floor":11.0,"turns":3.0},{"damage":1.0,"enemies":"Looter","floor":12.0,"turns":4.0},{"damage":11.0,"floor":13.0,"turns":3.0},{"damage":0.0,"enemies":"Large Slime","floor":14.0,"turns":4.0},{"damage":30.0,"enemies":"The Guardian","floor":16.0,"turns":12.0},{"damage":21.0,"enemies":"2 Thieves","floor":18.0,"turns":3.0},{"damage":12.0,"enemies":"3 Byrds","floor":20.0,"turns":3.0},{"damage":0,"enemies":"Sentry and Sphere","floor":21,"turns":3},{"damage":11,"enemies":"Snake Plant","floor":22,"turns":4},{"damage":1,"enemies":"Snecko","floor":24,"turns":7},{"damage":18,"enemies":"Gremlin Leader","floor":27,"turns":7},{"damage":11,"enemies":"Centurion and Healer","floor":29,"turns":3},{"damage":22,"enemies":"Slavers","floor":30,"turns":4},{"damage":11,"enemies":"Chosen and Byrds","floor":31,"turns":4},{"damage":10,"enemies":"Champ","floor":33,"turns":10},{"damage":12,"enemies":"3 Darklings","floor":35,"turns":3},{"damage":13,"enemies":"Orb Walker","floor":36,"turns":4},{"damage":0,"enemies":"4 Shapes","floor":39,"turns":2},{"damage":12,"enemies":"Maw","floor":41,"turns":9},{"damage":36,"enemies":"Nemesis","floor":44,"turns":7},{"damage":0,"enemies":"Sphere and 2 Shapes","floor":45,"turns":1},{"damage":3,"enemies":"4 Shapes","floor":46,"turns":3},{"damage":34,"enemies":"3 Darklings","floor":47,"turns":4},{"damage":28,"enemies":"Time Eater","floor":50,"turns":18}],"seed_played":"5856887732096528064","potions_obtained":[{"floor":1.0,"key":"Poison Potion"},{"floor":3.0,"key":"FearPotion"},{"floor":12.0,"key":"PowerPotion"},{"floor":30,"key":"EntropicBrew"},{"floor":36,"key":"FocusPotion"},{"floor":46,"key":"Regen Potion"}],"is_trial":false,"path_per_floor":["M","M","M","$","?","R","M","$","T","R","M","M","?","M","R","B",null,"M","$","M","M","M","R","M","?","T","E","?","M","E","M","R","B",null,"M","M","?","$","M","R","M","R","T","E","M","M","M","?","R","B"],"character_chosen":"DEFECT","items_purchased":["Ball Lightning","Ball Lightning","Self Repair","Steam","Symbiotic Virus"],"campfire_rested":2,"item_purchase_floors":[4,19,19,19,38],"current_hp_per_floor":[67,67,66,66,66,66,61,61,61,61,61,60,49,49,49,19,68,47,47,42,42,38,38,47,47,47,49,49,48,36,35,55,55,68,56,43,43,43,53,53,51,51,51,32,32,39,22,22,42,29],"gold":311,"neow_bonus":"THREE_RARE_CARDS","is_prod":false,"is_daily":false,"chose_seed":false,"campfire_upgraded":6,"win_rate":0,"timestamp":1531187311,"path_taken":["M","M","M","$","?","R","M","$","T","R","M","M","?","M","R","BOSS","M","$","M","M","M","R","M","?","T","E","?","M","E","M","R","BOSS","M","M","?","$","M","R","M","R","T","E","M","M","M","?","R","BOSS"],"build_version":"2018-07-05","purchased_purges":0,"victory":true,"max_hp_per_floor":[68,68,68,68,68,68,68,68,68,68,68,68,68,68,68,68,68,68,68,68,68,68,68,68,68,68,68,68,68,68,68,68,68,68,68,68,68,68,68,68,68,68,68,68,68,68,68,68,68,68],"card_choices":[{"not_picked":["Meteor Strike","Multi-Cast"],"picked":"Hyperbeam","floor":0.0},{"not_picked":["Chill","Steam"],"picked":"Melter","floor":1.0},{"not_picked":["Darkness","Turbo"],"picked":"Sweeping Beam","floor":2.0},{"not_picked":["Defragment","Steam"],"picked":"Leap","floor":3.0},{"not_picked":["Consume","Capacitor"],"picked":"Coolheaded","floor":7.0},{"not_picked":["Steam","Capacitor"],"picked":"Glacier","floor":11.0},{"not_picked":["Skim","Cold Snap"],"picked":"Doom and Gloom","floor":12.0},{"not_picked":["Fission","Cold Snap"],"picked":"Glacier","floor":13.0},{"not_picked":["Steam Power","Conserve Battery"],"picked":"Static Discharge","floor":14.0},{"not_picked":["Meteor Strike","Multi-Cast"],"picked":"Electrodynamics","floor":16.0},{"not_picked":["Recycle","Reinforced Body"],"picked":"Leap","floor":18.0},{"not_picked":["Turbo","Steam","Beam Cell"],"picked":"SKIP","floor":20.0},{"not_picked":["Beam Cell","Heatsinks"],"picked":"Loop+1","floor":21},{"not_picked":["Redo","Cold Snap"],"picked":"White Noise+1","floor":22},{"not_picked":["Streamline","Beam Cell+1","Doom and Gloom"],"picked":"SKIP","floor":24},{"not_picked":["Auto Shields","FTL"],"picked":"Defragment+1","floor":27},{"not_picked":["Turbo","Force Field+1"],"picked":"Echo Form+1","floor":29},{"not_picked":["Blizzard","Rebound"],"picked":"Leap","floor":30},{"not_picked":["Coolheaded","Go for the Eyes"],"picked":"Conserve Battery","floor":31},{"not_picked":["Electrodynamics+1","Rainbow"],"picked":"Seek","floor":33},{"not_picked":["Go for the Eyes+1","Lockon"],"picked":"Defragment+1","floor":35},{"not_picked":["Compile Driver+1","Gash","Scrape+1"],"picked":"SKIP","floor":36},{"not_picked":["Ball Lightning+1","Beam Cell","Turbo"],"picked":"SKIP","floor":39},{"not_picked":["Stack","Sweeping Beam","Coolheaded"],"picked":"SKIP","floor":41},{"not_picked":["Compile Driver+1","Reprogram+1"],"picked":"Skim","floor":44},{"not_picked":["Force Field","Hello World+1"],"picked":"Conserve Battery+1","floor":45},{"not_picked":["Reprogram+1","Compile Driver+1","Rebound+1"],"picked":"SKIP","floor":46},{"not_picked":["Rip and Tear+1","Beam Cell+1","Self Repair+1"],"picked":"SKIP","floor":47}],"player_experience":195585,"relics_obtained":[{"floor":9.0,"key":"Orichalcum"},{"floor":13.0,"key":"Odd Mushroom"},{"floor":26,"key":"Frozen Egg 2"},{"floor":27,"key":"Juzu Bracelet"},{"floor":30,"key":"Omamori"},{"floor":43,"key":"Tiny Chest"},{"floor":44,"key":"Blue Candle"}],"event_choices":[{"event_name":"The Cleric","player_choice":"Card Removal","floor":5.0,"damage_taken":0.0},{"event_name":"Mushrooms","player_choice":"Fought Mushrooms","floor":13.0,"damage_taken":0.0},{"event_name":"Purifier","player_choice":"One Purge","floor":25,"damage_taken":0},{"event_name":"Upgrade Shrine","player_choice":"Upgraded","floor":28,"damage_taken":0},{"event_name":"Duplicator","player_choice":"One dupe","floor":37,"damage_taken":0},{"event_name":"Falling","player_choice":"Removed Attack","floor":48,"damage_taken":0}],"boss_relics":[{"not_picked":["Tiny House","Runic Pyramid"],"picked":"Nuclear Battery"},{"not_picked":["Runic Dome","White Beast Statue"],"picked":"Cursed Key"}],"items_purged_floors":[],"is_endless":false,"potions_floor_spawned":[1,3,12,14,16,20,21,29,30,36,41,46,47],"ascension_level":0}