{"path_per_floor":["M","$","M","M","$","R","M","M","T","?","E","?","R","M","R","B",null,"M","$","M","?","T","R","M","M","T","R","E","R","?","M","R","B",null,"M","?","M","?","M","R","E","$","T"],"character_chosen":"THE_SILENT","items_purchased":["Footwork","Adrenaline","Oddly Smooth Stone","Caltrops","Flash of Steel"],"gold_per_floor":[116,41,55,67,28,28,42,58,81,81,115,290,290,300,300,399,399,412,20,40,40,40,40,51,62,113,113,138,138,138,149,149,253,283,293,293,305,305,321,321,349,177,177],"floor_reached":44,"campfire_rested":2,"playtime":4064,"current_hp_per_floor":[66,66,66,66,66,66,65,61,61,61,44,44,44,42,42,37,70,67,67,47,80,80,80,65,65,65,65,57,57,57,36,60,54,85,67,67,52,52,11,36,17,17,17],"items_purged":["Defend_G","Strike_G","Doubt"],"gold":177,"play_id":"94cf3e36-57d6-43f4-8c65-396c8a1c21bd","is_prod":false,"is_daily":false,"campfire_rituals":0,"campfire_upgraded":6,"is_hardmode":false,"path_taken":["M","$","M","M","?","R","M","?","T","?","E","?","R","M","R","BOSS","M","$","M","?","?","R","M","M","T","R","E","R","?","M","R","BOSS","M","?","?","?","M","R","E","$","T","M"],"build_version":"2018-01-18-PROD4","purchased_purges":3,"victory":false,"master_deck":["Defend_G","Defend_G","Defend_G","Defend_G","Strike_G","Strike_G","Strike_G","Survivor","Neutralize","Deflect","Caltrops","Dagger Throw","Footwork","Dagger Spray","Predator","Skewer","Infinite Blades","Tactician","Underhanded Strike","Adrenaline","Caltrops","Noxious Fumes","Acrobatics","Slice","Noxious Fumes","Clumsy","Escape Plan","After Image","Distraction","Tools of the Trade","Noxious Fumes","Adrenaline","Terror","Flash of Steel","Regret"],"max_hp_per_floor":[70,70,70,70,70,70,70,70,70,70,70,70,70,70,70,70,70,70,70,70,80,80,80,80,80,80,80,80,80,80,80,80,80,85,85,85,85,85,85,85,85,85,85],"relics":["Ring of the Snake","Prayer Wheel","Lantern","Pen Nib","Cursed Key","Oddly Smooth Stone","Kunai","Dream Catcher","Anchor","Tiny House","The Courier","Bag of Preparation"],"campfire_meditates":0,"card_choices":[{"not_picked":["Envenom","Prepared"],"picked":"Deflect"},{"not_picked":["Backstab","Blade Dance"],"picked":"Caltrops"},{"not_picked":["Catalyst","Quick Slash"],"picked":"Dagger Throw"},{"not_picked":["Calculated Gamble","Bane"],"picked":"Burst"},{"not_picked":["PiercingWail","Eviscerate"],"picked":"Dagger Spray"},{"not_picked":["Catalyst","Dodge and Roll"],"picked":"Skewer"},{"not_picked":["Poisoned Stab","Prepared"],"picked":"Infinite Blades"},{"not_picked":["Corpse Explosion","Die Die Die"],"picked":"Tactician"},{"not_picked":["Cloak And Dagger","Crippling Poison"],"picked":"Underhanded Strike"},{"not_picked":["Deadly Poison","Poisoned Stab"],"picked":"Noxious Fumes"},{"not_picked":["Accuracy","Dagger Spray"],"picked":"Acrobatics"},{"not_picked":["Backflip","Dagger Spray"],"picked":"Slice"},{"not_picked":["Concentrate","Calculated Gamble"],"picked":"Noxious Fumes"},{"not_picked":["Backflip","Deflect"],"picked":"Escape Plan"},{"not_picked":["Reflex","PiercingWail"],"picked":"After Image"},{"not_picked":["Deadly Poison","Flying Knee"],"picked":"Distraction"},{"not_picked":["Tactician","Phantasmal Killer"],"picked":"Tools of the Trade"},{"not_picked":["Malaise","Predator"],"picked":"Noxious Fumes"},{"not_picked":["Sucker Punch","Deflect"],"picked":"Terror"}],"player_experience":199198,"potions_floor_usage":[3,11,18,25,28,39,41,41,44,44],"damage_taken":[{"damage":4,"enemies":"Blue Slaver","floor":1,"turns":7},{"damage":0,"enemies":"Jaw Worm","floor":3,"turns":4},{"damage":0,"enemies":"Small Slimes","floor":4,"turns":5},{"damage":1,"enemies":"2 Fungi Beasts","floor":7,"turns":4},{"damage":4,"enemies":"3 Louse","floor":8,"turns":3},{"damage":17,"enemies":"3 Sentries","floor":11,"turns":4},{"damage":2,"enemies":"Looter","floor":14,"turns":3},{"damage":5,"enemies":"Hexaghost","floor":16,"turns":9},{"damage":3,"enemies":"Chosen","floor":18,"turns":6},{"damage":20,"enemies":"Spheric Guardian","floor":20,"turns":3},{"damage":15,"enemies":"Snecko","floor":24,"turns":4},{"damage":0,"enemies":"Centurion and Healer","floor":25,"turns":6},{"damage":8,"enemies":"Book of Stabbing","floor":28,"turns":5},{"damage":21,"enemies":"3 Cultists","floor":31,"turns":5},{"damage":6,"enemies":"Champ","floor":33,"turns":13},{"damage":18,"enemies":"3 Shapes","floor":35,"turns":4},{"damage":15,"enemies":"Orb Walker","floor":37,"turns":4},{"damage":41,"enemies":"Sphere and 2 Shapes","floor":39,"turns":6},{"damage":19,"enemies":"Nemesis","floor":41,"turns":7},{"damage":26,"enemies":"4 Shapes","floor":44,"turns":6}],"event_choices":[{"event_name":"Living Wall","player_choice":"Change","floor":10,"damage_taken":0},{"event_name":"Liars Game","player_choice":"agreed","floor":12,"damage_taken":0},{"event_name":"Bonfire Elementals","player_choice":"RARE","floor":21,"damage_taken":0},{"event_name":"Vampires","player_choice":"Ignored","floor":30,"damage_taken":0},{"event_name":"Duplicator","player_choice":"One dupe","floor":36,"damage_taken":0},{"event_name":"Purifier","player_choice":"One Purge","floor":38,"damage_taken":0}],"boss_relics":[{"not_picked":["Eternal Feather","Sozu"],"picked":"Cursed Key"},{"not_picked":["Velvet Choker","Snecko Eye"],"picked":"Tiny House"}],"potions_floor_spawned":[1,3,8,18,24,31,35,41],"seed_played":"6986267925114680468","killed_by":"4 Shapes","is_trial":false}