{"gold_per_floor":[219,219,25,100,114,114,128,128,128,128,152,186,111,129,129,260,260,278,302,202,302,325,325,364,388,456,456,230,245,43,59,59,183,183,208,229,229,104,104,104,138,263,263,286,56,81,99,134,134,134],"floor_reached":51,"playtime":1173,"items_purged":["Strike_R","Strike_R","Strike_R","Strike_R"],"score":877,"play_id":"255f4fea-8f21-465a-bc68-49eb77924b0b","local_time":"20190717102151","is_ascension_mode":false,"campfire_choices":[{"data":"Sword Boomerang","floor":6.0,"key":"SMITH"},{"data":"Spot Weakness","floor":8.0,"key":"SMITH"},{"data":"Bash","floor":10.0,"key":"SMITH"},{"data":"Whirlwind","floor":15.0,"key":"SMITH"},{"data":"Impervious","floor":23.0,"key":"SMITH"},{"data":"Defend_R","floor":27.0,"key":"SMITH"},{"data":"Battle Trance","floor":32.0,"key":"SMITH"},{"data":"Defend_R","floor":40.0,"key":"SMITH"},{"data":"Metallicize","floor":49,"key":"SMITH"}],"neow_cost":"NONE","seed_source_timestamp":252263802669700,"circlet_count":0,"master_deck":["Strike_R","Defend_R+1","Defend_R","Defend_R","Defend_R+1","Bash+1","Sword Boomerang+1","Spot Weakness+1","Whirlwind+1","Impervious+1","Battle Trance+1","Metallicize+1","Shrug It Off"],"special_seed":0,"relics":["Burning Blood","Golden Idol","Sling","Mercury Hourglass","Boot","Busted Crown","Paper Frog","Meat on the Bone","Pen Nib","ClockworkSouvenir","Runic Cube","Prayer Wheel","Mango","Bottled Lightning","Vajra"],"potions_floor_usage":[50,50,50],"damage_taken":[{"damage":8.0,"enemies":"Jaw Worm","floor":1.0,"turns":5.0},{"damage":2.0,"enemies":"2 Louse","floor":5.0,"turns":3.0},{"damage":6.0,"enemies":"Cultist","floor":7.0,"turns":3.0},{"damage":0.0,"enemies":"3 Louse","floor":11.0,"turns":2.0},{"damage":8.0,"enemies":"3 Sentries","floor":12.0,"turns":4.0},{"damage":0.0,"enemies":"Large Slime","floor":14.0,"turns":4.0},{"damage":49.0,"enemies":"The Guardian","floor":16.0,"turns":8.0},{"damage":20.0,"enemies":"2 Thieves","floor":18.0,"turns":2.0},{"damage":5.0,"enemies":"3 Byrds","floor":19.0,"turns":2.0},{"damage":11.0,"enemies":"Centurion and Healer","floor":22.0,"turns":6.0},{"damage":27.0,"enemies":"Slavers","floor":24.0,"turns":2.0},{"damage":0.0,"enemies":"Sentry and Sphere","floor":25.0,"turns":3.0},{"damage":2.0,"enemies":"Shelled Parasite and Fungi","floor":29.0,"turns":3.0},{"damage":12.0,"enemies":"3 Cultists","floor":31.0,"turns":3.0},{"damage":51.0,"enemies":"Champ","floor":33.0,"turns":8.0},{"damage":17.0,"enemies":"3 Darklings","floor":35.0,"turns":3.0},{"damage":6.0,"enemies":"3 Shapes","floor":36.0,"turns":4.0},{"damage":0.0,"enemies":"Reptomancer","floor":41.0,"turns":4.0},{"damage":6.0,"enemies":"Mind Bloom Boss Battle","floor":42.0,"turns":6.0},{"damage":0.0,"enemies":"Maw","floor":44.0,"turns":6.0},{"damage":4.0,"enemies":"Sphere and 2 Shapes","floor":46.0,"turns":4.0},{"damage":17.0,"enemies":"Jaw Worm Horde","floor":47.0,"turns":2.0},{"damage":12,"enemies":"Nemesis","floor":48,"turns":5},{"damage":26,"enemies":"Time Eater","floor":50,"turns":7}],"seed_played":"-2911504802883595899","potions_obtained":[{"floor":5.0,"key":"LiquidBronze"},{"floor":14.0,"key":"Swift Potion"},{"floor":19.0,"key":"PowerPotion"},{"floor":22.0,"key":"Ancient Potion"},{"floor":42.0,"key":"Strength Potion"}],"is_trial":false,"path_per_floor":["M","?","$","?","M","R","M","R","T","R","M","E","$","M","R","B",null,"M","M","$","?","M","R","E","M","T","R","$","M","$","M","R","B",null,"M","M","?","$","?","R","E","?","T","M","$","M","M","E","R","B",null],"character_chosen":"IRONCLAD","items_purchased":["Sling","Pen Nib","Battle Trance","ClockworkSouvenir","Metallicize","Shrug It Off"],"campfire_rested":0,"item_purchase_floors":[3,28,28,30,45,45],"current_hp_per_floor":[78,58,58,47,51,51,51,51,51,51,57,55,55,61,61,18,80,66,67,67,67,62,62,41,47,47,47,47,51,51,57,57,24,80,69,69,69,69,69,69,75,89,89,94,94,94,83,77,77,57],"gold":134,"neow_bonus":"HUNDRED_GOLD","is_prod":false,"is_daily":false,"chose_seed":false,"campfire_upgraded":9,"win_rate":0,"timestamp":1563348111,"path_taken":["M","?","$","?","M","R","M","R","T","R","M","E","$","M","R","BOSS","M","M","$","?","M","R","E","M","T","R","?","M","$","M","R","BOSS","M","M","?","$","?","R","E","?","T","M","$","M","M","E","R","BOSS"],"build_version":"2019-07-10","purchased_purges":4,"victory":true,"max_hp_per_floor":[80,80,80,80,80,80,80,80,80,80,80,80,80,80,80,80,80,80,80,80,80,80,80,80,80,80,80,80,80,80,80,80,80,80,80,80,80,80,80,80,80,94,94,94,94,94,94,94,94,94],"card_choices":[{"not_picked":["Havoc","Pommel Strike","Flex"],"picked":"SKIP","floor":1.0},{"not_picked":["Heavy Blade","Cleave"],"picked":"Sword Boomerang","floor":5.0},{"not_picked":["Thunderclap","Battle Trance"],"picked":"Spot Weakness","floor":7.0},{"not_picked":["Searing Blow","Uppercut","Warcry"],"picked":"SKIP","floor":11.0},{"not_picked":["Exhume","Sentinel"],"picked":"Whirlwind","floor":12.0},{"not_picked":["Thunderclap","Rage","Flex"],"picked":"SKIP","floor":14.0},{"not_picked":["Barricade","Berserk"],"picked":"Impervious","floor":16.0},{"not_picked":["Blood for Blood+1"],"picked":"SKIP","floor":18.0},{"not_picked":["Body Slam+1"],"picked":"SKIP","floor":19.0},{"not_picked":["Anger+1"],"picked":"SKIP","floor":22.0},{"not_picked":["Disarm"],"picked":"SKIP","floor":24.0},{"not_picked":["Disarm"],"picked":"SKIP","floor":25.0},{"not_picked":["Body Slam"],"picked":"SKIP","floor":29.0},{"not_picked":["Warcry"],"picked":"SKIP","floor":31.0},{"not_picked":["Cleave"],"picked":"SKIP","floor":35.0},{"not_picked":["Blood for Blood+1"],"picked":"SKIP","floor":36.0},{"not_picked":["Headbutt+1"],"picked":"SKIP","floor":41.0},{"not_picked":["Second Wind"],"picked":"SKIP","floor":44.0},{"not_picked":["Feel No Pain"],"picked":"SKIP","floor":44.0},{"not_picked":["Iron Wave+1"],"picked":"SKIP","floor":46.0},{"not_picked":["Clothesline+1"],"picked":"SKIP","floor":46.0},{"not_picked":["Iron Wave+1"],"picked":"SKIP","floor":46.0},{"not_picked":["Clothesline+1"],"picked":"SKIP","floor":46.0},{"not_picked":["Second Wind+1"],"picked":"SKIP","floor":47.0},{"not_picked":["Heavy Blade+1"],"picked":"SKIP","floor":47.0},{"not_picked":["Rupture"],"picked":"SKIP","floor":48}],"player_experience":172248,"relics_obtained":[{"floor":9.0,"key":"Mercury Hourglass"},{"floor":12.0,"key":"Boot"},{"floor":24.0,"key":"Paper Frog"},{"floor":26.0,"key":"Meat on the Bone"},{"floor":41.0,"key":"Prayer Wheel"},{"floor":42.0,"key":"Mango"},{"floor":43.0,"key":"Bottled Lightning"},{"floor":48,"key":"Vajra"}],"event_choices":[{"damage_healed":0.0,"max_hp_gain":0.0,"max_hp_loss":0.0,"gold_gain":0.0,"event_name":"Golden Idol","player_choice":"Take Damage","floor":2.0,"gold_loss":0.0,"damage_taken":20.0,"relics_obtained":["Golden Idol"]},{"damage_healed":0.0,"max_hp_gain":0.0,"max_hp_loss":0.0,"gold_gain":75.0,"event_name":"World of Goop","player_choice":"Gather Gold","floor":4.0,"gold_loss":0.0,"damage_taken":11.0},{"damage_healed":0.0,"max_hp_gain":0.0,"max_hp_loss":0.0,"gold_gain":100.0,"event_name":"Golden Shrine","player_choice":"Pray","floor":21.0,"gold_loss":0.0,"damage_taken":0.0},{"damage_healed":0.0,"max_hp_gain":0.0,"max_hp_loss":0.0,"gold_gain":0.0,"event_name":"SensoryStone","player_choice":"Memory 1","floor":37.0,"gold_loss":0.0,"damage_taken":0.0},{"damage_healed":0.0,"max_hp_gain":0.0,"max_hp_loss":0.0,"gold_gain":0.0,"event_name":"Mysterious Sphere","player_choice":"Ignored","floor":39.0,"gold_loss":0.0,"damage_taken":0.0},{"damage_healed":0.0,"max_hp_gain":0.0,"max_hp_loss":0.0,"gold_gain":0.0,"event_name":"MindBloom","player_choice":"Fight","floor":42.0,"gold_loss":0.0,"damage_taken":0.0}],"is_beta":true,"boss_relics":[{"not_picked":["Fusion Hammer","Coffee Dripper"],"picked":"Busted Crown"},{"not_picked":["Calling Bell","Astrolabe"],"picked":"Runic Cube"}],"items_purged_floors":[13,20,38,45],"is_endless":false,"potions_floor_spawned":[5,14,19,22,29,35,41,42],"ascension_level":0}