{"gold_per_floor":[109,109,123,133,58,91,91,119,119,119,50,66,100,126,126,231,231,242,142,157,167,179,179,199,199,225,236,268,268],"floor_reached":29,"playtime":697,"items_purged":["Strike_R","Strike_R"],"score":255,"play_id":"4a3e77d4-a234-408a-a39e-321f2aba6a67","local_time":"20190721022305","is_ascension_mode":false,"campfire_choices":[{"data":"Sword Boomerang","floor":7.0,"key":"SMITH"},{"data":"Sword Boomerang","floor":10.0,"key":"SMITH"},{"data":"Inflame","floor":15.0,"key":"SMITH"},{"data":"Demon Form","floor":23,"key":"SMITH"},{"data":"Defend_R","floor":25,"key":"SMITH"}],"neow_cost":"NONE","seed_source_timestamp":107106461608200,"circlet_count":0,"master_deck":["Strike_R","Strike_R+1","Strike_R+1","Defend_R","Defend_R","Defend_R","Defend_R+1","Bash+1","Sword Boomerang+1","Sword Boomerang+1","Inflame+1","Demon Form+1"],"special_seed":0,"relics":["Burning Blood","Calipers","Odd Mushroom","Ginger","Meat on the Bone","Dream Catcher","Runic Pyramid","Whetstone","Gambling Chip"],"potions_floor_usage":[21,22,28],"damage_taken":[{"damage":8.0,"enemies":"2 Louse","floor":1.0,"turns":3.0},{"damage":6.0,"enemies":"Cultist","floor":3.0,"turns":3.0},{"damage":12.0,"enemies":"Small Slimes","floor":4.0,"turns":4.0},{"damage":28.0,"enemies":"Gremlin Nob","floor":6.0,"turns":4.0},{"damage":12.0,"enemies":"The Mushroom Lair","floor":8.0,"turns":6.0},{"damage":4.0,"enemies":"Blue Slaver","floor":12.0,"turns":4.0},{"damage":18.0,"enemies":"Lagavulin","floor":13.0,"turns":5.0},{"damage":20.0,"enemies":"Slime Boss","floor":16.0,"turns":4.0},{"damage":10,"enemies":"Chosen","floor":18,"turns":3},{"damage":15,"enemies":"Shell Parasite","floor":20,"turns":3},{"damage":16,"enemies":"Centurion and Healer","floor":21,"turns":5},{"damage":24,"enemies":"Sentry and Sphere","floor":22,"turns":4},{"damage":31,"enemies":"3 Cultists","floor":24,"turns":4},{"damage":21,"enemies":"Snake Plant","floor":27,"turns":4},{"damage":41,"enemies":"Gremlin Leader","floor":28,"turns":5},{"damage":20,"enemies":"Centurion and Healer","floor":29,"turns":3}],"seed_played":"-3769167917379053936","potions_obtained":[{"floor":4.0,"key":"Energy Potion"},{"floor":6.0,"key":"SpeedPotion"},{"floor":12.0,"key":"Block Potion"},{"floor":13.0,"key":"Block Potion"},{"floor":20,"key":"EntropicBrew"}],"is_trial":false,"path_per_floor":["M","?","M","M","$","E","R","?","T","R","$","M","E","T","R","B",null,"M","$","M","M","M","R","M","R","T","M","E","M"],"character_chosen":"IRONCLAD","items_purchased":["Inflame"],"campfire_rested":0,"item_purchase_floors":[11],"current_hp_per_floor":[86,86,86,80,80,58,58,52,52,52,52,54,42,42,42,40,88,84,84,75,65,59,59,46,46,46,43,20,0],"gold":268,"neow_bonus":"TEN_PERCENT_HP_BONUS","is_prod":false,"is_daily":false,"chose_seed":false,"campfire_upgraded":5,"win_rate":0,"timestamp":1563664985,"path_taken":["M","?","M","?","$","E","R","?","T","R","$","M","E","?","R","BOSS","BOSS","M","$","M","M","M","R","?","R","T","M","E","?"],"build_version":"2019-07-17","purchased_purges":2,"victory":false,"max_hp_per_floor":[88,88,88,88,88,88,88,88,88,88,88,88,88,88,88,88,88,88,88,88,88,88,88,88,88,88,88,88,88],"card_choices":[{"not_picked":["Pommel Strike","Entrench","Flex"],"picked":"SKIP","floor":1.0},{"not_picked":["Uppercut","Evolve"],"picked":"Sword Boomerang","floor":3.0},{"not_picked":["Havoc","Ghostly Armor","Armaments"],"picked":"SKIP","floor":4.0},{"not_picked":["Clash","Corruption","Hemokinesis"],"picked":"SKIP","floor":6.0},{"not_picked":["Fiend Fire","Flex"],"picked":"Sword Boomerang","floor":8.0},{"not_picked":["Corruption","Cleave","Pommel Strike"],"picked":"SKIP","floor":12.0},{"not_picked":["Wild Strike","Burning Pact","Flame Barrier"],"picked":"SKIP","floor":13.0},{"not_picked":["Exhume","Feed"],"picked":"Demon Form","floor":16},{"not_picked":["Body Slam","Pommel Strike+1","Reckless Charge"],"picked":"SKIP","floor":18},{"not_picked":["Clash","Anger","Headbutt+1"],"picked":"SKIP","floor":20},{"not_picked":["Fire Breathing","Havoc","Blood for Blood"],"picked":"SKIP","floor":21},{"not_picked":["Thunderclap+1","Clash","Corruption+1"],"picked":"SKIP","floor":22},{"not_picked":["Flex","Clash","Flame Barrier"],"picked":"SKIP","floor":24},{"not_picked":["Havoc","Sword Boomerang","Second Wind"],"picked":"SKIP","floor":27},{"not_picked":["Reckless Charge","True Grit","Intimidate"],"picked":"SKIP","floor":28}],"player_experience":716250,"relics_obtained":[{"floor":6.0,"key":"Calipers"},{"floor":8.0,"key":"Odd Mushroom"},{"floor":9.0,"key":"Ginger"},{"floor":13.0,"key":"Meat on the Bone"},{"floor":14.0,"key":"Dream Catcher"},{"floor":26,"key":"Whetstone"},{"floor":28,"key":"Gambling Chip"}],"event_choices":[{"damage_healed":0.0,"max_hp_gain":0.0,"max_hp_loss":0.0,"gold_gain":0.0,"event_name":"Upgrade Shrine","player_choice":"Upgraded","floor":2.0,"gold_loss":0.0,"damage_taken":0.0,"cards_upgraded":["Bash"]},{"damage_healed":0.0,"max_hp_gain":0.0,"max_hp_loss":0.0,"gold_gain":0.0,"event_name":"Mushrooms","player_choice":"Fought Mushrooms","floor":8.0,"gold_loss":0.0,"damage_taken":0.0}],"is_beta":false,"boss_relics":[{"not_picked":["Eternal Feather","Black Star"],"picked":"Runic Pyramid"}],"items_purged_floors":[5,19],"is_endless":false,"potions_floor_spawned":[4,6,12,13,20],"killed_by":"Centurion and Healer","ascension_level":0}