{"path_per_floor":["M","M","M","M","$","R","M","$","T","?","M","T","$","M","R","B",null,"M","?","M","M","$","M","E","M","T","M","R","M","M","M","R"],"character_chosen":"DEFECT","items_purchased":["Oddly Smooth Stone","Buffer","Apotheosis","Leap"],"gold_per_floor":[109,127,146,159,159,159,171,22,48,48,66,92,20,35,35,163,201,214,245,258,281,60,81,125,146,146,162,162,182,201,224,224,224],"floor_reached":33,"campfire_rested":2,"playtime":2258,"current_hp_per_floor":[71,67,62,58,58,58,53,53,53,53,46,46,46,44,44,20,74,74,59,59,43,43,35,26,19,19,1,23,13,11,5,27,0],"items_purged":[],"gold":224,"score":292,"play_id":"f6d98ca8-b6b2-4c4a-bdbb-bda665e07843","local_time":"20180501061718","is_prod":false,"is_daily":false,"chose_seed":false,"is_ascension_mode":false,"campfire_upgraded":2,"timestamp":1525144638,"path_taken":["M","M","M","?","$","R","M","$","T","?","M","?","$","?","R","BOSS","M","?","M","M","$","M","E","?","T","M","R","M","M","M","R","BOSS"],"build_version":"2018-04-27v3","seed_source_timestamp":732947156435164,"purchased_purges":0,"victory":false,"master_deck":["Strike_B","Strike_B","Strike_B","Strike_B","Defend_B","Defend_B","Defend_B","Defend_B","Zap+1","Dualcast","Reinforced Body","Static Discharge+1","FTL","Tempest","Go for the Eyes+1","Buffer","Leap","Machine Learning","Auto Shields","Storm","Leap","Ball Lightning+1","Apotheosis","Leap","Beam Cell+1","Auto Shields+1","Capacitor","Capacitor","Leap+1","Reinforced Body","Skim"],"max_hp_per_floor":[75,75,75,75,75,75,75,75,75,69,69,69,69,69,69,69,74,74,74,74,74,74,74,74,74,74,74,74,74,74,74,74,74],"relics":["Cracked Core","Oddly Smooth Stone","Bronze Scales","Golden Idol","Prayer Wheel","Tiny House","Red Mask","Ancient Tea Set","Bottled Flame"],"card_choices":[{"not_picked":["Capacitor","Rebound"],"picked":"Reinforced Body","floor":1},{"not_picked":["Capacitor","Conserve Battery"],"picked":"Static Discharge","floor":2},{"not_picked":["Coolheaded","Stack"],"picked":"FTL","floor":3},{"not_picked":["Scrape","Leap"],"picked":"Tempest","floor":4},{"not_picked":["Force Field","Beam Cell"],"picked":"Go for the Eyes","floor":7},{"not_picked":["Rebound","Go for the Eyes"],"picked":"Leap","floor":14},{"not_picked":["Biased Cognition","Fusion"],"picked":"Machine Learning","floor":16},{"not_picked":["Rebound","Hologram"],"picked":"Auto Shields","floor":17},{"not_picked":["Blaster","Blizzard"],"picked":"Storm","floor":18},{"not_picked":["Beam Cell","Melter"],"picked":"Leap","floor":20},{"not_picked":["Melter","Impulse"],"picked":"Ball Lightning","floor":21},{"not_picked":["Glacier","Streamline"],"picked":"Beam Cell","floor":23},{"not_picked":["Force Field","Recycle"],"picked":"Auto Shields","floor":24},{"not_picked":["Rebound","Conserve Battery"],"picked":"Capacitor","floor":25},{"not_picked":["Glacier","Cold Snap"],"picked":"Capacitor","floor":26},{"not_picked":["Self Repair","Fusion"],"picked":"Leap","floor":27},{"not_picked":["Impulse","Sweeping Beam"],"picked":"Reinforced Body","floor":30},{"not_picked":["Blizzard","Chaos"],"picked":"Skim","floor":31}],"player_experience":114652,"potions_floor_usage":[19,19,24,24,25,29,31,31],"damage_taken":[{"damage":4,"enemies":"Cultist","floor":1,"turns":4},{"damage":4,"enemies":"Small Slimes","floor":2,"turns":3},{"damage":5,"enemies":"Jaw Worm","floor":3,"turns":4},{"damage":4,"enemies":"Exordium Wildlife","floor":4,"turns":5},{"damage":5,"enemies":"3 Louse","floor":7,"turns":5},{"damage":7,"enemies":"Looter","floor":11,"turns":2},{"damage":2,"enemies":"Exordium Wildlife","floor":14,"turns":3},{"damage":24,"enemies":"Hexaghost","floor":16,"turns":6},{"damage":0,"enemies":"Chosen","floor":18,"turns":5},{"damage":15,"enemies":"Masked Bandits","floor":19,"turns":3},{"damage":0,"enemies":"Spheric Guardian","floor":20,"turns":3},{"damage":16,"enemies":"Centurion and Healer","floor":21,"turns":16},{"damage":8,"enemies":"Snecko","floor":23,"turns":6},{"damage":9,"enemies":"Slavers","floor":24,"turns":4},{"damage":7,"enemies":"Chosen and Byrds","floor":25,"turns":5},{"damage":18,"enemies":"Sentry and Sphere","floor":27,"turns":5},{"damage":10,"enemies":"3 Cultists","floor":29,"turns":6},{"damage":2,"enemies":"Snake Plant","floor":30,"turns":4},{"damage":6,"enemies":"Slaver and Parasite","floor":31,"turns":7},{"damage":46,"enemies":"Collector","floor":33,"turns":8}],"event_choices":[{"event_name":"Golden Idol","player_choice":"Lose Max HP","floor":10,"damage_taken":0}],"boss_relics":[{"not_picked":["Sozu","Orrery"],"picked":"Tiny House"}],"potions_floor_spawned":[1,3,4,7,21,24,27,29,30],"seed_played":"5818660696672291849","killed_by":"Collector","ascension_level":0,"is_trial":false}