{"gold_per_floor":[116,35,47,77,91,121,140,156,231,256,256,431,40,91,91,190,190,207,219,71,109,166,232,269,299,299,299,299,46,46,79,79,176,176,196,196,211,211,229,229,229,264,346,346,346,363,397,167,167,167],"floor_reached":51,"playtime":1516,"items_purged":["Doubt","Strike_R"],"score":733,"play_id":"c12b9624-6dfb-4d54-82a3-abdbf1ca576c","local_time":"20181110110719","is_ascension_mode":false,"campfire_choices":[{"data":"Inflame","floor":11.0,"key":"SMITH"},{"data":"Inflame","floor":15.0,"key":"SMITH"},{"data":"Sword Boomerang","floor":28.0,"key":"SMITH"},{"data":"Bash","floor":32.0,"key":"SMITH"},{"data":"Double Tap","floor":45.0,"key":"SMITH"},{"data":"Sword Boomerang","floor":49,"key":"SMITH"}],"neow_cost":"NONE","seed_source_timestamp":0,"circlet_count":0,"master_deck":["Strike_R+1","Strike_R+1","Strike_R+1","Strike_R+1","Defend_R+1","Defend_R+1","Defend_R+1","Defend_R+1","Bash+1","Inflame+1","Shrug It Off","Twin Strike","Inflame+1","HandOfGreed","Shrug It Off","Sword Boomerang+1","Armaments+1","Reaper","Double Tap+1","Shrug It Off","Shrug It Off","Sword Boomerang","Bandage Up","Demon Form+1","Shrug It Off","Sword Boomerang+1"],"special_seed":0,"relics":["Burning Blood","NeowsBlessing","Tiny Chest","Champion Belt","Mercury Hourglass","Bag of Marbles","Coffee Dripper","Bag of Preparation","Ornamental Fan","Sundial","Orrery","Frozen Egg 2"],"potions_floor_usage":[50,50,50,50,50,50],"damage_taken":[{"damage":0.0,"enemies":"2 Louse","floor":1.0,"turns":1.0},{"damage":0.0,"enemies":"Small Slimes","floor":3.0,"turns":2.0},{"damage":0.0,"enemies":"Jaw Worm","floor":5.0,"turns":1.0},{"damage":28.0,"enemies":"Gremlin Nob","floor":6.0,"turns":4.0},{"damage":4.0,"enemies":"Blue Slaver","floor":7.0,"turns":4.0},{"damage":0.0,"enemies":"3 Louse","floor":8.0,"turns":3.0},{"damage":10.0,"enemies":"Lagavulin","floor":10.0,"turns":6.0},{"damage":9.0,"enemies":"Exordium Thugs","floor":14.0,"turns":5.0},{"damage":30.0,"enemies":"Hexaghost","floor":16.0,"turns":10.0},{"damage":5.0,"enemies":"2 Thieves","floor":18.0,"turns":4.0},{"damage":5.0,"enemies":"Spheric Guardian","floor":19.0,"turns":3.0},{"damage":5.0,"enemies":"Centurion and Healer","floor":21.0,"turns":6.0},{"damage":0.0,"enemies":"Cultist and Chosen","floor":22.0,"turns":5.0},{"damage":18.0,"enemies":"Slavers","floor":23.0,"turns":5.0},{"damage":5.0,"enemies":"Snecko","floor":24.0,"turns":4.0},{"damage":17.0,"enemies":"Shelled Parasite and Fungi","floor":25.0,"turns":5.0},{"damage":1.0,"enemies":"3 Cultists","floor":31.0,"turns":4.0},{"damage":60.0,"enemies":"Champ","floor":33.0,"turns":9.0},{"damage":2.0,"enemies":"3 Shapes","floor":35.0,"turns":4.0},{"damage":19.0,"enemies":"3 Darklings","floor":37.0,"turns":5.0},{"damage":16.0,"enemies":"Maw","floor":39.0,"turns":6.0},{"damage":38.0,"enemies":"Jaw Worm Horde","floor":42.0,"turns":4.0},{"damage":19.0,"enemies":"3 Darklings","floor":46.0,"turns":5.0},{"damage":8.0,"enemies":"Spire Growth","floor":47.0,"turns":3.0},{"damage":44,"enemies":"Time Eater","floor":50,"turns":8}],"seed_played":"-1075464545503471592","potions_obtained":[{"floor":1.0,"key":"Fire Potion"},{"floor":6.0,"key":"Poison Potion"},{"floor":7.0,"key":"BloodPotion"},{"floor":10.0,"key":"EntropicBrew"},{"floor":14.0,"key":"SpeedPotion"},{"floor":21.0,"key":"PowerPotion"},{"floor":23.0,"key":"PowerPotion"},{"floor":37.0,"key":"EssenceOfSteel"},{"floor":39.0,"key":"Energy Potion"}],"is_trial":false,"path_per_floor":["M","$","M","M","?","M","E","M","M","T","E","R","?","$","M","R","B",null,"M","M","$","M","M","E","M","M","T","?","R","$","?","M","R","B",null,"M","?","M","?","M","$","?","M","T","?","R","M","M","$","R","B",null],"character_chosen":"IRONCLAD","items_purchased":["Inflame","Inflame","HandOfGreed","Shrug It Off","Bag of Preparation","Reaper","Demon Form+1","Shrug It Off","Sword Boomerang"],"campfire_rested":0,"item_purchase_floors":[2,13,13,13,20,29,48,48,48],"current_hp_per_floor":[80,80,80,55,61,39,41,47,47,43,43,43,43,40,40,16,80,80,80,80,80,80,68,69,58,58,58,58,58,58,73,73,28,80,80,80,67,67,61,61,61,48,48,48,48,63,65,65,65,66],"gold":167,"neow_bonus":"THREE_ENEMY_KILL","is_prod":false,"is_daily":false,"chose_seed":false,"campfire_upgraded":6,"win_rate":0,"timestamp":1541840839,"path_taken":["M","$","M","?","M","E","M","M","T","E","R","?","$","M","R","BOSS","M","M","$","M","M","E","M","M","T","?","R","$","?","M","R","BOSS","M","?","M","?","M","$","?","M","T","?","R","?","M","?","R","BOSS"],"build_version":"2018-11-08","purchased_purges":2,"victory":true,"max_hp_per_floor":[80,80,80,80,80,80,80,80,80,80,80,80,80,80,80,80,80,80,80,80,80,80,80,80,80,80,80,80,80,80,80,80,80,80,80,80,80,80,80,80,76,76,76,76,76,76,76,76,76,76],"card_choices":[{"not_picked":["Corruption","Wild Strike","Heavy Blade"],"picked":"SKIP","floor":1.0},{"not_picked":["Iron Wave","Wild Strike"],"picked":"Shrug It Off","floor":3.0},{"not_picked":["Iron Wave","Sever Soul","Seeing Red"],"picked":"SKIP","floor":5.0},{"not_picked":["Hemokinesis","Headbutt"],"picked":"Twin Strike","floor":6.0},{"not_picked":["Corruption","Headbutt","Brutality"],"picked":"SKIP","floor":7.0},{"not_picked":["Heavy Blade","Wild Strike","Reckless Charge"],"picked":"SKIP","floor":8.0},{"not_picked":["Flex","Infernal Blade","Perfected Strike"],"picked":"SKIP","floor":10.0},{"not_picked":["Cleave","Twin Strike","Anger"],"picked":"SKIP","floor":14.0},{"not_picked":["Infernal Blade","Wild Strike+1"],"picked":"Sword Boomerang","floor":18.0},{"not_picked":["Disarm","Twin Strike","Havoc"],"picked":"SKIP","floor":19.0},{"not_picked":["Blood for Blood","Whirlwind","Cleave+1"],"picked":"SKIP","floor":21.0},{"not_picked":["Reckless Charge","Warcry","Seeing Red"],"picked":"SKIP","floor":22.0},{"not_picked":["Heavy Blade","Second Wind","Intimidate"],"picked":"SKIP","floor":23.0},{"not_picked":["True Grit","Pummel+1"],"picked":"Armaments+1","floor":24.0},{"not_picked":["Headbutt","Anger","Heavy Blade"],"picked":"SKIP","floor":25.0},{"not_picked":["Armaments+1","Body Slam","Twin Strike"],"picked":"SKIP","floor":31.0},{"not_picked":["Impervious","Berserk"],"picked":"Double Tap","floor":33.0},{"not_picked":["Flame Barrier+1","Berserk"],"picked":"Warcry+1","floor":34.0},{"not_picked":["Twin Strike+1","Pummel"],"picked":"Shrug It Off","floor":34.0},{"not_picked":["Thunderclap","Anger"],"picked":"Shrug It Off","floor":34.0},{"not_picked":["Flex","Armaments","Pommel Strike"],"picked":"SKIP","floor":35.0},{"not_picked":["Headbutt","Corruption+1"],"picked":"Sword Boomerang","floor":37.0},{"not_picked":["Madness","Enlightenment"],"picked":"Bandage Up","floor":38.0},{"not_picked":["Flame Barrier","Havoc","Clothesline"],"picked":"SKIP","floor":39.0},{"not_picked":["Iron Wave","Ghostly Armor","Perfected Strike"],"picked":"SKIP","floor":42.0},{"not_picked":["Corruption+1","Warcry","Flex"],"picked":"SKIP","floor":46.0},{"not_picked":["Iron Wave+1","Flex+1","Thunderclap+1"],"picked":"SKIP","floor":47.0}],"player_experience":446350,"relics_obtained":[{"floor":6.0,"key":"Champion Belt"},{"floor":9.0,"key":"Mercury Hourglass"},{"floor":10.0,"key":"Bag of Marbles"},{"floor":23.0,"key":"Ornamental Fan"},{"floor":26.0,"key":"Sundial"},{"floor":43.0,"key":"Frozen Egg 2"}],"event_choices":[{"damage_healed":0.0,"max_hp_gain":0.0,"max_hp_loss":0.0,"gold_gain":0.0,"event_name":"Scrap Ooze","player_choice":"Success","floor":4.0,"gold_loss":0.0,"damage_taken":25.0,"relics_obtained":["Tiny Chest"]},{"damage_healed":0.0,"max_hp_gain":0.0,"max_hp_loss":0.0,"gold_gain":175.0,"event_name":"Liars Game","player_choice":"AGREE","floor":12.0,"gold_loss":0.0,"damage_taken":0.0,"cards_obtained":["Doubt"]},{"damage_healed":0.0,"max_hp_gain":0.0,"max_hp_loss":0.0,"gold_gain":0.0,"event_name":"Ghosts","player_choice":"Ignored","floor":27.0,"gold_loss":0.0,"damage_taken":0.0},{"damage_healed":0.0,"max_hp_gain":0.0,"max_hp_loss":0.0,"gold_gain":0.0,"event_name":"Back to Basics","player_choice":"Simplicity","floor":30.0,"gold_loss":0.0,"damage_taken":0.0,"cards_upgraded":["Strike_R","Strike_R","Strike_R","Strike_R","Defend_R","Defend_R","Defend_R","Defend_R"]},{"cards_removed":["Warcry"],"damage_healed":0.0,"max_hp_gain":0.0,"max_hp_loss":0.0,"gold_gain":0.0,"event_name":"Falling","player_choice":"Removed Skill","floor":36.0,"gold_loss":0.0,"damage_taken":0.0},{"damage_healed":0.0,"max_hp_gain":0.0,"max_hp_loss":0.0,"gold_gain":0.0,"event_name":"SensoryStone","player_choice":"Memory 1","floor":38.0,"gold_loss":0.0,"damage_taken":0.0},{"damage_healed":0.0,"max_hp_gain":0.0,"max_hp_loss":4.0,"gold_gain":0.0,"event_name":"Winding Halls","player_choice":"Max HP","floor":41.0,"gold_loss":0.0,"damage_taken":0.0},{"damage_healed":0.0,"max_hp_gain":0.0,"max_hp_loss":0.0,"gold_gain":0.0,"event_name":"Tomb of Lord Red Mask","player_choice":"Ignored","floor":44.0,"gold_loss":0.0,"damage_taken":0.0}],"is_beta":false,"boss_relics":[{"not_picked":["Runic Pyramid","Astrolabe"],"picked":"Coffee Dripper"},{"not_picked":["Philosopher\u0027s Stone","Lizard Tail"],"picked":"Orrery"}],"items_purged_floors":[13,29],"is_endless":false,"potions_floor_spawned":[1,6,7,10,14,21,22,23,24,37,39],"ascension_level":0}