{"gold_per_floor":[113,130,145,163,163,163,182,197,221,231,260,6,24,53,53,152,152,164,182,182,201,221,221,240,148,148,166,166],"floor_reached":28,"playtime":1049,"items_purged":[],"score":238,"play_id":"037bb9ac-c24f-460b-b269-fe8170f83ec1","local_time":"20180728075822","is_ascension_mode":false,"campfire_choices":[{"data":"Zap","floor":6.0,"key":"SMITH"},{"data":"Seek","floor":15.0,"key":"SMITH"},{"data":"Machine Learning","floor":23,"key":"SMITH"}],"neow_cost":"CURSE","seed_source_timestamp":0,"circlet_count":0,"master_deck":["Strike_B","Strike_B","Strike_B","Strike_B","Defend_B","Defend_B","Defend_B","Defend_B","Zap+1","Dualcast","Parasite","Conserve Battery","Auto Shields","Beam Cell","Gash","Gash","BootSequence","Beam Cell","Seek+1","Machine Learning+1","Gash+1","Beam Cell","Blind","Go for the Eyes"],"special_seed":0,"relics":["Cracked Core","Ginger","Potion Belt","Bronze Scales","Kunai","Orichalcum","Coffee Dripper","Ancient Tea Set","Smiling Mask"],"potions_floor_usage":[28],"damage_taken":[{"damage":0.0,"enemies":"Small Slimes","floor":1.0,"turns":2.0},{"damage":1.0,"enemies":"Cultist","floor":2.0,"turns":3.0},{"damage":0.0,"enemies":"Jaw Worm","floor":3.0,"turns":4.0},{"damage":8.0,"enemies":"Red Slaver","floor":4.0,"turns":4.0},{"damage":2.0,"enemies":"Blue Slaver","floor":7.0,"turns":4.0},{"damage":0.0,"enemies":"Looter","floor":8.0,"turns":3.0},{"damage":2.0,"enemies":"Exordium Thugs","floor":10.0,"turns":4.0},{"damage":12.0,"enemies":"3 Sentries","floor":11.0,"turns":8.0},{"damage":2.0,"enemies":"Lots of Slimes","floor":13.0,"turns":3.0},{"damage":12.0,"enemies":"Lagavulin","floor":14.0,"turns":5.0},{"damage":23.0,"enemies":"Slime Boss","floor":16.0,"turns":12.0},{"damage":11.0,"enemies":"2 Thieves","floor":18.0,"turns":4.0},{"damage":0.0,"enemies":"Chosen","floor":19.0,"turns":4.0},{"damage":1,"enemies":"Centurion and Healer","floor":21,"turns":6},{"damage":34,"enemies":"Cultist and Chosen","floor":22,"turns":7},{"damage":15,"enemies":"Sentry and Sphere","floor":24,"turns":5},{"damage":0,"enemies":"Centurion and Healer","floor":27,"turns":7},{"damage":18,"enemies":"Gremlin Leader","floor":28,"turns":4}],"seed_played":"3548032249453088025","potions_obtained":[{"floor":1.0,"key":"FearPotion"},{"floor":3.0,"key":"Swift Potion"},{"floor":4.0,"key":"LiquidBronze"},{"floor":18.0,"key":"Weak Potion"},{"floor":19.0,"key":"Explosive Potion"}],"is_trial":false,"path_per_floor":["M","M","M","M","$","R","M","M","T","M","E","$","M","E","R","B",null,"M","M","?","M","M","R","M","$","T","M"],"character_chosen":"DEFECT","items_purchased":["Kunai","Blind"],"campfire_rested":0,"item_purchase_floors":[12,25],"current_hp_per_floor":[75,74,74,66,66,66,64,64,64,62,50,50,48,36,36,13,75,64,64,64,63,29,29,14,14,14,14,0],"gold":166,"neow_bonus":"ONE_RARE_RELIC","is_prod":false,"is_daily":false,"chose_seed":false,"campfire_upgraded":3,"win_rate":0,"timestamp":1532753902,"path_taken":["M","M","M","M","$","R","M","M","T","M","E","$","M","E","R","BOSS","M","M","?","M","M","R","M","$","T","M","E"],"build_version":"2018-07-26","purchased_purges":0,"victory":false,"max_hp_per_floor":[75,75,75,75,75,75,75,75,75,75,75,75,75,75,75,75,75,75,75,75,75,75,75,75,75,75,75,75],"card_choices":[{"not_picked":["Reinforced Body","Glacier"],"picked":"Conserve Battery","floor":1.0},{"not_picked":["Lockon","Cold Snap"],"picked":"Auto Shields","floor":2.0},{"not_picked":["Force Field","Go for the Eyes"],"picked":"Beam Cell","floor":3.0},{"not_picked":["Streamline","Conserve Battery"],"picked":"Gash","floor":4.0},{"not_picked":["Recycle","Loop","Barrage"],"picked":"SKIP","floor":7.0},{"not_picked":["Blizzard","Rebound","Melter"],"picked":"SKIP","floor":8.0},{"not_picked":["Steam","Steam Power"],"picked":"Gash","floor":10.0},{"not_picked":["Ball Lightning","Undo"],"picked":"BootSequence","floor":11.0},{"not_picked":["Thunder Strike","Leap"],"picked":"Beam Cell","floor":13.0},{"not_picked":["Force Field","Leap"],"picked":"Seek","floor":14.0},{"not_picked":["Biased Cognition","Reboot"],"picked":"Machine Learning","floor":16.0},{"not_picked":["Capacitor+1","Melter","Redo"],"picked":"SKIP","floor":18.0},{"not_picked":["Beam Cell","Stack"],"picked":"Gash+1","floor":19.0},{"not_picked":["Blizzard","Melter"],"picked":"Beam Cell","floor":21},{"not_picked":["Barrage","Turbo","Fusion+1"],"picked":"SKIP","floor":22},{"not_picked":["Streamline","Defragment","Force Field+1"],"picked":"SKIP","floor":24},{"not_picked":["Seek","Steam"],"picked":"Go for the Eyes","floor":27}],"player_experience":243986,"relics_obtained":[{"floor":9.0,"key":"Potion Belt"},{"floor":11.0,"key":"Bronze Scales"},{"floor":14.0,"key":"Orichalcum"},{"floor":26,"key":"Smiling Mask"}],"event_choices":[{"event_name":"WeMeetAgain","player_choice":"Potion","floor":20.0,"damage_taken":0.0}],"is_beta":false,"boss_relics":[{"not_picked":["Orrery","Empty Cage"],"picked":"Coffee Dripper"}],"items_purged_floors":[],"is_endless":false,"potions_floor_spawned":[1,3,4,7,18,19],"killed_by":"Gremlin Leader","ascension_level":0}