{"gold_per_floor":[367,367,377,392,408,408,483,503,503,289,300,311,55,70,70,166,166,180,180,200,49,49,111,111,111,111,34,67,83,102,113,113,113],"floor_reached":33,"playtime":972,"items_purged":[],"score":281,"play_id":"a5872e26-5fa1-43ec-a367-82e5ea17812c","local_time":"20181028032705","is_ascension_mode":false,"campfire_choices":[{"data":"Zap","floor":6,"key":"SMITH"},{"data":"Loop","floor":15,"key":"SMITH"},{"floor":24,"key":"REST"},{"floor":32,"key":"REST"}],"neow_cost":"PERCENT_DAMAGE","seed_source_timestamp":299501425829710,"circlet_count":0,"master_deck":["Strike_B","Strike_B","Strike_B","Defend_B","Defend_B","Defend_B","Defend_B","Zap+1","Dualcast","Self Repair","Conserve Battery","Loop+1","Seek","Electrodynamics","Auto Shields","Conserve Battery+1"],"relics":["Cracked Core","Pen Nib","Anchor","Letter Opener","Busted Crown","Oddly Smooth Stone","Tiny Chest","Kunai","The Courier"],"potions_floor_usage":[5,12,16,23,33],"damage_taken":[{"damage":0,"enemies":"Small Slimes","floor":1,"turns":3},{"damage":6,"enemies":"Jaw Worm","floor":3,"turns":3},{"damage":1,"enemies":"Cultist","floor":4,"turns":4},{"damage":1,"enemies":"3 Louse","floor":5,"turns":3},{"damage":2,"enemies":"Blue Slaver","floor":8,"turns":4},{"damage":0,"enemies":"2 Fungi Beasts","floor":11,"turns":3},{"damage":18,"enemies":"Lots of Slimes","floor":12,"turns":5},{"damage":0,"enemies":"Blue Slaver","floor":14,"turns":3},{"damage":11,"enemies":"The Guardian","floor":16,"turns":10},{"damage":0,"enemies":"3 Byrds","floor":18,"turns":1},{"damage":10,"enemies":"2 Thieves","floor":20,"turns":3},{"damage":49,"enemies":"Book of Stabbing","floor":23,"turns":7},{"damage":15,"enemies":"Gremlin Leader","floor":28,"turns":7},{"damage":8,"enemies":"Snecko","floor":29,"turns":5},{"damage":7,"enemies":"Snake Plant","floor":30,"turns":4},{"damage":9,"enemies":"Shelled Parasite and Fungi","floor":31,"turns":8},{"damage":58,"enemies":"Automaton","floor":33,"turns":10}],"seed_played":"3354732522808636261","potions_obtained":[{"floor":1,"key":"Fire Potion"},{"floor":5,"key":"SteroidPotion"},{"floor":8,"key":"AttackPotion"},{"floor":14,"key":"Fire Potion"},{"floor":18,"key":"Fire Potion"},{"floor":23,"key":"SpeedPotion"},{"floor":28,"key":"AttackPotion"}],"is_trial":false,"path_per_floor":["M","$","M","M","M","R","?","M","T","$","M","M","$","M","R","B",null,"M","$","M","$","?","E","R","?","T","$","E","M","M","M","R"],"character_chosen":"DEFECT","items_purchased":["Loop","Anchor","Letter Opener","Oddly Smooth Stone","Auto Shields"],"campfire_rested":2,"item_purchase_floors":[10,10,13,21,27],"current_hp_per_floor":[54,54,55,61,67,67,56,61,61,61,68,57,57,64,64,60,75,75,75,65,65,65,23,45,45,45,45,37,36,36,34,56,0],"gold":113,"neow_bonus":"TWO_FIFTY_GOLD","is_prod":false,"is_daily":false,"chose_seed":false,"campfire_upgraded":2,"win_rate":0,"timestamp":1540686425,"path_taken":["M","$","M","M","M","R","?","M","T","?","M","M","$","M","R","BOSS","M","$","M","$","?","E","R","?","T","$","E","?","M","M","R","BOSS"],"build_version":"2018-10-25v2","purchased_purges":0,"victory":false,"max_hp_per_floor":[75,75,75,75,75,75,75,75,75,75,75,75,75,75,75,75,75,75,75,75,75,75,75,75,75,75,75,75,75,75,75,75,75],"card_choices":[{"not_picked":["Melter","White Noise"],"picked":"Self Repair","floor":1},{"not_picked":["Heatsinks","Beam Cell","Chill"],"picked":"SKIP","floor":3},{"not_picked":["Fusion","Turbo"],"picked":"Conserve Battery","floor":4},{"not_picked":["Stack","Recycle","Steam"],"picked":"SKIP","floor":5},{"not_picked":["White Noise","Turbo","Doom and Gloom"],"picked":"SKIP","floor":8},{"not_picked":["Aggregate","Streamline"],"picked":"Seek","floor":11},{"not_picked":["Compile Driver","Aggregate","Steam Power"],"picked":"SKIP","floor":12},{"not_picked":["Leap","Doom and Gloom","Streamline"],"picked":"SKIP","floor":14},{"not_picked":["Echo Form","Thunder Strike"],"picked":"Electrodynamics","floor":16},{"not_picked":["Conserve Battery"],"picked":"SKIP","floor":18},{"not_picked":["Go for the Eyes"],"picked":"SKIP","floor":20},{"not_picked":["Tempest"],"picked":"SKIP","floor":23},{"not_picked":["Redo"],"picked":"SKIP","floor":28},{"not_picked":[],"picked":"Conserve Battery+1","floor":29},{"not_picked":["Ball Lightning"],"picked":"SKIP","floor":30},{"not_picked":["Rebound"],"picked":"SKIP","floor":31}],"player_experience":439178,"relics_obtained":[{"floor":9,"key":"Pen Nib"},{"floor":23,"key":"Tiny Chest"},{"floor":26,"key":"Kunai"},{"floor":28,"key":"The Courier"}],"event_choices":[{"damage_healed":0,"gold_gain":75,"player_choice":"Gather Gold","damage_taken":11,"max_hp_gain":0,"max_hp_loss":0,"event_name":"World of Goop","floor":7,"gold_loss":0},{"damage_healed":0,"gold_gain":0,"player_choice":"Ignored","damage_taken":0,"max_hp_gain":0,"max_hp_loss":0,"event_name":"Vampires","floor":22,"gold_loss":0},{"cards_removed":["Strike_B"],"damage_healed":0,"gold_gain":0,"player_choice":"Purged","damage_taken":0,"max_hp_gain":0,"max_hp_loss":0,"event_name":"Purifier","floor":25,"gold_loss":0}],"is_beta":false,"boss_relics":[{"not_picked":["Astrolabe","Calling Bell"],"picked":"Busted Crown"}],"items_purged_floors":[],"is_endless":false,"potions_floor_spawned":[1,5,8,14,18,23,28,30],"killed_by":"Automaton","ascension_level":0}