{"gold_per_floor":[215,228,228,75,95,127,144,174,174,174,174,200,218,228,228,324,324,344,294,308,208,208,208,239,239,239,259,259,259,289,116,116,221,271,282,293,245,258,271,271,271,30,30,30,63,81,81,98,98,98],"floor_reached":51,"playtime":4637,"items_purged":["Strike_R","Carnage+1","Bash"],"score":975,"play_id":"988ab53a-e6d1-4144-9653-7f902d865127","local_time":"20181110203603","is_ascension_mode":true,"campfire_choices":[{"floor":11,"key":"REST"},{"floor":15,"key":"REST"},{"data":"Shrug It Off","floor":23,"key":"SMITH"},{"data":"True Grit","floor":25,"key":"SMITH"},{"data":"Shrug It Off","floor":28,"key":"SMITH"},{"data":"Rampage","floor":32,"key":"SMITH"},{"floor":41,"key":"REST"},{"floor":47,"key":"REST"},{"floor":49,"key":"REST"}],"neow_cost":"NONE","seed_source_timestamp":12383973029926,"circlet_count":0,"master_deck":["Strike_R","Strike_R","Defend_R","Defend_R","Defend_R","Rampage+1","Battle Trance+1","Headbutt+1","Shrug It Off+1","Thunderclap+1","Inflame","Pommel Strike+1","Twin Strike+1","Anger+1","True Grit+1","Spot Weakness+1","Shrug It Off+1","Fire Breathing+1","Whirlwind+1","Metallicize+1","Good Instincts"],"relics":["Burning Blood","Molten Egg 2","Gremlin Horn","Champion Belt","Ginger","Shuriken","Astrolabe","Kunai","Pantograph","Sundial","Tiny House","Bronze Scales","Paper Frog","The Courier"],"potions_floor_usage":[7,12,16,18,24,33,33,38,45,46,50,50],"damage_taken":[{"damage":5,"enemies":"Small Slimes","floor":1,"turns":4},{"damage":6,"enemies":"Jaw Worm","floor":2,"turns":5},{"damage":0,"enemies":"Cultist","floor":5,"turns":4},{"damage":32,"enemies":"Gremlin Nob","floor":6,"turns":4},{"damage":0,"enemies":"Red Slaver","floor":7,"turns":1},{"damage":30,"enemies":"Lagavulin","floor":8,"turns":5},{"damage":27,"enemies":"3 Sentries","floor":12,"turns":6},{"damage":5,"enemies":"3 Louse","floor":13,"turns":2},{"damage":0,"enemies":"Lots of Slimes","floor":14,"turns":1},{"damage":25,"enemies":"Hexaghost","floor":16,"turns":11},{"damage":15,"enemies":"Chosen","floor":18,"turns":5},{"damage":3,"enemies":"Spheric Guardian","floor":20,"turns":3},{"damage":5,"enemies":"Gremlin Leader","floor":24,"turns":3},{"damage":16,"enemies":"Snecko","floor":27,"turns":4},{"damage":23,"enemies":"Book of Stabbing","floor":30,"turns":7},{"damage":26,"enemies":"Collector","floor":33,"turns":7},{"damage":9,"enemies":"3 Shapes","floor":35,"turns":4},{"damage":8,"enemies":"Orb Walker","floor":36,"turns":4},{"damage":17,"enemies":"4 Shapes","floor":38,"turns":6},{"damage":38,"enemies":"Spire Growth","floor":39,"turns":6},{"damage":39,"enemies":"Nemesis","floor":45,"turns":9},{"damage":13,"enemies":"Maw","floor":46,"turns":7},{"damage":2,"enemies":"Jaw Worm Horde","floor":48,"turns":3},{"damage":74,"enemies":"Donu and Deca","floor":50,"turns":8}],"seed_played":"4602673806404018632","potions_obtained":[{"floor":1,"key":"Fire Potion"},{"floor":8,"key":"BloodPotion"},{"floor":12,"key":"Dexterity Potion"},{"floor":16,"key":"SkillPotion"},{"floor":18,"key":"Energy Potion"},{"floor":27,"key":"GamblersBrew"},{"floor":33,"key":"Weak Potion"},{"floor":34,"key":"PowerPotion"},{"floor":45,"key":"Block Potion"},{"floor":46,"key":"Fire Potion"}],"is_trial":false,"path_per_floor":["M","M","?","$","M","E","M","E","T","?","R","E","M","M","R","B",null,"M","?","M","$","$","R","E","R","T","M","R","?","E","$","R","B",null,"M","M","$","M","M","$","R","$","T","$","E","M","R","M","R","B",null],"character_chosen":"IRONCLAD","items_purchased":["Headbutt+1","Shrug It Off","Fire Potion","Strength Potion","Bronze Scales","Good Instincts"],"campfire_rested":5,"item_purchase_floors":[4,4,31,37,42,42],"current_hp_per_floor":[73,73,55,55,61,35,41,17,17,17,41,28,29,35,59,40,70,61,61,64,64,64,64,65,65,65,55,55,55,38,38,38,43,76,73,71,71,60,28,28,53,53,53,53,20,13,38,42,67,17],"gold":98,"neow_bonus":"HUNDRED_GOLD","is_prod":false,"is_daily":false,"chose_seed":false,"campfire_upgraded":4,"win_rate":0,"timestamp":1541878563,"path_taken":["M","M","?","$","M","E","M","E","T","?","R","E","M","M","R","BOSS","M","?","?","?","$","R","E","R","T","M","R","?","E","$","R","BOSS","M","M","$","M","M","$","R","$","T","?","E","M","R","M","R","BOSS"],"build_version":"2018-11-08","purchased_purges":3,"victory":true,"max_hp_per_floor":[80,80,80,80,80,80,80,80,80,80,80,80,80,80,80,80,80,80,80,80,80,80,80,80,80,80,80,80,80,80,80,80,80,85,85,85,85,85,85,85,85,85,85,85,85,85,85,85,85,85],"card_choices":[{"not_picked":["Warcry","Rage"],"picked":"Rampage","floor":1},{"not_picked":["Body Slam","Anger"],"picked":"Battle Trance","floor":2},{"not_picked":["Dropkick+1","Body Slam+1"],"picked":"Thunderclap+1","floor":5},{"not_picked":["Anger+1","Twin Strike+1"],"picked":"Inflame","floor":6},{"not_picked":["Sever Soul+1","Clash+1","Dual Wield"],"picked":"SKIP","floor":7},{"not_picked":["Havoc","Clash+1"],"picked":"Pommel Strike+1","floor":8},{"not_picked":["Infernal Blade","Burning Pact","Second Wind"],"picked":"SKIP","floor":12},{"not_picked":["Sword Boomerang+1","Fire Breathing","Armaments"],"picked":"SKIP","floor":13},{"not_picked":["Rage","Clash+1"],"picked":"Twin Strike+1","floor":14},{"not_picked":["Hemokinesis+1","Seeing Red"],"picked":"True Grit","floor":18},{"not_picked":["True Grit+1","Inflame","Sword Boomerang+1"],"picked":"SKIP","floor":20},{"not_picked":["Burning Pact","Rage"],"picked":"Spot Weakness+1","floor":24},{"not_picked":["Disarm+1","Anger+1"],"picked":"Shrug It Off","floor":27},{"not_picked":["Flex+1","Clothesline+1","Clash+1"],"picked":"SKIP","floor":30},{"not_picked":["Anger+1","Cleave+1","Clash+1"],"picked":"SKIP","floor":35},{"not_picked":["Bloodletting","Clash+1"],"picked":"Fire Breathing+1","floor":36},{"not_picked":["True Grit+1","Shockwave"],"picked":"Whirlwind+1","floor":38},{"not_picked":["Sword Boomerang+1","Heavy Blade+1"],"picked":"Metallicize+1","floor":39},{"not_picked":["Second Wind","Entrench+1","Armaments"],"picked":"SKIP","floor":45},{"not_picked":["Clothesline+1","Armaments+1","Sever Soul+1"],"picked":"SKIP","floor":46},{"not_picked":["Rampage+1","Headbutt+1","Anger+1"],"picked":"SKIP","floor":48}],"player_experience":639661,"relics_obtained":[{"floor":6,"key":"Gremlin Horn"},{"floor":8,"key":"Champion Belt"},{"floor":9,"key":"Ginger"},{"floor":12,"key":"Shuriken"},{"floor":24,"key":"Kunai"},{"floor":26,"key":"Pantograph"},{"floor":30,"key":"Sundial"},{"floor":43,"key":"Paper Frog"},{"floor":45,"key":"The Courier"}],"event_choices":[{"damage_healed":0,"gold_gain":0,"player_choice":"Success","damage_taken":18,"relics_obtained":["Molten Egg 2"],"max_hp_gain":0,"max_hp_loss":0,"event_name":"Scrap Ooze","floor":3,"gold_loss":0},{"damage_healed":0,"gold_gain":0,"player_choice":"Searched \u00270\u0027 times","damage_taken":0,"max_hp_gain":0,"max_hp_loss":0,"event_name":"Dead Adventurer","floor":10,"gold_loss":0},{"damage_healed":0,"gold_gain":0,"player_choice":"Bet on Murderer","damage_taken":0,"max_hp_gain":0,"max_hp_loss":0,"event_name":"The Joust","floor":19,"gold_loss":50},{"cards_removed":["Berserk"],"damage_healed":0,"gold_gain":0,"player_choice":"Purged","damage_taken":0,"max_hp_gain":0,"max_hp_loss":0,"event_name":"Purifier","floor":29,"gold_loss":0}],"is_beta":true,"boss_relics":[{"not_picked":["Ectoplasm","Velvet Choker"],"picked":"Astrolabe"},{"not_picked":["Calling Bell","Mark of Pain"],"picked":"Tiny House"}],"items_purged_floors":[4,21,31],"is_endless":false,"potions_floor_spawned":[1,8,12,16,18,27,33,45,46],"ascension_level":7}