{"gold_per_floor":[115,115,135,64,80,80,92,105,156,156,169,5,18,18,18,115,115,129,144,18,31,31,60,79,79,79,79,79,107,123,123,123,225,225,242,46,59,8,22,22,38,38,61,61,73,88,114,129,129,129],"floor_reached":50,"playtime":2194,"items_purged":["Dualcast","Strike_B","Writhe"],"score":508,"play_id":"874a4ac9-a1f3-4b5f-a44f-ed0f8650d4f0","local_time":"20190722042431","is_ascension_mode":false,"campfire_choices":[{"data":"Chill","floor":6.0,"key":"SMITH"},{"data":"Self Repair","floor":10.0,"key":"SMITH"},{"data":"Beam Cell","floor":15.0,"key":"SMITH"},{"floor":27,"key":"RECALL"},{"floor":32,"key":"REST"},{"floor":40,"key":"REST"},{"floor":42,"key":"REST"},{"floor":49,"key":"REST"}],"neow_cost":"NONE","seed_source_timestamp":199267842697700,"circlet_count":0,"master_deck":["Strike_B","Strike_B","Strike_B","Defend_B","Defend_B","Defend_B","Leap","Self Repair+1","Chill+1","Beam Cell+1","Sweeping Beam","Auto Shields","Echo Form","Go for the Eyes","Melter","Streamline+1","Coolheaded","Seek","Streamline","Rebound"],"special_seed":0,"relics":["Philosopher\u0027s Stone","Smiling Mask","Fusion Hammer","Bottled Tornado","Calipers","Oddly Smooth Stone","Pantograph","Runic Pyramid","Pen Nib","Happy Flower","PreservedInsect"],"potions_floor_usage":[29,29,47,48,50,50],"damage_taken":[{"damage":4.0,"enemies":"2 Louse","floor":1.0,"turns":2.0},{"damage":0.0,"enemies":"Cultist","floor":3.0,"turns":4.0},{"damage":2.0,"enemies":"Jaw Worm","floor":5.0,"turns":4.0},{"damage":17.0,"enemies":"Exordium Thugs","floor":7.0,"turns":9.0},{"damage":2.0,"enemies":"Blue Slaver","floor":8.0,"turns":6.0},{"damage":1.0,"enemies":"Exordium Wildlife","floor":11.0,"turns":10.0},{"damage":1.0,"enemies":"Looter","floor":13.0,"turns":4.0},{"damage":52.0,"enemies":"The Guardian","floor":16.0,"turns":15.0},{"damage":5.0,"enemies":"3 Byrds","floor":18.0,"turns":7.0},{"damage":9.0,"enemies":"Shell Parasite","floor":19.0,"turns":7.0},{"damage":4.0,"enemies":"Centurion and Healer","floor":21.0,"turns":7.0},{"damage":10.0,"enemies":"Book of Stabbing","floor":23.0,"turns":7.0},{"damage":8,"enemies":"Cultist and Chosen","floor":24,"turns":5},{"damage":11,"enemies":"Slavers","floor":29,"turns":6},{"damage":17,"enemies":"Snecko","floor":30,"turns":6},{"damage":49,"enemies":"Champ","floor":33,"turns":12},{"damage":18,"enemies":"Orb Walker","floor":35,"turns":4},{"damage":10,"enemies":"3 Darklings","floor":37,"turns":6},{"damage":0,"enemies":"Maw","floor":39,"turns":6},{"damage":26,"enemies":"Writhing Mass","floor":41,"turns":6},{"damage":21,"enemies":"Transient","floor":45,"turns":5},{"damage":0,"enemies":"Maw","floor":46,"turns":6},{"damage":41,"enemies":"Nemesis","floor":47,"turns":7},{"damage":11,"enemies":"Spire Growth","floor":48,"turns":4},{"damage":83,"enemies":"Time Eater","floor":50,"turns":10}],"seed_played":"-3838561828237372676","potions_obtained":[{"floor":1.0,"key":"Swift Potion"},{"floor":13.0,"key":"Dexterity Potion"},{"floor":16.0,"key":"Swift Potion"},{"floor":19.0,"key":"Energy Potion"},{"floor":23.0,"key":"FocusPotion"},{"floor":24,"key":"Weak Potion"},{"floor":37,"key":"EssenceOfSteel"},{"floor":41,"key":"SpeedPotion"},{"floor":48,"key":"FocusPotion"}],"is_trial":false,"path_per_floor":["M","?","M","$","M","R","M","M","T","R","M","$","M","?","R","B",null,"M","M","$","M","?","E","M","T","T","R","?","E","M","?","R","B",null,"M","$","M","$","M","R","M","R","T","?","M","M","E","M","R","B"],"character_chosen":"DEFECT","items_purchased":["Self Repair","Sweeping Beam","Auto Shields","Melter","Pen Nib","Streamline"],"campfire_rested":4,"item_purchase_floors":[4,12,12,20,36,38],"current_hp_per_floor":[71,71,71,71,75,75,65,70,70,70,75,75,75,75,75,33,75,75,75,75,75,75,75,75,75,75,75,75,74,67,51,73,36,75,67,67,67,67,75,75,69,75,75,75,74,75,44,53,75,0],"gold":129,"neow_bonus":"BOSS_RELIC","is_prod":false,"is_daily":false,"chose_seed":false,"campfire_upgraded":3,"win_rate":0,"timestamp":1563758671,"path_taken":["M","?","?","$","M","R","M","M","T","R","M","$","M","?","R","BOSS","M","M","$","M","?","E","M","?","T","R","?","E","?","?","R","BOSS","M","$","M","$","M","R","M","R","T","?","M","M","E","?","R","BOSS"],"build_version":"2019-07-17","purchased_purges":3,"victory":false,"max_hp_per_floor":[75,75,75,75,75,75,75,75,75,75,75,75,75,75,75,75,75,75,75,75,75,75,75,75,75,75,75,75,75,75,75,75,75,75,75,75,75,75,75,75,75,75,75,75,75,75,75,75,75,75],"card_choices":[{"not_picked":["Undo","Ball Lightning"],"picked":"Leap","floor":1.0},{"not_picked":["Rebound","White Noise","Compile Driver"],"picked":"SKIP","floor":3.0},{"not_picked":["Consume","Coolheaded"],"picked":"Chill","floor":5.0},{"not_picked":["Consume","Storm","Chaos"],"picked":"SKIP","floor":7.0},{"not_picked":["Stack","Redo","Reinforced Body"],"picked":"SKIP","floor":8.0},{"not_picked":["Force Field","Loop"],"picked":"Beam Cell","floor":11.0},{"not_picked":["Double Energy","Turbo","Undo"],"picked":"SKIP","floor":13.0},{"not_picked":["Reboot","Amplify"],"picked":"Echo Form","floor":16.0},{"not_picked":["Stack","Streamline"],"picked":"Go for the Eyes","floor":18.0},{"not_picked":["Redo","Beam Cell","Lockon"],"picked":"SKIP","floor":19.0},{"not_picked":["Hologram","Heatsinks"],"picked":"Streamline+1","floor":21.0},{"not_picked":["Rebound","Fusion","Chill"],"picked":"SKIP","floor":23.0},{"not_picked":["Genetic Algorithm","Leap"],"picked":"Coolheaded","floor":24},{"not_picked":["Fission","Aggregate","Melter+1"],"picked":"SKIP","floor":29},{"not_picked":["Rebound+1","Stack","Lockon"],"picked":"SKIP","floor":30},{"not_picked":["Rainbow","Creative AI"],"picked":"Seek","floor":33},{"not_picked":["Turbo+1","Melter","Go for the Eyes"],"picked":"SKIP","floor":35},{"not_picked":["Leap+1","Static Discharge","Fusion+1"],"picked":"SKIP","floor":37},{"not_picked":["Hologram","Glacier"],"picked":"Rebound","floor":39},{"not_picked":["Glacier+1","Coolheaded+1","Hologram"],"picked":"SKIP","floor":41},{"not_picked":["Undo","BootSequence+1","Force Field+1"],"picked":"SKIP","floor":45},{"not_picked":["Capacitor+1","Chill","BootSequence"],"picked":"SKIP","floor":46},{"not_picked":["Recycle+1","Glacier","Redo+1"],"picked":"SKIP","floor":47},{"not_picked":["Rebound","Force Field+1","Recycle"],"picked":"SKIP","floor":48}],"player_experience":726740,"relics_obtained":[{"floor":9.0,"key":"Smiling Mask"},{"floor":23.0,"key":"Bottled Tornado"},{"floor":26,"key":"Calipers"},{"floor":29,"key":"Pantograph"},{"floor":43,"key":"Happy Flower"},{"floor":47,"key":"PreservedInsect"}],"event_choices":[{"cards_removed":["Zap"],"damage_healed":0.0,"max_hp_gain":0.0,"max_hp_loss":0.0,"gold_gain":0.0,"event_name":"Bonfire Elementals","player_choice":"Offered Basic","floor":2.0,"gold_loss":0.0,"damage_taken":0.0},{"cards_removed":["Defend_B"],"damage_healed":0.0,"max_hp_gain":0.0,"max_hp_loss":0.0,"gold_gain":0.0,"event_name":"Purifier","player_choice":"Purged","floor":14.0,"gold_loss":0.0,"damage_taken":0.0},{"damage_healed":0,"gold_gain":0,"player_choice":"Opened","damage_taken":0,"relics_obtained":["Oddly Smooth Stone"],"max_hp_gain":0,"max_hp_loss":0,"event_name":"The Mausoleum","floor":28,"gold_loss":0,"cards_obtained":["Writhe"]},{"damage_healed":0,"gold_gain":0,"player_choice":"Obtained Book","damage_taken":16,"max_hp_gain":0,"max_hp_loss":0,"event_name":"Cursed Tome","floor":31,"gold_loss":0},{"damage_healed":0,"gold_gain":0,"player_choice":"Ignored","damage_taken":0,"max_hp_gain":0,"max_hp_loss":0,"event_name":"SecretPortal","floor":44,"gold_loss":0}],"is_beta":false,"boss_relics":[{"not_picked":["Tiny House","Astrolabe"],"picked":"Fusion Hammer"},{"not_picked":["Empty Cage","Coffee Dripper"],"picked":"Runic Pyramid"}],"items_purged_floors":[12,20,36],"is_endless":false,"potions_floor_spawned":[1,13,16,19,23,24,37,41,48],"killed_by":"Time Eater","ascension_level":0}