{"gold_per_floor":[118,118,131,151,62,62,79,106,160,178,197,213,228,246,246,246],"floor_reached":16,"playtime":416,"items_purged":[],"score":108,"play_id":"01ea7395-df70-4071-adba-f0d8da95c7c0","local_time":"20190702051229","is_ascension_mode":false,"campfire_choices":[{"data":"Trip","floor":6,"key":"SMITH"},{"data":"Double Tap","floor":15,"key":"SMITH"}],"neow_cost":"NONE","seed_source_timestamp":196695541835800,"circlet_count":0,"master_deck":["Strike_R","Strike_R","Strike_R","Strike_R","Strike_R","Defend_R","Defend_R","Defend_R","Defend_R","Bash","Dramatic Entrance+1","Ghostly Armor","Trip+1","Sword Boomerang","Double Tap+1"],"relics":["Burning Blood","Gremlin Horn","Bag of Marbles"],"potions_floor_usage":[8,16],"damage_taken":[{"damage":3,"enemies":"2 Louse","floor":1,"turns":2},{"damage":0,"enemies":"Cultist","floor":3,"turns":2},{"damage":6,"enemies":"Jaw Worm","floor":4,"turns":3},{"damage":0,"enemies":"Large Slime","floor":7,"turns":4},{"damage":32,"enemies":"Lagavulin","floor":8,"turns":6},{"damage":0,"enemies":"3 Louse","floor":10,"turns":2},{"damage":12,"enemies":"Blue Slaver","floor":11,"turns":2},{"damage":4,"enemies":"2 Fungi Beasts","floor":12,"turns":3},{"damage":0,"enemies":"Gremlin Gang","floor":13,"turns":1},{"damage":2,"enemies":"Blue Slaver","floor":14,"turns":3},{"damage":66,"enemies":"Hexaghost","floor":16,"turns":9}],"seed_played":"3690430832021780199","potions_obtained":[{"floor":3,"key":"Block Potion"},{"floor":7,"key":"FearPotion"},{"floor":10,"key":"Swift Potion"},{"floor":12,"key":"Block Potion"}],"is_trial":false,"path_per_floor":["M","?","M","M","$","R","M","E","T","M","M","M","M","M","R","B"],"character_chosen":"IRONCLAD","items_purchased":["Trip"],"campfire_rested":0,"item_purchase_floors":[5],"current_hp_per_floor":[80,80,80,80,80,80,80,54,54,60,54,56,62,66,66,0],"gold":246,"neow_bonus":"RANDOM_COLORLESS","is_prod":false,"is_daily":false,"chose_seed":false,"campfire_upgraded":2,"win_rate":0,"timestamp":1562033549,"path_taken":["M","?","M","?","$","R","M","E","T","M","M","M","M","M","R","BOSS"],"build_version":"2019-07-01","purchased_purges":0,"victory":false,"max_hp_per_floor":[80,80,80,80,80,80,80,80,80,80,80,80,80,80,80,80],"card_choices":[{"not_picked":["Warcry","Clothesline"],"picked":"Ghostly Armor","floor":1},{"not_picked":["Carnage","Dual Wield","Armaments"],"picked":"SKIP","floor":3},{"not_picked":["Body Slam","Ghostly Armor","Power Through"],"picked":"SKIP","floor":4},{"not_picked":["True Grit","Sentinel","Headbutt"],"picked":"SKIP","floor":7},{"not_picked":["Iron Wave","Body Slam"],"picked":"Sword Boomerang","floor":8},{"not_picked":["Flex","Clash"],"picked":"Double Tap","floor":10},{"not_picked":["Heavy Blade","Pummel","Fire Breathing"],"picked":"SKIP","floor":11},{"not_picked":["Warcry","Headbutt","Combust"],"picked":"SKIP","floor":12},{"not_picked":["Dual Wield","Clothesline","True Grit"],"picked":"SKIP","floor":13},{"not_picked":["Searing Blow","Heavy Blade","Havoc"],"picked":"SKIP","floor":14}],"player_experience":670803,"relics_obtained":[{"floor":8,"key":"Gremlin Horn"},{"floor":9,"key":"Bag of Marbles"}],"event_choices":[{"damage_healed":0,"gold_gain":0,"player_choice":"Forge","damage_taken":0,"max_hp_gain":0,"max_hp_loss":0,"event_name":"Accursed Blacksmith","floor":2,"gold_loss":0,"cards_upgraded":["Dramatic Entrance"]}],"is_beta":false,"boss_relics":[],"items_purged_floors":[],"is_endless":false,"potions_floor_spawned":[3,7,10,12,13],"killed_by":"Hexaghost","ascension_level":0}