{"gold_per_floor":[115,130,76,93,109,134,134,149,149,183,183,183,215,134,134,232,232,242,262,273,22,34,63,63,63,63,75,91,91,103,103,103,204,204,223,237,42,56,76,106,117,128,128,128,145,158,170,184,184,184],"floor_reached":50,"playtime":1323,"items_purged":[],"score":549,"play_id":"56fcc85b-5800-4270-a508-d77e38c9e8d0","local_time":"20180815035629","is_ascension_mode":false,"campfire_choices":[{"data":"Sword Boomerang","floor":7.0,"key":"SMITH"},{"data":"Offering","floor":12.0,"key":"SMITH"},{"floor":15.0,"key":"REST"},{"data":"Inflame","floor":24.0,"key":"SMITH"},{"data":"Demon Form","floor":32.0,"key":"SMITH"},{"data":"Reaper","floor":44.0,"key":"SMITH"},{"floor":49.0,"key":"REST"}],"neow_cost":"NONE","seed_source_timestamp":39162208680106,"circlet_count":0,"master_deck":["Strike_R","Strike_R","Strike_R","Strike_R","Strike_R","Defend_R","Defend_R","Defend_R","Defend_R","Bash","Battle Trance","Twin Strike","Sword Boomerang+1","Offering+1","Double Tap+1","Inflame+1","Reaper+1","Inflame+1","Sword Boomerang","Rage+1","Demon Form+1"],"special_seed":0,"relics":["Burning Blood","Red Skull","Bronze Scales","Blue Candle","Darkstone Periapt","Ancient Tea Set","Velvet Choker","Shuriken","Art of War","Ornamental Fan","Lizard Tail","Lee\u0027s Waffle","Dream Catcher","Oddly Smooth Stone"],"potions_floor_usage":[50],"damage_taken":[{"damage":7.0,"enemies":"Small Slimes","floor":1.0,"turns":4.0},{"damage":4.0,"enemies":"2 Louse","floor":2.0,"turns":3.0},{"damage":6.0,"enemies":"Cultist","floor":4.0,"turns":3.0},{"damage":15.0,"enemies":"Exordium Thugs","floor":5.0,"turns":4.0},{"damage":36.0,"enemies":"Lagavulin","floor":6.0,"turns":5.0},{"damage":10.0,"enemies":"Looter","floor":8.0,"turns":3.0},{"damage":19.0,"enemies":"3 Sentries","floor":10.0,"turns":4.0},{"damage":0.0,"enemies":"Gremlin Nob","floor":13.0,"turns":1.0},{"damage":22.0,"enemies":"Slime Boss","floor":16.0,"turns":4.0},{"damage":10.0,"enemies":"Shell Parasite","floor":18.0,"turns":2.0},{"damage":10.0,"enemies":"Chosen","floor":19.0,"turns":2.0},{"damage":26.0,"enemies":"Sentry and Sphere","floor":20.0,"turns":4.0},{"damage":27.0,"enemies":"Snake Plant","floor":22.0,"turns":3.0},{"damage":47.0,"enemies":"Slavers","floor":23.0,"turns":3.0},{"damage":1.0,"enemies":"Cultist and Chosen","floor":27.0,"turns":2.0},{"damage":6.0,"enemies":"3 Cultists","floor":28.0,"turns":2.0},{"damage":8.0,"enemies":"Snake Plant","floor":30.0,"turns":2.0},{"damage":19.0,"enemies":"Champ","floor":33.0,"turns":5.0},{"damage":30.0,"enemies":"3 Darklings","floor":35.0,"turns":4.0},{"damage":17.0,"enemies":"Orb Walker","floor":36.0,"turns":2.0},{"damage":15.0,"enemies":"Sphere and 2 Shapes","floor":38.0,"turns":3.0},{"damage":66.0,"enemies":"Spire Growth","floor":39.0,"turns":4.0},{"damage":68.0,"enemies":"Nemesis","floor":40.0,"turns":5.0},{"damage":65.0,"enemies":"4 Shapes","floor":41.0,"turns":4.0},{"damage":35.0,"enemies":"3 Darklings","floor":42.0,"turns":4.0},{"damage":28.0,"enemies":"Transient","floor":45.0,"turns":5.0},{"damage":33.0,"enemies":"Flame Bruiser 2 Orb","floor":46.0,"turns":5.0},{"damage":36.0,"enemies":"Sphere and 2 Shapes","floor":47.0,"turns":5.0},{"damage":17.0,"enemies":"4 Shapes","floor":48.0,"turns":4.0},{"damage":104,"enemies":"Time Eater","floor":50,"turns":7}],"seed_played":"-5532697506359017024","potions_obtained":[{"floor":4.0,"key":"GamblersBrew"},{"floor":8.0,"key":"AttackPotion"},{"floor":10.0,"key":"SteroidPotion"},{"floor":13.0,"key":"Swift Potion"},{"floor":28.0,"key":"Regen Potion"},{"floor":42.0,"key":"Strength Potion"}],"is_trial":false,"path_per_floor":["M","M","$","M","M","E","R","M","T","E","?","R","E","$","R","B",null,"M","M","M","$","M","E","R","$","T","M","M","?","M","$","R","B",null,"M","M","$","M","M","E","M","M","T","R","M","M","M","M","R"],"character_chosen":"IRONCLAD","items_purchased":["Twin Strike","Inflame","Shuriken","Lee\u0027s Waffle"],"campfire_rested":2,"item_purchase_floors":[3,14,21,37],"current_hp_per_floor":[79,80,80,80,71,41,41,37,37,24,24,24,30,30,54,38,80,76,72,52,52,46,39,39,39,39,44,74,59,57,57,57,44,85,74,63,92,92,32,52,62,90,90,90,70,56,26,54,81,0],"gold":184,"neow_bonus":"RANDOM_COMMON_RELIC","is_prod":false,"is_daily":false,"chose_seed":false,"campfire_upgraded":5,"win_rate":0,"timestamp":1534294589,"path_taken":["M","M","$","M","M","E","R","M","T","E","?","R","E","?","R","BOSS","M","M","M","$","M","E","R","$","T","M","M","?","M","$","R","BOSS","M","M","$","M","M","E","?","M","T","R","M","M","M","M","R","BOSS"],"build_version":"2018-08-09","purchased_purges":0,"victory":false,"max_hp_per_floor":[80,80,80,80,80,80,80,80,80,80,80,80,80,80,80,80,80,80,80,80,80,80,80,80,80,80,80,80,85,85,85,85,85,85,85,85,92,92,92,92,92,92,92,92,92,92,92,92,92,92],"card_choices":[{"not_picked":["Wild Strike","Perfected Strike","Armaments"],"picked":"SKIP","floor":1.0},{"not_picked":["Carnage","Headbutt"],"picked":"Battle Trance","floor":2.0},{"not_picked":["Armaments","Cleave"],"picked":"Sword Boomerang","floor":4.0},{"not_picked":["Heavy Blade","Cleave","Wild Strike"],"picked":"SKIP","floor":5.0},{"not_picked":["Clash","Armaments"],"picked":"Offering","floor":6.0},{"not_picked":["Disarm","Headbutt","Cleave"],"picked":"SKIP","floor":8.0},{"not_picked":["Wild Strike","Sever Soul"],"picked":"Double Tap","floor":10.0},{"not_picked":["Clash","Heavy Blade","Clothesline"],"picked":"SKIP","floor":13.0},{"not_picked":["Exhume","Bludgeon"],"picked":"Reaper","floor":16.0},{"not_picked":["Havoc+1","True Grit"],"picked":"Inflame+1","floor":18.0},{"not_picked":["Intimidate","Clash","Rampage"],"picked":"SKIP","floor":19.0},{"not_picked":["Warcry","Thunderclap","Combust"],"picked":"SKIP","floor":20.0},{"not_picked":["Shrug It Off","Iron Wave+1"],"picked":"Sword Boomerang","floor":22.0},{"not_picked":["Sentinel","Sever Soul+1"],"picked":"Rage+1","floor":23.0},{"not_picked":["Sentinel","Armaments"],"picked":"Demon Form","floor":27.0},{"not_picked":["Twin Strike","Sentinel","Heavy Blade"],"picked":"SKIP","floor":28.0},{"not_picked":["Power Through","Clash","Sever Soul"],"picked":"SKIP","floor":30.0},{"not_picked":["Combust","Power Through","Heavy Blade"],"picked":"SKIP","floor":35.0},{"not_picked":["Sword Boomerang","Flex","Pommel Strike"],"picked":"SKIP","floor":36.0},{"not_picked":["Shockwave+1","Spot Weakness","Heavy Blade+1"],"picked":"SKIP","floor":38.0},{"not_picked":["Iron Wave","Clothesline+1","Twin Strike+1"],"picked":"SKIP","floor":39.0},{"not_picked":["Fire Breathing","Hemokinesis+1","Iron Wave+1"],"picked":"SKIP","floor":40.0},{"not_picked":["Rampage+1","Clash","Anger"],"picked":"SKIP","floor":41.0},{"not_picked":["Fiend Fire","Anger+1","Clash"],"picked":"SKIP","floor":42.0},{"not_picked":["Clothesline+1","Flex","Havoc"],"picked":"SKIP","floor":45.0},{"not_picked":["Cleave+1","Warcry+1","Twin Strike+1"],"picked":"SKIP","floor":46.0},{"not_picked":["Shrug It Off","Rage+1","Feel No Pain+1"],"picked":"SKIP","floor":47.0},{"not_picked":["Havoc+1","Pummel+1","Bludgeon"],"picked":"SKIP","floor":48.0}],"player_experience":310842,"relics_obtained":[{"floor":6.0,"key":"Bronze Scales"},{"floor":9.0,"key":"Blue Candle"},{"floor":10.0,"key":"Darkstone Periapt"},{"floor":13.0,"key":"Ancient Tea Set"},{"floor":23.0,"key":"Art of War"},{"floor":26.0,"key":"Ornamental Fan"},{"floor":40.0,"key":"Dream Catcher"},{"floor":43.0,"key":"Oddly Smooth Stone"}],"event_choices":[{"event_name":"Living Wall","player_choice":"Grow","floor":11.0,"damage_taken":0.0},{"event_name":"Forgotten Altar","player_choice":"Shed Blood","floor":29.0,"damage_taken":0.0}],"is_beta":false,"boss_relics":[{"not_picked":["Calling Bell","Tiny House"],"picked":"Velvet Choker"},{"not_picked":["Orrery","Astrolabe"],"picked":"Lizard Tail"}],"items_purged_floors":[],"is_endless":false,"potions_floor_spawned":[4,8,10,13,16,22,28,33,36,39,42,45,47],"killed_by":"Time Eater","ascension_level":0}