{"gold_per_floor":[139,159,8,19,30,30,30,30,30,43,60,86,104,104,104,209,239,254,264,264,264],"floor_reached":21,"playtime":428,"items_purged":[],"score":183,"play_id":"78d56605-96a9-4a59-a2eb-ae5d8b7cc165","local_time":"20180715062028","is_ascension_mode":false,"campfire_choices":[{"data":"Perfected Strike","floor":6.0,"key":"SMITH"},{"data":"Bash","floor":8.0,"key":"SMITH"},{"data":"Demon Form","floor":15,"key":"SMITH"}],"neow_cost":"NONE","seed_source_timestamp":197454039342375,"circlet_count":0,"master_deck":["Strike_R","Strike_R","Strike_R","Strike_R","Strike_R+1","Defend_R","Defend_R+1","Defend_R+1","Defend_R","Bash+1","Perfected Strike+1","Ghostly Armor","Demon Form+1","Double Tap","Rage"],"special_seed":0,"relics":["Burning Blood","Tiny Chest","Lantern","Smiling Mask","Bottled Lightning","Tiny House"],"potions_floor_usage":[12],"damage_taken":[{"damage":6.0,"enemies":"Cultist","floor":1.0,"turns":3.0},{"damage":1.0,"enemies":"Jaw Worm","floor":2.0,"turns":3.0},{"damage":0.0,"enemies":"Small Slimes","floor":4.0,"turns":2.0},{"damage":37.0,"enemies":"Gremlin Gang","floor":5.0,"turns":5.0},{"damage":6.0,"enemies":"Exordium Thugs","floor":10.0,"turns":3.0},{"damage":3.0,"enemies":"2 Fungi Beasts","floor":11.0,"turns":4.0},{"damage":18,"enemies":"Lagavulin","floor":12,"turns":3},{"damage":5,"enemies":"Looter","floor":13,"turns":3},{"damage":17,"enemies":"Slime Boss","floor":16,"turns":8},{"damage":1,"enemies":"Chosen","floor":18,"turns":5},{"damage":30,"enemies":"Spheric Guardian","floor":19,"turns":5},{"damage":67,"enemies":"Snake Plant","floor":21,"turns":6}],"seed_played":"6343045689761848679","potions_obtained":[{"floor":2.0,"key":"Swift Potion"},{"floor":10.0,"key":"SteroidPotion"},{"floor":11.0,"key":"FearPotion"},{"floor":16,"key":"LiquidBronze"}],"is_trial":false,"path_per_floor":["M","M","$","M","M","R","$","R","T","M","M","E","M","?","R","B",null,"M","M","?"],"character_chosen":"IRONCLAD","items_purchased":["Lantern"],"campfire_rested":0,"item_purchase_floors":[3],"current_hp_per_floor":[80,80,80,80,49,49,49,49,49,49,52,40,41,25,25,14,85,85,61,61,0],"gold":264,"neow_bonus":"RANDOM_COMMON_RELIC","is_prod":false,"is_daily":false,"chose_seed":false,"campfire_upgraded":3,"win_rate":0,"timestamp":1531624828,"path_taken":["M","M","$","?","M","R","$","R","T","?","M","E","M","?","R","BOSS","M","M","?","M"],"build_version":"2018-07-12","purchased_purges":0,"victory":false,"max_hp_per_floor":[80,80,80,80,80,80,80,80,80,80,80,80,80,80,80,80,85,85,85,85,85],"card_choices":[{"not_picked":["Cleave","True Grit","Flex"],"picked":"SKIP","floor":1.0},{"not_picked":["Combust","Cleave"],"picked":"Perfected Strike","floor":2.0},{"not_picked":["Headbutt","Second Wind","Flex"],"picked":"SKIP","floor":4.0},{"not_picked":["Intimidate","Shrug It Off","Warcry"],"picked":"SKIP","floor":5.0},{"not_picked":["Wild Strike","Warcry","Infernal Blade"],"picked":"SKIP","floor":10.0},{"not_picked":["Heavy Blade","True Grit","Corruption"],"picked":"SKIP","floor":11.0},{"not_picked":["Feel No Pain","Perfected Strike"],"picked":"Ghostly Armor","floor":12},{"not_picked":["Clothesline","Entrench"],"picked":"Demon Form","floor":13},{"not_picked":["Fiend Fire","Juggernaut"],"picked":"Double Tap","floor":16},{"not_picked":["Clash","Clothesline","Carnage"],"picked":"SKIP","floor":18},{"not_picked":["Body Slam","Clash"],"picked":"Rage","floor":19}],"player_experience":203803,"relics_obtained":[{"floor":9.0,"key":"Smiling Mask"},{"floor":12,"key":"Bottled Lightning"}],"event_choices":[{"event_name":"Shining Light","player_choice":"Entered Light","floor":14,"damage_taken":0},{"event_name":"Addict","player_choice":"Ignored","floor":20,"damage_taken":0}],"boss_relics":[{"not_picked":["Runic Dome","Black Star"],"picked":"Tiny House"}],"items_purged_floors":[],"is_endless":false,"potions_floor_spawned":[2,10,11,16],"killed_by":"Snake Plant","ascension_level":0}