{"gold_per_floor":[117,71,85,104,116,116,116,143,170,170,20,35,51,64,64,168,168,184,195,39,59,59,94,94,111,111,111,126,137,147,147,147,246,246,256,266,266,10,30,56,69,69,93,93,113,132,143,155,155,155],"floor_reached":51,"playtime":1795,"items_purged":["Strike_B+1"],"score":827,"play_id":"f9ae1c1a-3d5c-4666-9645-43db3f806800","local_time":"20181011171740","is_ascension_mode":true,"campfire_choices":[{"data":"Zap","floor":6.0,"key":"SMITH"},{"data":"Dualcast","floor":10.0,"key":"SMITH"},{"floor":15,"key":"REST"},{"floor":24,"key":"REST"},{"floor":32,"key":"REST"},{"floor":42,"key":"REST"},{"floor":44,"key":"REST"},{"floor":49,"key":"REST"}],"neow_cost":"NONE","seed_source_timestamp":103940531538186,"circlet_count":0,"master_deck":["Strike_B+1","Strike_B+1","Strike_B+1","Defend_B+1","Defend_B+1","Defend_B+1","Defend_B+1","Zap+1","Dualcast+1","Beam Cell+1","Gash+1","Beam Cell+1","Leap+1","Gash+1","Go for the Eyes+1","Skim+1","Leap+1","All For One+1","Conserve Battery+1","Gash+1","FTL+1","Sweeping Beam+1","Hologram+1","Reboot+1","Go for the Eyes+1","Conserve Battery+1","Steam","Skim","Gash","Machine Learning+1"],"special_seed":0,"relics":["Cracked Core","Bag of Marbles","PreservedInsect","Vajra","Boot","Fusion Hammer","Bag of Preparation","Lantern","Frozen Egg 2","Inserter","Mark of the Bloom","Omamori","Kunai","Regal Pillow"],"potions_floor_usage":[16,33,33,39,40,50,50,50],"damage_taken":[{"damage":1.0,"enemies":"Cultist","floor":1.0,"turns":3.0},{"damage":7.0,"enemies":"Jaw Worm","floor":3.0,"turns":2.0},{"damage":0.0,"enemies":"2 Louse","floor":4.0,"turns":2.0},{"damage":19.0,"enemies":"Exordium Wildlife","floor":5.0,"turns":4.0},{"damage":18.0,"enemies":"Gremlin Nob","floor":8.0,"turns":4.0},{"damage":0.0,"enemies":"2 Fungi Beasts","floor":12.0,"turns":2.0},{"damage":13.0,"enemies":"Lots of Slimes","floor":13.0,"turns":3.0},{"damage":1.0,"enemies":"3 Louse","floor":14.0,"turns":2.0},{"damage":25,"enemies":"Hexaghost","floor":16,"turns":9},{"damage":0,"enemies":"Spheric Guardian","floor":18,"turns":3},{"damage":14,"enemies":"3 Byrds","floor":19,"turns":4},{"damage":8,"enemies":"Snecko","floor":21,"turns":4},{"damage":5,"enemies":"Slavers","floor":23,"turns":4},{"damage":0,"enemies":"Snake Plant","floor":25,"turns":2},{"damage":13,"enemies":"Shelled Parasite and Fungi","floor":28,"turns":3},{"damage":0,"enemies":"3 Cultists","floor":29,"turns":4},{"damage":0,"enemies":"Centurion and Healer","floor":30,"turns":2},{"damage":27,"enemies":"Collector","floor":33,"turns":10},{"damage":0,"enemies":"Orb Walker","floor":35,"turns":1},{"damage":0,"enemies":"3 Darklings","floor":36,"turns":4},{"damage":18,"enemies":"Maw","floor":39,"turns":4},{"damage":0,"enemies":"2 Orb Walkers","floor":40,"turns":2},{"damage":0,"enemies":"Transient","floor":41,"turns":5},{"damage":0,"enemies":"Spire Growth","floor":45,"turns":3},{"damage":12,"enemies":"3 Darklings","floor":46,"turns":3},{"damage":10,"enemies":"4 Shapes","floor":47,"turns":7},{"damage":0,"enemies":"Reptomancer","floor":48,"turns":3},{"damage":27,"enemies":"Time Eater","floor":50,"turns":10}],"seed_played":"-741744893552177978","potions_obtained":[{"floor":3.0,"key":"Energy Potion"},{"floor":5.0,"key":"Energy Potion"},{"floor":7.0,"key":"SmokeBomb"},{"floor":7.0,"key":"Energy Potion"},{"floor":12.0,"key":"PowerPotion"},{"floor":21,"key":"PowerPotion"},{"floor":33,"key":"Weak Potion"},{"floor":36,"key":"FearPotion"},{"floor":46,"key":"Poison Potion"},{"floor":47,"key":"FearPotion"}],"is_trial":false,"path_per_floor":["M","$","M","M","M","R","?","E","T","R","$","M","M","M","R","B",null,"M","M","$","M","?","E","R","M","T","?","M","M","M","$","R","B",null,"M","M","?","$","M","E","M","R","T","R","M","M","M","M","R","B"],"character_chosen":"DEFECT","items_purchased":["Gash","Boot","Bag of Preparation","Omamori","Steam"],"campfire_rested":6,"item_purchase_floors":[2,11,20,38,38],"current_hp_per_floor":[74,74,67,67,48,48,48,30,30,30,30,30,17,16,38,13,75,75,61,61,53,53,48,70,70,70,70,57,57,57,57,75,48,75,75,75,75,75,57,57,57,57,57,57,57,45,35,35,35,8],"gold":155,"neow_bonus":"RANDOM_COMMON_RELIC","is_prod":false,"is_daily":false,"chose_seed":false,"campfire_upgraded":2,"win_rate":0,"timestamp":1539267460,"path_taken":["M","$","M","M","M","R","?","E","T","R","$","M","M","M","R","BOSS","M","M","$","M","?","E","R","M","T","?","M","M","M","$","R","BOSS","M","M","?","$","M","E","M","R","T","R","M","M","?","M","R","BOSS"],"build_version":"2018-10-04v2","purchased_purges":1,"victory":true,"max_hp_per_floor":[75,75,75,75,75,75,75,75,75,75,75,75,75,75,75,75,75,75,75,75,75,75,75,75,75,75,75,75,75,75,75,75,75,75,75,75,75,75,75,75,75,75,75,75,75,75,75,75,75,75],"card_choices":[{"not_picked":["Hologram","Sweeping Beam"],"picked":"Beam Cell","floor":1.0},{"not_picked":["Compile Driver","Sweeping Beam"],"picked":"Beam Cell","floor":3.0},{"not_picked":["Stack","Melter"],"picked":"Leap","floor":4.0},{"not_picked":["Hologram","Sunder"],"picked":"Gash","floor":5.0},{"not_picked":["White Noise","Hyperbeam","Lockon"],"picked":"SKIP","floor":8.0},{"not_picked":["Glacier","White Noise"],"picked":"Go for the Eyes","floor":12.0},{"not_picked":["Aggregate","Ball Lightning"],"picked":"Skim","floor":13.0},{"not_picked":["Skim","Beam Cell"],"picked":"Leap","floor":14},{"not_picked":["Core Surge","Reboot"],"picked":"All For One","floor":16},{"not_picked":["Streamline","Go for the Eyes+1"],"picked":"Conserve Battery+1","floor":18},{"not_picked":["Fusion","Rip and Tear","Beam Cell"],"picked":"SKIP","floor":19},{"not_picked":["Rainbow","Redo","Doom and Gloom"],"picked":"SKIP","floor":21},{"not_picked":["Leap+1","Multi-Cast"],"picked":"Gash","floor":23},{"not_picked":["Compile Driver+1","Beam Cell","Ball Lightning+1"],"picked":"SKIP","floor":25},{"not_picked":["Capacitor+1","Self Repair+1"],"picked":"FTL","floor":28},{"not_picked":["Double Energy","Doom and Gloom"],"picked":"Sweeping Beam","floor":29},{"not_picked":["Heatsinks+1","Reprogram"],"picked":"Hologram","floor":30},{"not_picked":["Thunder Strike","Seek"],"picked":"Reboot","floor":33},{"not_picked":["Sunder","Coolheaded"],"picked":"Go for the Eyes+1","floor":35},{"not_picked":["Stack","Hello World+1"],"picked":"Conserve Battery+1","floor":36},{"not_picked":["Electrodynamics+1","Sweeping Beam+1","Ball Lightning"],"picked":"SKIP","floor":39},{"not_picked":["Capacitor+1","Recycle+1","Beam Cell"],"picked":"SKIP","floor":40},{"not_picked":["Storm+1","Streamline"],"picked":"Skim","floor":41},{"not_picked":["Blizzard","Barrage","Rip and Tear"],"picked":"SKIP","floor":45},{"not_picked":["Sweeping Beam","Fusion+1"],"picked":"Gash","floor":46},{"not_picked":["Lockon","Chaos+1"],"picked":"Machine Learning+1","floor":47},{"not_picked":["Barrage+1","Streamline+1","Sweeping Beam"],"picked":"SKIP","floor":48}],"player_experience":388308,"relics_obtained":[{"floor":8.0,"key":"PreservedInsect"},{"floor":9.0,"key":"Vajra"},{"floor":23,"key":"Lantern"},{"floor":26,"key":"Frozen Egg 2"},{"floor":40,"key":"Kunai"},{"floor":43,"key":"Regal Pillow"}],"event_choices":[{"event_name":"The Lab","player_choice":"Got Potions","floor":7.0,"damage_taken":0.0},{"event_name":"Ghosts","player_choice":"Ignored","floor":22,"damage_taken":0},{"event_name":"Back to Basics","player_choice":"Simplicity","floor":27,"damage_taken":0},{"event_name":"MindBloom","player_choice":"Upgrade","floor":37,"damage_taken":0}],"is_beta":false,"boss_relics":[{"not_picked":["Philosopher\u0027s Stone","Lizard Tail"],"picked":"Fusion Hammer"},{"not_picked":["Snecko Eye","Runic Dome"],"picked":"Inserter"}],"items_purged_floors":[38],"is_endless":false,"potions_floor_spawned":[3,5,12,21,28,30,33,36,46,47,48],"ascension_level":2}