{"gold_per_floor":[115,127,127,302,302,302,302,315,315,164,164,164,174,185,185,289,289,308,36,54,3,3,3,34,34,34,46,46,46,46,65,65,164,164,176,176,195,78,78,78,104,130,177,177,191,203,203,103,103,103],"floor_reached":51,"playtime":1780,"items_purged":["Strike_G","Strike_G"],"score":761,"play_id":"853f9e08-594a-4fd7-9699-645a722acf34","local_time":"20181117145435","is_ascension_mode":false,"campfire_choices":[{"data":"Deflect","floor":6,"key":"SMITH"},{"data":"Caltrops","floor":11,"key":"SMITH"},{"data":"Deadly Poison","floor":15,"key":"SMITH"},{"data":"After Image","floor":23,"key":"SMITH"},{"data":"Venomology","floor":25,"key":"SMITH"},{"data":"Deadly Poison","floor":30,"key":"SMITH"},{"floor":32,"key":"REST"},{"data":"Footwork","floor":40,"key":"SMITH"},{"data":"Tools of the Trade","floor":47,"key":"SMITH"},{"data":"Deflect","floor":49,"key":"SMITH"}],"neow_cost":"NONE","seed_source_timestamp":150324618110158,"circlet_count":0,"master_deck":["Defend_G","Defend_G","Defend_G","Defend_G","Strike_G","Survivor","Neutralize+1","Deflect+1","Backflip","Deadly Poison+1","Caltrops+1","Backflip","Venomology+1","Crippling Poison","Deadly Poison+1","After Image+1","Catalyst+1","Tools of the Trade+1","Well Laid Plans+1","Footwork+1","Deflect+1","Blur+1","Blur+1"],"relics":["Ring of the Snake","Singing Bowl","Gremlin Horn","Empty Cage","TwistedFunnel","Red Mask","Mercury Hourglass","Juzu Bracelet","Coffee Dripper","Torii","Bag of Marbles","Vajra"],"potions_floor_usage":[16,24,27,27,33,33,33,37,41,45,50,50,50,50],"damage_taken":[{"damage":0,"enemies":"2 Louse","floor":1,"turns":3},{"damage":0,"enemies":"Jaw Worm","floor":2,"turns":6},{"damage":0,"enemies":"Small Slimes","floor":8,"turns":4},{"damage":0,"enemies":"2 Fungi Beasts","floor":13,"turns":5},{"damage":5,"enemies":"Large Slime","floor":14,"turns":7},{"damage":12,"enemies":"The Guardian","floor":16,"turns":10},{"damage":12,"enemies":"Chosen","floor":18,"turns":6},{"damage":0,"enemies":"Spheric Guardian","floor":20,"turns":3},{"damage":21,"enemies":"Masked Bandits","floor":24,"turns":4},{"damage":3,"enemies":"Shelled Parasite and Fungi","floor":27,"turns":4},{"damage":11,"enemies":"Snake Plant","floor":31,"turns":3},{"damage":58,"enemies":"Automaton","floor":33,"turns":15},{"damage":3,"enemies":"Orb Walker","floor":35,"turns":4},{"damage":0,"enemies":"3 Shapes","floor":37,"turns":4},{"damage":1,"enemies":"Giant Head","floor":41,"turns":9},{"damage":0,"enemies":"Jaw Worm Horde","floor":45,"turns":5},{"damage":6,"enemies":"3 Darklings","floor":46,"turns":4},{"damage":0,"enemies":"Donu and Deca","floor":50,"turns":14}],"seed_played":"-8201443689282460083","potions_obtained":[{"floor":13,"key":"AttackPotion"},{"floor":16,"key":"Regen Potion"},{"floor":20,"key":"Explosive Potion"},{"floor":31,"key":"Fire Potion"},{"floor":33,"key":"Block Potion"}],"is_trial":false,"path_per_floor":["M","M","$","?","?","R","?","M","T","$","R","T","M","M","R","B",null,"M","$","M","$","?","R","?","R","T","M","?","?","R","M","R","B",null,"M","?","M","$","?","R","E","T","T","?","M","M","R","$","R","B",null],"character_chosen":"THE_SILENT","items_purchased":["Caltrops","TwistedFunnel","Crippling Poison","Deadly Poison","Footwork","Deflect"],"campfire_rested":1,"item_purchase_floors":[10,19,19,21,38,38],"current_hp_per_floor":[70,70,70,70,63,63,63,63,63,63,63,63,65,60,60,48,72,62,62,64,64,64,64,45,45,45,42,42,42,42,33,57,14,80,77,79,81,81,81,81,82,82,82,82,82,76,76,76,76,76],"gold":103,"neow_bonus":"UPGRADE_CARD","is_prod":false,"is_daily":false,"chose_seed":false,"campfire_upgraded":9,"win_rate":0,"timestamp":1542459275,"path_taken":["M","M","$","?","?","R","?","M","T","$","R","?","?","M","R","BOSS","M","$","M","$","?","R","?","R","T","M","?","?","R","M","R","BOSS","M","?","M","$","?","R","E","?","T","?","M","M","R","$","R","BOSS"],"build_version":"2018-11-15","purchased_purges":2,"victory":true,"max_hp_per_floor":[70,70,70,70,70,70,70,70,70,70,70,70,72,72,72,72,72,74,74,76,76,76,76,78,78,78,78,78,78,78,80,80,80,80,80,82,84,84,84,84,86,86,86,86,86,86,86,86,86,86],"card_choices":[{"not_picked":["Flying Knee","Underhanded Strike"],"picked":"Deflect","floor":1},{"not_picked":["Deflect","All Out Attack"],"picked":"Backflip","floor":2},{"not_picked":["Acrobatics","Dagger Spray"],"picked":"Deadly Poison","floor":8},{"not_picked":["Die Die Die","Blade Dance","Quick Slash"],"picked":"Singing Bowl","floor":13},{"not_picked":["Cloak And Dagger","Quick Slash"],"picked":"Backflip","floor":14},{"not_picked":["Wraith Form v2","Malaise"],"picked":"Venomology","floor":16},{"not_picked":["Prepared+1","Acrobatics","Outmaneuver+1"],"picked":"Singing Bowl","floor":18},{"not_picked":["Sucker Punch","Caltrops","Dagger Throw"],"picked":"Singing Bowl","floor":20},{"not_picked":["Outmaneuver","Flying Knee","Flechettes+1"],"picked":"Singing Bowl","floor":24},{"not_picked":["Flechettes","Slice+1"],"picked":"Catalyst+1","floor":27},{"not_picked":["Accuracy","Infinite Blades","Dagger Throw+1"],"picked":"Singing Bowl","floor":31},{"not_picked":["Glass Knife","Unload"],"picked":"Tools of the Trade","floor":33},{"not_picked":["Tactician","Cloak And Dagger"],"picked":"Well Laid Plans+1","floor":35},{"not_picked":["Secret Technique","Forethought","PanicButton"],"picked":"Singing Bowl","floor":36},{"not_picked":["Cloak And Dagger","Bane+1","Slice+1"],"picked":"Singing Bowl","floor":37},{"not_picked":["Skewer+1","Dash","Acrobatics"],"picked":"Singing Bowl","floor":41},{"not_picked":["Dash","Dodge and Roll"],"picked":"Blur+1","floor":45},{"not_picked":["Deadly Poison","Dagger Spray"],"picked":"Blur+1","floor":46}],"player_experience":473153,"relics_obtained":[{"floor":9,"key":"Singing Bowl"},{"floor":12,"key":"Gremlin Horn"},{"floor":24,"key":"Red Mask"},{"floor":26,"key":"Mercury Hourglass"},{"floor":41,"key":"Torii"},{"floor":42,"key":"Bag of Marbles"},{"floor":43,"key":"Vajra"}],"event_choices":[{"damage_healed":0,"gold_gain":175,"player_choice":"AGREE","damage_taken":0,"max_hp_gain":0,"max_hp_loss":0,"event_name":"Liars Game","floor":4,"gold_loss":0,"cards_obtained":["Doubt"]},{"cards_removed":["Doubt"],"damage_healed":0,"gold_gain":0,"player_choice":"Card Removal","damage_taken":7,"max_hp_gain":0,"max_hp_loss":0,"event_name":"Golden Wing","floor":5,"gold_loss":0},{"damage_healed":0,"gold_gain":0,"player_choice":"Leave","damage_taken":0,"max_hp_gain":0,"max_hp_loss":0,"event_name":"The Cleric","floor":7,"gold_loss":0},{"damage_healed":0,"gold_gain":0,"player_choice":"Read","damage_taken":0,"max_hp_gain":0,"max_hp_loss":0,"event_name":"The Library","floor":22,"gold_loss":0,"cards_obtained":["After Image"]},{"damage_healed":0,"gold_gain":0,"player_choice":"Fought Bandits","damage_taken":0,"max_hp_gain":0,"max_hp_loss":0,"event_name":"Masked Bandits","floor":24,"gold_loss":0},{"damage_healed":0,"gold_gain":0,"player_choice":"Opened","damage_taken":0,"relics_obtained":["Juzu Bracelet"],"max_hp_gain":0,"max_hp_loss":0,"event_name":"The Mausoleum","floor":28,"gold_loss":0},{"damage_healed":0,"gold_gain":0,"player_choice":"Ignored","damage_taken":0,"max_hp_gain":0,"max_hp_loss":0,"event_name":"Cursed Tome","floor":29,"gold_loss":0},{"damage_healed":0,"gold_gain":0,"player_choice":"Memory 1","damage_taken":0,"max_hp_gain":0,"max_hp_loss":0,"event_name":"SensoryStone","floor":36,"gold_loss":0},{"cards_removed":["Defend_G"],"damage_healed":0,"gold_gain":0,"player_choice":"Removed Skill","damage_taken":0,"max_hp_gain":0,"max_hp_loss":0,"event_name":"Falling","floor":39,"gold_loss":0},{"damage_healed":0,"gold_gain":0,"player_choice":"Ignored","damage_taken":0,"max_hp_gain":0,"max_hp_loss":0,"event_name":"Mysterious Sphere","floor":44,"gold_loss":0}],"is_beta":false,"boss_relics":[{"not_picked":["HoveringKite","Astrolabe"],"picked":"Empty Cage"},{"not_picked":["Lizard Tail","Sozu"],"picked":"Coffee Dripper"}],"items_purged_floors":[10,48],"is_endless":false,"potions_floor_spawned":[13,16,20,31,33,45],"ascension_level":0}