{"gold_per_floor":[116,66,66,66,42,73,73,97,97,116,116,140,179,192,192,311,311,334,22,42,42,23,23,43,43,68,68,68,68,87,127,127,258,321,337,358,691,711,239,239,270,270,319,329,405,24,35,54,54,54],"floor_reached":51,"playtime":4747,"items_purged":["Writhe"],"score":790,"play_id":"36a5a646-24fc-46ac-8e8b-7af886406317","local_time":"20190728174709","is_ascension_mode":true,"campfire_choices":[{"floor":7,"key":"RECALL"},{"data":"Catalyst","floor":11,"key":"SMITH"},{"data":"Backflip","floor":15,"key":"SMITH"},{"data":"Noxious Fumes","floor":23,"key":"SMITH"},{"data":"Wraith Form v2","floor":25,"key":"SMITH"},{"data":"Flechettes","floor":29,"key":"SMITH"},{"data":"Well Laid Plans","floor":32,"key":"SMITH"},{"data":"Night Terror","floor":40,"key":"SMITH"},{"data":"Apotheosis","floor":49,"key":"SMITH"}],"neow_cost":"NONE","seed_source_timestamp":1304164782555636,"circlet_count":0,"master_deck":["Strike_G","Strike_G","Defend_G","Defend_G","Defend_G+1","Survivor","Neutralize","Well Laid Plans+1","Flechettes+1","Corpse Explosion","Deadly Poison","Dodge and Roll","Deflect","Catalyst+1","Terror","Sucker Punch","Backflip+1","Wraith Form v2+1","Outmaneuver+1","Catalyst","Deflect+1","Catalyst+1","Noxious Fumes+1","PiercingWail","Crippling Poison+1","Night Terror","Night Terror+1","Deadly Poison+1","Deflect+1","Eviscerate+1","Noxious Fumes+1","Thinking Ahead","Distraction+1","Footwork","Apotheosis+1","Poisoned Stab+1","Noxious Fumes"],"relics":["Ring of the Snake","Dream Catcher","Happy Flower","Thread and Needle","Sozu","Membership Card","Bag of Preparation","Snake Skull","Gambling Chip","Tiny House","Meat on the Bone","Paper Crane","DollysMirror","Question Card","Ancient Tea Set","Shuriken","Bag of Marbles","Orichalcum","OrangePellets"],"potions_floor_usage":[13,16,18],"damage_taken":[{"damage":0,"enemies":"Small Slimes","floor":1,"turns":5},{"damage":8,"enemies":"Lagavulin","floor":6,"turns":8},{"damage":0,"enemies":"Jaw Worm","floor":8,"turns":3},{"damage":0,"enemies":"2 Louse","floor":10,"turns":2},{"damage":2,"enemies":"Exordium Thugs","floor":12,"turns":3},{"damage":12,"enemies":"Gremlin Nob","floor":13,"turns":3},{"damage":0,"enemies":"Large Slime","floor":14,"turns":4},{"damage":2,"enemies":"Hexaghost","floor":16,"turns":7},{"damage":0,"enemies":"Chosen","floor":18,"turns":4},{"damage":0,"enemies":"Shell Parasite","floor":20,"turns":3},{"damage":4,"enemies":"Centurion and Healer","floor":24,"turns":7},{"damage":0,"enemies":"Chosen and Byrds","floor":30,"turns":4},{"damage":0,"enemies":"Slavers","floor":31,"turns":3},{"damage":2,"enemies":"Champ","floor":33,"turns":6},{"damage":0,"enemies":"3 Shapes","floor":35,"turns":2},{"damage":0,"enemies":"Orb Walker","floor":36,"turns":3},{"damage":0,"enemies":"4 Shapes","floor":38,"turns":5},{"damage":3,"enemies":"Giant Head","floor":41,"turns":2},{"damage":0,"enemies":"Jaw Worm Horde","floor":44,"turns":3},{"damage":0,"enemies":"Spire Growth","floor":47,"turns":2},{"damage":0,"enemies":"Sphere and 2 Shapes","floor":48,"turns":4},{"damage":2,"enemies":"Time Eater","floor":50,"turns":3}],"seed_played":"7289887283128217340","potions_obtained":[{"floor":6,"key":"Fire Potion"},{"floor":8,"key":"FearPotion"},{"floor":10,"key":"Poison Potion"},{"floor":14,"key":"AttackPotion"},{"floor":16,"key":"SkillPotion"}],"is_trial":false,"path_per_floor":["M","?","?","?","$","E","R","M","T","M","R","M","E","M","R","B",null,"M","$","M","?","$","R","M","R","T","?","?","R","M","E","R","B",null,"M","M","?","M","$","R","E","?","T","M","T","$","M","M","R","B",null],"character_chosen":"THE_SILENT","items_purchased":["Deadly Poison","Membership Card","Catalyst","Bag of Preparation","Noxious Fumes","Meat on the Bone","Paper Crane","DollysMirror","Thinking Ahead","Footwork","Bag of Marbles","Orichalcum","OrangePellets","Apotheosis"],"campfire_rested":0,"item_purchase_floors":[5,19,19,19,22,39,39,39,39,46,46,46,46,46],"current_hp_per_floor":[70,70,53,53,53,45,45,45,45,45,45,43,31,31,31,29,70,70,70,70,70,70,70,66,66,66,66,66,66,66,66,66,64,75,75,75,75,75,75,75,72,72,72,72,72,72,72,72,72,70],"gold":54,"neow_bonus":"TRANSFORM_CARD","is_prod":false,"is_daily":false,"chose_seed":false,"campfire_upgraded":8,"win_rate":0,"timestamp":1564354029,"path_taken":["M","?","?","?","?","E","R","M","T","M","R","M","E","?","R","BOSS","M","$","M","?","?","R","M","R","T","?","?","R","M","E","R","BOSS","M","M","?","M","$","R","E","?","T","M","?","$","?","M","R","BOSS"],"build_version":"2019-07-17","purchased_purges":1,"victory":true,"max_hp_per_floor":[70,70,70,70,70,70,70,70,70,70,70,70,70,70,70,70,70,70,70,70,70,70,70,70,70,70,70,70,70,70,70,70,70,75,75,75,75,75,75,75,75,75,75,75,75,75,75,75,75,75],"card_choices":[{"not_picked":["Cloak And Dagger","Blade Dance"],"picked":"Flechettes","floor":1},{"not_picked":["Crippling Poison","Prepared"],"picked":"Dodge and Roll","floor":6},{"not_picked":["Eviscerate","Distraction"],"picked":"Deflect","floor":8},{"not_picked":["Poisoned Stab","Flechettes"],"picked":"Catalyst","floor":10},{"not_picked":["Riddle With Holes","Finisher"],"picked":"Terror","floor":12},{"not_picked":["Blade Dance","Slice"],"picked":"Sucker Punch","floor":13},{"not_picked":["Outmaneuver","Blade Dance"],"picked":"Backflip","floor":14},{"not_picked":["Bullet Time","Burst"],"picked":"Wraith Form v2","floor":16},{"not_picked":["Backstab","Underhanded Strike"],"picked":"Outmaneuver+1","floor":18},{"not_picked":["Outmaneuver","Quick Slash"],"picked":"Deflect+1","floor":20},{"not_picked":["Distraction","Cloak And Dagger"],"picked":"PiercingWail","floor":24},{"not_picked":["Quick Slash","Deflect+1"],"picked":"Crippling Poison+1","floor":30},{"not_picked":["Skewer","Bane"],"picked":"Night Terror","floor":31},{"not_picked":["A Thousand Cuts","Venomology"],"picked":"Night Terror","floor":33},{"not_picked":["Blade Dance+1","Flying Knee+1"],"picked":"Deadly Poison+1","floor":34},{"not_picked":["Prepared","Sucker Punch","Deadly Poison"],"picked":"SKIP","floor":35},{"not_picked":["Infinite Blades","Bane"],"picked":"Deflect+1","floor":36},{"not_picked":["Distraction+1","Reflex"],"picked":"Eviscerate+1","floor":38},{"not_picked":["Blade Dance","A Thousand Cuts","Choke+1"],"picked":"SKIP","floor":41},{"not_picked":["Quick Slash","Acrobatics","Underhanded Strike"],"picked":"Distraction+1","floor":44},{"not_picked":["Outmaneuver","Skewer","Dagger Spray"],"picked":"Poisoned Stab+1","floor":47},{"not_picked":["Cloak And Dagger+1","Expertise","Backflip"],"picked":"Noxious Fumes","floor":48}],"player_experience":91869,"relics_obtained":[{"floor":6,"key":"Dream Catcher"},{"floor":9,"key":"Happy Flower"},{"floor":13,"key":"Thread and Needle"},{"floor":31,"key":"Gambling Chip"},{"floor":41,"key":"Question Card"},{"floor":43,"key":"Ancient Tea Set"},{"floor":45,"key":"Shuriken"}],"event_choices":[{"cards_removed":["Strike_G"],"damage_healed":0,"gold_gain":0,"player_choice":"Card Removal","damage_taken":0,"max_hp_gain":0,"max_hp_loss":0,"event_name":"The Cleric","floor":2,"gold_loss":50},{"damage_healed":0,"gold_gain":0,"player_choice":"Take Damage","damage_taken":17,"relics_obtained":["Golden Idol"],"max_hp_gain":0,"max_hp_loss":0,"event_name":"Golden Idol","floor":3,"gold_loss":0},{"damage_healed":0,"gold_gain":0,"cards_transformed":["Strike_G"],"player_choice":"Change","damage_taken":0,"max_hp_gain":0,"max_hp_loss":0,"event_name":"Living Wall","floor":4,"gold_loss":0,"cards_obtained":["Corpse Explosion"]},{"damage_healed":0,"gold_gain":0,"player_choice":"Copied","damage_taken":0,"max_hp_gain":0,"max_hp_loss":0,"event_name":"Duplicator","floor":21,"gold_loss":0,"cards_obtained":["Catalyst"]},{"damage_healed":0,"gold_gain":0,"player_choice":"Opened","damage_taken":0,"relics_obtained":["Snake Skull"],"max_hp_gain":0,"max_hp_loss":0,"event_name":"The Mausoleum","floor":27,"gold_loss":0,"cards_obtained":["Writhe"]},{"cards_removed":["Defend_G"],"damage_healed":0,"gold_gain":0,"player_choice":"Offered Basic","damage_taken":0,"max_hp_gain":0,"max_hp_loss":0,"event_name":"Bonfire Elementals","floor":28,"gold_loss":0},{"damage_healed":0,"gold_gain":333,"player_choice":"Gave Idol","damage_taken":0,"max_hp_gain":0,"max_hp_loss":0,"event_name":"The Moai Head","floor":37,"relics_lost":["Golden Idol"],"gold_loss":0},{"cards_removed":["Defend_G"],"damage_healed":0,"gold_gain":0,"player_choice":"Removed Skill","damage_taken":0,"max_hp_gain":0,"max_hp_loss":0,"event_name":"Falling","floor":42,"gold_loss":0}],"is_beta":false,"boss_relics":[{"not_picked":["HoveringKite","Runic Dome"],"picked":"Sozu"},{"not_picked":["Ring of the Serpent","Coffee Dripper"],"picked":"Tiny House"}],"items_purged_floors":[39],"is_endless":false,"potions_floor_spawned":[6,8,10,14,16,31,33,41,47,48],"ascension_level":1}