{"gold_per_floor":[112,142,156,170,183,183,235,11,36,50,65,65,140,140,140,140],"floor_reached":16,"playtime":569,"items_purged":[],"score":133,"play_id":"a3d2c91a-091d-4df3-b0fc-a0c40df1c3b0","local_time":"20181227090058","is_ascension_mode":true,"campfire_choices":[{"data":"Corruption","floor":6,"key":"SMITH"},{"floor":12,"key":"REST"},{"data":"Clothesline","floor":15,"key":"SMITH"}],"neow_cost":"NONE","seed_source_timestamp":54367306574881,"circlet_count":0,"master_deck":["Strike_R","Strike_R","Strike_R","Strike_R","Strike_R","Defend_R","Defend_R+1","Defend_R+1","Defend_R","Bash","Offering","Body Slam","Corruption+1","Headbutt","Dual Wield","Cleave","True Grit","Limit Break","Clothesline+1"],"relics":["Burning Blood","Tiny Chest","War Paint","Vajra","Bag of Preparation"],"potions_floor_usage":[],"damage_taken":[{"damage":7,"enemies":"Small Slimes","floor":1,"turns":4},{"damage":10,"enemies":"Jaw Worm","floor":3,"turns":4},{"damage":7,"enemies":"Cultist","floor":4,"turns":4},{"damage":17,"enemies":"2 Fungi Beasts","floor":5,"turns":4},{"damage":14,"enemies":"Looter","floor":10,"turns":5},{"damage":17,"enemies":"3 Louse","floor":11,"turns":5},{"damage":34,"enemies":"The Guardian","floor":16,"turns":5}],"seed_played":"3633150162169982154","potions_obtained":[{"floor":11,"key":"SpeedPotion"}],"is_trial":false,"path_per_floor":["M","?","M","M","M","R","T","$","T","M","M","R","?","?","R","B"],"character_chosen":"IRONCLAD","items_purchased":["Cleave","Vajra","True Grit"],"campfire_rested":1,"item_purchase_floors":[8,8,8],"current_hp_per_floor":[71,53,49,48,37,37,37,37,37,29,18,42,31,31,31,0],"gold":140,"neow_bonus":"ONE_RANDOM_RARE_CARD","is_prod":false,"is_daily":false,"chose_seed":false,"campfire_upgraded":2,"win_rate":0,"timestamp":1545897658,"path_taken":["M","?","M","M","M","R","?","$","T","M","?","R","?","?","R","BOSS"],"build_version":"2018-12-25","purchased_purges":0,"victory":false,"max_hp_per_floor":[80,80,80,80,80,80,80,80,80,80,80,80,80,80,80,80],"card_choices":[{"not_picked":["Flex","Pommel Strike"],"picked":"Body Slam","floor":1},{"not_picked":["Second Wind","Wild Strike"],"picked":"Corruption","floor":3},{"not_picked":["Clothesline","Corruption"],"picked":"Headbutt","floor":4},{"not_picked":["Searing Blow","Cleave"],"picked":"Dual Wield","floor":5},{"not_picked":["Armaments","Heavy Blade"],"picked":"Limit Break","floor":10},{"not_picked":["Sword Boomerang","Evolve"],"picked":"Clothesline","floor":11}],"player_experience":714137,"relics_obtained":[{"floor":7,"key":"War Paint"},{"floor":9,"key":"Bag of Preparation"}],"event_choices":[{"damage_healed":0,"gold_gain":0,"player_choice":"Success","damage_taken":18,"relics_obtained":["Tiny Chest"],"max_hp_gain":0,"max_hp_loss":0,"event_name":"Scrap Ooze","floor":2,"gold_loss":0},{"damage_healed":0,"gold_gain":75,"player_choice":"Gather Gold","damage_taken":11,"max_hp_gain":0,"max_hp_loss":0,"event_name":"World of Goop","floor":13,"gold_loss":0},{"damage_healed":0,"gold_gain":0,"player_choice":"Ignored","damage_taken":0,"max_hp_gain":0,"max_hp_loss":0,"event_name":"Liars Game","floor":14,"gold_loss":0}],"is_beta":true,"boss_relics":[],"items_purged_floors":[],"is_endless":false,"potions_floor_spawned":[11],"killed_by":"The Guardian","ascension_level":9}