{"gold_per_floor":[118,66,83,83,94,119,119,132,157,82,139,139,139,39,39,39],"floor_reached":16,"playtime":381,"items_purged":["Strike_R","Strike_R"],"score":108,"play_id":"a135a561-8c06-47d4-9fe1-f367b74142f7","local_time":"20190703170303","is_ascension_mode":false,"campfire_choices":[{"data":"Body Slam","floor":12,"key":"SMITH"},{"data":"Shrug It Off","floor":15,"key":"SMITH"}],"neow_cost":"NONE","seed_source_timestamp":90410147161500,"circlet_count":0,"master_deck":["Strike_R","Strike_R","Strike_R","Defend_R","Defend_R","Defend_R","Defend_R","Bash","Shrug It Off+1","Body Slam+1","Flame Barrier+1"],"relics":["Burning Blood","Art of War","Orichalcum","Juzu Bracelet","Lantern","Tiny Chest"],"potions_floor_usage":[6,16],"damage_taken":[{"damage":5,"enemies":"Small Slimes","floor":1,"turns":4},{"damage":0,"enemies":"Cultist","floor":3,"turns":3},{"damage":7,"enemies":"2 Louse","floor":5,"turns":3},{"damage":48,"enemies":"Lagavulin","floor":6,"turns":8},{"damage":6,"enemies":"2 Fungi Beasts","floor":8,"turns":4},{"damage":31,"enemies":"Gremlin Nob","floor":11,"turns":6},{"damage":40,"enemies":"Hexaghost","floor":16,"turns":14}],"seed_played":"-1836393954955547359","potions_obtained":[{"floor":1,"key":"EssenceOfSteel"},{"floor":3,"key":"Ancient Potion"},{"floor":8,"key":"FearPotion"},{"floor":11,"key":"GamblersBrew"}],"is_trial":false,"path_per_floor":["M","$","M","?","M","E","?","M","T","$","E","R","?","$","R","B"],"character_chosen":"IRONCLAD","items_purchased":["Shrug It Off"],"campfire_rested":0,"item_purchase_floors":[2],"current_hp_per_floor":[80,80,80,80,79,37,63,63,63,63,38,38,38,38,38,0],"gold":39,"neow_bonus":"RANDOM_COMMON_RELIC","is_prod":false,"is_daily":false,"chose_seed":false,"campfire_upgraded":2,"win_rate":0,"timestamp":1562162583,"path_taken":["M","$","M","?","M","E","?","M","T","$","E","R","?","$","R","BOSS"],"build_version":"2019-07-01","purchased_purges":2,"victory":false,"max_hp_per_floor":[80,80,80,80,80,80,80,80,80,80,80,80,80,80,80,80],"card_choices":[{"not_picked":["Disarm","Rage","Perfected Strike"],"picked":"SKIP","floor":1},{"not_picked":["Combust","Clash","Corruption"],"picked":"SKIP","floor":3},{"not_picked":["Wild Strike","True Grit","Power Through"],"picked":"SKIP","floor":5},{"not_picked":["Impervious","Flex","Heavy Blade"],"picked":"SKIP","floor":6},{"not_picked":["Headbutt","True Grit"],"picked":"Body Slam","floor":8},{"not_picked":["Wild Strike","Heavy Blade"],"picked":"Flame Barrier","floor":11}],"player_experience":672683,"relics_obtained":[{"floor":6,"key":"Juzu Bracelet"},{"floor":9,"key":"Lantern"},{"floor":11,"key":"Tiny Chest"}],"event_choices":[{"damage_healed":0,"gold_gain":0,"player_choice":"Gave Potion","damage_taken":0,"relics_obtained":["Orichalcum"],"max_hp_gain":0,"max_hp_loss":0,"event_name":"WeMeetAgain","floor":4,"gold_loss":0},{"damage_healed":26,"gold_gain":0,"player_choice":"Banana","damage_taken":0,"max_hp_gain":0,"max_hp_loss":0,"event_name":"Big Fish","floor":7,"gold_loss":0},{"damage_healed":0,"gold_gain":0,"player_choice":"Grow","damage_taken":0,"max_hp_gain":0,"max_hp_loss":0,"event_name":"Living Wall","floor":13,"gold_loss":0,"cards_upgraded":["Flame Barrier"]}],"is_beta":false,"boss_relics":[],"items_purged_floors":[10,14],"is_endless":false,"potions_floor_spawned":[1,3,8,11],"killed_by":"Hexaghost","ascension_level":0}