{"gold_per_floor":[119,119,134,147,22,22,49,49,49,64,74,21,36,52,52,155,155,168,168,168,185,201,201,220,220,220,230,246,44,44,60,60,157,157,176,188,207,219,231,231,25,25,49,66,79,79,94,94,94,94],"floor_reached":51,"playtime":1558,"items_purged":["Pain"],"score":709,"play_id":"307a9b57-5b20-43d2-a3d5-b67dc11741f1","local_time":"20180815030244","is_ascension_mode":false,"campfire_choices":[{"data":"Body Slam","floor":6.0,"key":"SMITH"},{"data":"Juggernaut","floor":8.0,"key":"SMITH"},{"data":"Body Slam","floor":15.0,"key":"SMITH"},{"data":"Metallicize","floor":23.0,"key":"SMITH"},{"data":"Body Slam","floor":25.0,"key":"SMITH"},{"data":"Armaments","floor":32.0,"key":"SMITH"},{"floor":40.0,"key":"REST"},{"floor":42.0,"key":"REST"},{"data":"Juggernaut","floor":49,"key":"SMITH"}],"neow_cost":"CURSE","seed_source_timestamp":35696650185386,"circlet_count":0,"master_deck":["Strike_R","Strike_R","Strike_R","Strike_R","Strike_R","Defend_R","Defend_R","Defend_R","Defend_R","Bash","Juggernaut+1","Shrug It Off","Body Slam+1","Body Slam+1","Metallicize+1","Shrug It Off","Shrug It Off","Flame Barrier","Body Slam+1","Armaments+1","Shrug It Off+1","Iron Wave","Shrug It Off","Body Slam+1","Battle Trance","Juggernaut+1"],"special_seed":0,"relics":["Burning Blood","Unceasing Top","Question Card","The Courier","Mercury Hourglass","Darkstone Periapt","White Beast Statue","Dodecahedron","Lantern"],"potions_floor_usage":[50],"damage_taken":[{"damage":9.0,"enemies":"2 Louse","floor":1.0,"turns":3.0},{"damage":5.0,"enemies":"Small Slimes","floor":3.0,"turns":4.0},{"damage":10.0,"enemies":"Cultist","floor":4.0,"turns":4.0},{"damage":43.0,"enemies":"Gremlin Nob","floor":7.0,"turns":5.0},{"damage":5.0,"enemies":"Looter","floor":10.0,"turns":3.0},{"damage":7.0,"enemies":"Exordium Wildlife","floor":11.0,"turns":4.0},{"damage":0.0,"enemies":"2 Fungi Beasts","floor":13.0,"turns":4.0},{"damage":3.0,"enemies":"Red Slaver","floor":14.0,"turns":3.0},{"damage":10.0,"enemies":"Hexaghost","floor":16.0,"turns":8.0},{"damage":2.0,"enemies":"Chosen","floor":18.0,"turns":4.0},{"damage":11.0,"enemies":"Spheric Guardian","floor":21.0,"turns":4.0},{"damage":1.0,"enemies":"3 Cultists","floor":22.0,"turns":5.0},{"damage":5.0,"enemies":"Chosen and Byrds","floor":24.0,"turns":6.0},{"damage":20.0,"enemies":"Snake Plant","floor":27.0,"turns":4.0},{"damage":15.0,"enemies":"Centurion and Healer","floor":28.0,"turns":8.0},{"damage":2.0,"enemies":"Cultist and Chosen","floor":31.0,"turns":5.0},{"damage":41.0,"enemies":"Collector","floor":33.0,"turns":11.0},{"damage":22.0,"enemies":"Flame Bruiser 1 Orb","floor":35.0,"turns":7.0},{"damage":0.0,"enemies":"3 Shapes","floor":36.0,"turns":5.0},{"damage":51.0,"enemies":"Transient","floor":37.0,"turns":5.0},{"damage":14.0,"enemies":"Maw","floor":38.0,"turns":9.0},{"damage":17.0,"enemies":"3 Darklings","floor":39.0,"turns":5.0},{"damage":11.0,"enemies":"Sphere and 2 Shapes","floor":44.0,"turns":4.0},{"damage":10.0,"enemies":"Flame Bruiser 2 Orb","floor":45.0,"turns":6.0},{"damage":5,"enemies":"4 Shapes","floor":47,"turns":5},{"damage":68,"enemies":"Time Eater","floor":50,"turns":10}],"seed_played":"5396694512966544359","potions_obtained":[{"floor":7.0,"key":"Fire Potion"},{"floor":11.0,"key":"Weak Potion"},{"floor":14.0,"key":"Dexterity Potion"},{"floor":16.0,"key":"Ancient Potion"},{"floor":22.0,"key":"Fire Potion"},{"floor":27.0,"key":"GamblersBrew"},{"floor":33.0,"key":"SteroidPotion"},{"floor":35.0,"key":"SneckoOil"},{"floor":36.0,"key":"Explosive Potion"},{"floor":37.0,"key":"LiquidBronze"},{"floor":38.0,"key":"Swift Potion"},{"floor":45.0,"key":"Regen Potion"}],"is_trial":false,"path_per_floor":["M","?","M","M","$","R","E","R","T","M","M","$","M","M","R","B",null,"M","?","$","M","M","R","M","R","T","M","M","$","T","M","R","B",null,"M","M","M","M","M","R","$","R","T","M","M","?","M","?","R","B"],"character_chosen":"IRONCLAD","items_purchased":["Body Slam","Shrug It Off","Mercury Hourglass","Dodecahedron"],"campfire_rested":2,"item_purchase_floors":[5,12,29,41],"current_hp_per_floor":[77,82,83,79,79,79,42,42,42,43,42,42,48,51,51,47,85,85,85,85,80,85,85,85,85,85,71,62,62,62,66,66,31,85,69,75,30,22,11,36,36,61,61,56,52,91,91,91,91,44],"gold":94,"neow_bonus":"THREE_RARE_CARDS","is_prod":false,"is_daily":false,"chose_seed":false,"campfire_upgraded":7,"win_rate":0,"timestamp":1534291364,"path_taken":["M","?","M","M","$","R","E","R","T","M","M","$","M","M","R","BOSS","M","?","$","?","M","R","M","R","T","M","M","$","?","M","R","BOSS","M","M","M","M","M","R","$","R","T","M","M","?","M","?","R","BOSS"],"build_version":"2018-08-09","purchased_purges":1,"victory":true,"max_hp_per_floor":[80,85,85,85,85,85,85,85,85,85,85,85,85,85,85,85,85,85,85,85,85,85,85,85,85,85,85,85,85,85,85,85,85,85,85,85,85,85,85,85,85,85,85,85,85,91,91,91,91,91],"card_choices":[{"not_picked":["Fiend Fire","Offering"],"picked":"Juggernaut","floor":0.0},{"not_picked":["Wild Strike","Power Through","Heavy Blade"],"picked":"SKIP","floor":1.0},{"not_picked":["Rampage","Dropkick"],"picked":"Shrug It Off","floor":3.0},{"not_picked":["Perfected Strike","Cleave","Searing Blow"],"picked":"SKIP","floor":4.0},{"not_picked":["Sever Soul","Flex","Havoc"],"picked":"SKIP","floor":7.0},{"not_picked":["Intimidate","Sword Boomerang","Twin Strike"],"picked":"Body Slam","floor":10.0},{"not_picked":["Pummel","Blood for Blood","Carnage"],"picked":"Metallicize","floor":11.0},{"not_picked":["Cleave","Double Tap","Pommel Strike"],"picked":"Shrug It Off","floor":13.0},{"not_picked":["Heavy Blade","Ghostly Armor","Warcry"],"picked":"Flame Barrier","floor":14.0},{"not_picked":["Havoc","Entrench","Inflame+1","Warcry+1"],"picked":"SKIP","floor":18.0},{"not_picked":["Second Wind","Flex","Entrench","Headbutt"],"picked":"SKIP","floor":21.0},{"not_picked":["Cleave","Sword Boomerang","Perfected Strike","Twin Strike"],"picked":"SKIP","floor":22.0},{"not_picked":["Anger","Havoc","Dropkick+1"],"picked":"Body Slam","floor":24.0},{"not_picked":["Havoc+1","Pommel Strike","Rampage","Burning Pact"],"picked":"SKIP","floor":27.0},{"not_picked":["Havoc+1","Pommel Strike","Rampage","Burning Pact"],"picked":"SKIP","floor":27.0},{"not_picked":["Havoc+1","Perfected Strike+1","Warcry+1"],"picked":"Armaments","floor":28.0},{"not_picked":["Warcry+1","Cleave+1","Fiend Fire","Pommel Strike+1"],"picked":"SKIP","floor":31.0},{"not_picked":["Anger+1","Havoc+1","Iron Wave"],"picked":"Shrug It Off+1","floor":35.0},{"not_picked":["Anger","Cleave","Sword Boomerang+1"],"picked":"Iron Wave","floor":36.0},{"not_picked":["Clothesline+1","Clash+1","Twin Strike","Perfected Strike+1"],"picked":"SKIP","floor":37.0},{"not_picked":["Dark Embrace","Anger","Sword Boomerang+1"],"picked":"Shrug It Off","floor":38.0},{"not_picked":["Iron Wave+1","Seeing Red+1","Uppercut"],"picked":"Body Slam+1","floor":39.0},{"not_picked":["Combust","Carnage+1","Anger"],"picked":"Battle Trance","floor":44.0},{"not_picked":["Searing Blow+1","Headbutt+1","Wild Strike"],"picked":"Juggernaut","floor":45.0},{"not_picked":["Second Wind+1","Corruption","Clothesline","Carnage"],"picked":"SKIP","floor":47},{"not_picked":["Second Wind+1","Corruption","Clothesline","Carnage"],"picked":"SKIP","floor":47}],"player_experience":307643,"relics_obtained":[{"floor":7.0,"key":"Unceasing Top"},{"floor":9.0,"key":"Question Card"},{"floor":26.0,"key":"The Courier"},{"floor":30.0,"key":"Darkstone Periapt"},{"floor":43.0,"key":"Lantern"}],"event_choices":[{"event_name":"Big Fish","player_choice":"Donut","floor":2.0,"damage_taken":0.0},{"event_name":"Beggar","player_choice":"Ignored","floor":19.0,"damage_taken":0.0},{"event_name":"MindBloom","player_choice":"Heal","floor":46,"damage_taken":0},{"event_name":"Purifier","player_choice":"One Purge","floor":48,"damage_taken":0}],"is_beta":false,"boss_relics":[{"not_picked":["Philosopher\u0027s Stone","Runic Pyramid","Runic Cube"]},{"not_picked":["Astrolabe","Black Star"],"picked":"White Beast Statue"}],"items_purged_floors":[5],"is_endless":false,"potions_floor_spawned":[7,11,14,16,22,27,33,35,36,37,38,39,44,45,47],"ascension_level":0}