{"gold_per_floor":[113,113,113,126,145,177,195,195,195,225,236,265,11,11,11,116,116,129,129,44,61,75,75,103,103,103,103,3,23,49,49,49,149,149,166,179,0,0,20,20,35,35,35,66,66,0,0,15,15,15],"floor_reached":51,"playtime":1325,"items_purged":["Strike_R","Strike_R","Strike_R+1"],"score":773,"play_id":"e8eab115-b4e0-44fb-add0-2327921aa5bc","local_time":"20190630143351","is_ascension_mode":false,"campfire_choices":[{"data":"Armaments","floor":8.0,"key":"SMITH"},{"data":"Body Slam","floor":15.0,"key":"SMITH"},{"data":"Body Slam","floor":23.0,"key":"SMITH"},{"data":"Body Slam","floor":25.0,"key":"SMITH"},{"data":"Juggernaut","floor":27.0,"key":"SMITH"},{"data":"Ghostly Armor","floor":32.0,"key":"SMITH"},{"data":"Shrug It Off","floor":40,"key":"SMITH"},{"data":"Bash","floor":42,"key":"SMITH"},{"floor":45,"key":"RECALL"},{"floor":49,"key":"REST"}],"neow_cost":"NONE","seed_source_timestamp":56650945167400,"circlet_count":0,"master_deck":["Strike_R+1","Defend_R+1","Defend_R+1","Defend_R+1","Defend_R+1","Bash+1","Armaments+1","Body Slam+1","Body Slam+1","Ghostly Armor+1","Juggernaut+1","Body Slam+1","Shrug It Off+1"],"special_seed":0,"relics":["Burning Blood","Bag of Marbles","Pen Nib","Kunai","Odd Mushroom","Centennial Puzzle","Runic Pyramid","Paper Frog","Ancient Tea Set","FossilizedHelix","Gremlin Horn","Busted Crown","Ornamental Fan","Ginger","Red Mask"],"potions_floor_usage":[],"damage_taken":[{"damage":0.0,"enemies":"2 Louse","floor":1.0,"turns":3.0},{"damage":6.0,"enemies":"Cultist","floor":4.0,"turns":3.0},{"damage":9.0,"enemies":"Small Slimes","floor":5.0,"turns":5.0},{"damage":31.0,"enemies":"3 Sentries","floor":6.0,"turns":8.0},{"damage":10.0,"enemies":"Exordium Wildlife","floor":7.0,"turns":6.0},{"damage":34.0,"enemies":"Gremlin Nob","floor":10.0,"turns":5.0},{"damage":1.0,"enemies":"2 Fungi Beasts","floor":11.0,"turns":4.0},{"damage":15.0,"enemies":"The Mushroom Lair","floor":12.0,"turns":4.0},{"damage":11.0,"enemies":"Slime Boss","floor":16.0,"turns":13.0},{"damage":5.0,"enemies":"Chosen","floor":18.0,"turns":5.0},{"damage":13.0,"enemies":"3 Byrds","floor":21.0,"turns":4.0},{"damage":0.0,"enemies":"Centurion and Healer","floor":22.0,"turns":5.0},{"damage":27.0,"enemies":"Gremlin Leader","floor":24.0,"turns":6.0},{"damage":4.0,"enemies":"Sentry and Sphere","floor":29.0,"turns":4.0},{"damage":0.0,"enemies":"Book of Stabbing","floor":30.0,"turns":4.0},{"damage":14.0,"enemies":"Champ","floor":33.0,"turns":8.0},{"damage":0.0,"enemies":"3 Shapes","floor":35.0,"turns":1.0},{"damage":0,"enemies":"3 Darklings","floor":36,"turns":4},{"damage":0,"enemies":"4 Shapes","floor":39,"turns":3},{"damage":0,"enemies":"Sphere and 2 Shapes","floor":41,"turns":3},{"damage":0,"enemies":"Nemesis","floor":44,"turns":3},{"damage":0,"enemies":"Spire Growth","floor":48,"turns":3},{"damage":9,"enemies":"Time Eater","floor":50,"turns":5}],"seed_played":"7802781456921304000","potions_obtained":[{"floor":1.0,"key":"Explosive Potion"},{"floor":5.0,"key":"Strength Potion"},{"floor":7.0,"key":"PowerPotion"},{"floor":12.0,"key":"Fire Potion"},{"floor":22.0,"key":"Strength Potion"},{"floor":29.0,"key":"Regen Potion"},{"floor":33.0,"key":"GamblersBrew"},{"floor":38,"key":"Block Potion"}],"is_trial":false,"path_per_floor":["M","?","$","M","M","E","M","R","T","E","M","?","$","?","R","B",null,"M","$","?","M","M","R","E","R","T","R","$","M","E","?","R","B",null,"M","M","$","?","M","R","M","R","T","E","R","?","$","M","R","B",null],"character_chosen":"IRONCLAD","items_purchased":["Ghostly Armor","Centennial Puzzle","Shrug It Off"],"campfire_rested":1,"item_purchase_floors":[13,13,37],"current_hp_per_floor":[88,88,88,88,85,60,56,56,56,28,33,24,24,17,17,12,88,88,88,88,81,87,87,66,66,66,66,66,68,74,74,74,66,88,88,88,88,88,88,88,88,88,88,88,88,88,88,88,88,85],"gold":15,"neow_bonus":"TEN_PERCENT_HP_BONUS","is_prod":false,"is_daily":false,"chose_seed":false,"campfire_upgraded":8,"win_rate":0,"timestamp":1561894431,"path_taken":["M","?","$","?","M","E","M","R","T","E","?","?","$","?","R","BOSS","M","$","?","M","M","R","E","R","T","R","$","M","E","?","R","BOSS","M","M","$","?","?","R","M","R","T","E","R","?","$","M","R","BOSS"],"build_version":"2019-01-23","purchased_purges":3,"victory":true,"max_hp_per_floor":[88,88,88,88,88,88,88,88,88,88,88,88,88,88,88,88,88,88,88,88,88,88,88,88,88,88,88,88,88,88,88,88,88,88,88,88,88,88,88,88,88,88,88,88,88,88,88,88,88,88],"card_choices":[{"not_picked":["Corruption","Wild Strike","Warcry"],"picked":"SKIP","floor":1.0},{"not_picked":["Heavy Blade","Evolve","Carnage"],"picked":"SKIP","floor":4.0},{"not_picked":["Armaments","Thunderclap","Corruption"],"picked":"SKIP","floor":5.0},{"not_picked":["Impervious","Entrench"],"picked":"Armaments","floor":6.0},{"not_picked":["Sword Boomerang","Sentinel"],"picked":"Body Slam","floor":7.0},{"not_picked":["Armaments","Pommel Strike","Feel No Pain"],"picked":"SKIP","floor":10.0},{"not_picked":["True Grit","Twin Strike"],"picked":"Body Slam","floor":11.0},{"not_picked":["Fiend Fire","Dark Embrace"],"picked":"Juggernaut","floor":16.0},{"not_picked":["Pummel","Sword Boomerang"],"picked":"Body Slam","floor":18.0},{"not_picked":["Rage","Body Slam","Flex"],"picked":"SKIP","floor":21.0},{"not_picked":["Warcry","Evolve+1","Second Wind"],"picked":"SKIP","floor":22.0},{"not_picked":["True Grit","Rage","Thunderclap+1"],"picked":"SKIP","floor":24.0},{"not_picked":["Headbutt","Power Through","Rupture"],"picked":"SKIP","floor":29.0},{"not_picked":["Sever Soul","Bloodletting","Dropkick+1"],"picked":"SKIP","floor":30.0},{"not_picked":["Twin Strike"],"picked":"SKIP","floor":35},{"not_picked":["Warcry"],"picked":"SKIP","floor":36},{"not_picked":["Pommel Strike+1"],"picked":"SKIP","floor":39},{"not_picked":["Armaments+1"],"picked":"SKIP","floor":41},{"not_picked":["Rage"],"picked":"SKIP","floor":44},{"not_picked":["Thunderclap"],"picked":"SKIP","floor":48}],"player_experience":661445,"relics_obtained":[{"floor":6.0,"key":"Bag of Marbles"},{"floor":9.0,"key":"Pen Nib"},{"floor":10.0,"key":"Kunai"},{"floor":12.0,"key":"Odd Mushroom"},{"floor":24.0,"key":"Ancient Tea Set"},{"floor":26.0,"key":"FossilizedHelix"},{"floor":30.0,"key":"Gremlin Horn"},{"floor":43,"key":"Ornamental Fan"},{"floor":44,"key":"Ginger"}],"event_choices":[{"damage_healed":0.0,"max_hp_gain":0.0,"max_hp_loss":0.0,"gold_gain":0.0,"event_name":"Upgrade Shrine","player_choice":"Upgraded","floor":2.0,"gold_loss":0.0,"damage_taken":0.0,"cards_upgraded":["Defend_R"]},{"damage_healed":0.0,"max_hp_gain":0.0,"max_hp_loss":0.0,"gold_gain":0.0,"event_name":"Mushrooms","player_choice":"Fought Mushrooms","floor":12.0,"gold_loss":0.0,"damage_taken":0.0},{"cards_removed":["Strike_R"],"damage_healed":0.0,"max_hp_gain":0.0,"max_hp_loss":0.0,"gold_gain":0.0,"event_name":"Golden Wing","player_choice":"Card Removal","floor":14.0,"gold_loss":0.0,"damage_taken":7.0},{"damage_healed":0.0,"max_hp_gain":0.0,"max_hp_loss":0.0,"gold_gain":0.0,"event_name":"Addict","player_choice":"Obtained Relic","floor":20.0,"gold_loss":85.0,"damage_taken":0.0,"relics_obtained":["Paper Frog"]},{"damage_healed":0.0,"max_hp_gain":0.0,"max_hp_loss":0.0,"gold_gain":0.0,"event_name":"Back to Basics","player_choice":"Simplicity","floor":31.0,"gold_loss":0.0,"damage_taken":0.0,"cards_upgraded":["Strike_R","Strike_R","Defend_R","Defend_R","Defend_R"]},{"damage_healed":0,"gold_gain":0,"player_choice":"Got Potions","damage_taken":0,"max_hp_gain":0,"max_hp_loss":0,"event_name":"Lab","floor":38,"gold_loss":0},{"damage_healed":0,"gold_gain":0,"player_choice":"Paid","damage_taken":0,"relics_obtained":["Red Mask"],"max_hp_gain":0,"max_hp_loss":0,"event_name":"Tomb of Lord Red Mask","floor":46,"gold_loss":66}],"is_beta":false,"boss_relics":[{"not_picked":["White Beast Statue","Black Blood"],"picked":"Runic Pyramid"},{"not_picked":["Runic Dome","Velvet Choker"],"picked":"Busted Crown"}],"items_purged_floors":[13,28,37],"is_endless":false,"potions_floor_spawned":[1,5,7,12,22,29,33,36,39,48],"ascension_level":0}