{"gold_per_floor":[118,128,74,91,91,120,120,120,120,195,195,226,242,39,39,137,137,150,165,165,179,79,79],"floor_reached":23,"playtime":618,"items_purged":["Regret","Strike_R"],"score":274,"play_id":"34caf65a-c870-4270-a64e-5848f616ade9","local_time":"20190727195912","is_ascension_mode":false,"campfire_choices":[{"data":"Armaments","floor":8,"key":"SMITH"},{"floor":11,"key":"REST"},{"data":"Inflame","floor":15,"key":"SMITH"}],"neow_cost":"NONE","seed_source_timestamp":0,"circlet_count":0,"master_deck":["Strike_R","Strike_R","Strike_R","Strike_R","Defend_R","Defend_R","Defend_R","Defend_R","Bash+1","Armaments+1","Shrug It Off","Twin Strike+1","Sword Boomerang+1","Inflame+1","Sword Boomerang+1"],"special_seed":0,"relics":["Burning Blood","Molten Egg 2","Thread and Needle","Juzu Bracelet","Oddly Smooth Stone","Singing Bowl","Black Star","MutagenicStrength"],"potions_floor_usage":[],"damage_taken":[{"damage":1,"enemies":"Jaw Worm","floor":1,"turns":3},{"damage":9,"enemies":"Small Slimes","floor":2,"turns":4},{"damage":6,"enemies":"2 Louse","floor":4,"turns":3},{"damage":54,"enemies":"Lagavulin","floor":6,"turns":7},{"damage":7,"enemies":"3 Sentries","floor":12,"turns":8},{"damage":4,"enemies":"2 Fungi Beasts","floor":13,"turns":3},{"damage":0,"enemies":"Slime Boss","floor":16,"turns":6},{"damage":0,"enemies":"Chosen","floor":18,"turns":4},{"damage":19,"enemies":"Spheric Guardian","floor":19,"turns":4},{"damage":15,"enemies":"Centurion and Healer","floor":21,"turns":7},{"damage":40,"enemies":"Slavers","floor":23,"turns":3}],"seed_played":"-8374868069059875007","potions_obtained":[{"floor":2,"key":"Dexterity Potion"},{"floor":6,"key":"Strength Potion"},{"floor":16,"key":"Weak Potion"}],"is_trial":false,"path_per_floor":["M","M","$","M","?","E","?","R","T","?","R","E","M","$","R","B",null,"M","M","?","M","$","E"],"character_chosen":"IRONCLAD","items_purchased":["Shrug It Off","Inflame","Sword Boomerang+1"],"campfire_rested":1,"item_purchase_floors":[3,14,14],"current_hp_per_floor":[80,77,77,77,77,29,17,17,17,6,30,31,33,33,33,41,84,86,75,75,68,68,28],"gold":79,"neow_bonus":"UPGRADE_CARD","is_prod":false,"is_daily":false,"chose_seed":false,"campfire_upgraded":2,"win_rate":0,"timestamp":1564246752,"path_taken":["M","M","$","M","?","E","?","R","T","?","R","E","M","$","R","BOSS","M","M","?","M","$","E"],"build_version":"2019-07-17","purchased_purges":2,"victory":false,"max_hp_per_floor":[80,80,80,80,80,80,80,80,80,80,80,82,82,82,82,84,84,86,88,88,90,90,90],"card_choices":[{"not_picked":["Anger","Perfected Strike","Iron Wave"],"picked":"SKIP","floor":1},{"not_picked":["Metallicize","Warcry"],"picked":"Armaments","floor":2},{"not_picked":["Combust","Sever Soul","Anger"],"picked":"SKIP","floor":4},{"not_picked":["Impervious","Pummel+1"],"picked":"Twin Strike+1","floor":6},{"not_picked":["Pommel Strike+1","Flex","Rupture"],"picked":"Singing Bowl","floor":12},{"not_picked":["Flex","Anger+1"],"picked":"Sword Boomerang+1","floor":13},{"not_picked":["Dark Embrace","Bludgeon+1","Berserk"],"picked":"Singing Bowl","floor":16},{"not_picked":["Clash+1","Cleave+1","Twin Strike+1"],"picked":"Singing Bowl","floor":18},{"not_picked":["Armaments","Intimidate","Anger+1"],"picked":"Singing Bowl","floor":19},{"not_picked":["Flex","Combust","Infernal Blade"],"picked":"Singing Bowl","floor":21}],"player_experience":777050,"relics_obtained":[{"floor":6,"key":"Thread and Needle"},{"floor":9,"key":"Oddly Smooth Stone"},{"floor":12,"key":"Singing Bowl"}],"event_choices":[{"damage_healed":0,"gold_gain":0,"player_choice":"Box","damage_taken":0,"relics_obtained":["Molten Egg 2"],"max_hp_gain":0,"max_hp_loss":0,"event_name":"Big Fish","floor":5,"gold_loss":0,"cards_obtained":["Regret"]},{"damage_healed":0,"gold_gain":0,"player_choice":"Success","damage_taken":12,"relics_obtained":["Juzu Bracelet"],"max_hp_gain":0,"max_hp_loss":0,"event_name":"Scrap Ooze","floor":7,"gold_loss":0},{"damage_healed":0,"gold_gain":75,"player_choice":"Gather Gold","damage_taken":11,"max_hp_gain":0,"max_hp_loss":0,"event_name":"World of Goop","floor":10,"gold_loss":0},{"damage_healed":0,"gold_gain":0,"player_choice":"Inject Mutagens","damage_taken":0,"relics_obtained":["MutagenicStrength"],"max_hp_gain":0,"max_hp_loss":0,"event_name":"Drug Dealer","floor":20,"gold_loss":0}],"is_beta":false,"boss_relics":[{"not_picked":["Lizard Tail","Runic Cube"],"picked":"Black Star"}],"items_purged_floors":[14,22],"is_endless":false,"potions_floor_spawned":[2,6,16,19],"killed_by":"Slavers","ascension_level":0}