{"gold_per_floor":[111,111,186,199,25,57,57,57,105,115,115,129,154,79,79,79],"floor_reached":16,"playtime":493,"items_purged":["Strike_R"],"score":108,"play_id":"c3fee9a5-33ac-4908-b2f6-3113f1c1f51a","local_time":"20190719111333","is_ascension_mode":false,"campfire_choices":[{"floor":8,"key":"REST"},{"data":"Apotheosis","floor":11,"key":"SMITH"},{"floor":15,"key":"RECALL"}],"neow_cost":"PERCENT_DAMAGE","seed_source_timestamp":98760563450800,"circlet_count":0,"master_deck":["Strike_R","Defend_R","Defend_R","Defend_R","Defend_R","Bash","Shrug It Off","Apotheosis+1","Flame Barrier","Flame Barrier"],"relics":["Burning Blood","Mummified Hand","Orichalcum","Lantern"],"potions_floor_usage":[6,13,16],"damage_taken":[{"damage":15,"enemies":"Jaw Worm","floor":1,"turns":6},{"damage":2,"enemies":"Small Slimes","floor":4,"turns":7},{"damage":31,"enemies":"Gremlin Nob","floor":6,"turns":5},{"damage":0,"enemies":"Cultist","floor":10,"turns":5},{"damage":0,"enemies":"Red Slaver","floor":12,"turns":6},{"damage":13,"enemies":"3 Sentries","floor":13,"turns":12},{"damage":40,"enemies":"Hexaghost","floor":16,"turns":16}],"seed_played":"331764956523116036","potions_obtained":[{"floor":4,"key":"Poison Potion"},{"floor":6,"key":"Energy Potion"},{"floor":10,"key":"Explosive Potion"}],"is_trial":false,"path_per_floor":["M","?","?","M","$","E","$","R","T","M","R","M","E","$","R","B"],"character_chosen":"IRONCLAD","items_purchased":["Apotheosis"],"campfire_rested":1,"item_purchase_floors":[5],"current_hp_per_floor":[47,40,32,36,36,11,11,35,35,41,41,47,40,40,40,0],"gold":79,"neow_bonus":"REMOVE_TWO","is_prod":false,"is_daily":false,"chose_seed":false,"campfire_upgraded":1,"win_rate":0,"timestamp":1563524013,"path_taken":["M","?","?","?","$","E","$","R","T","M","R","M","E","$","R","BOSS"],"build_version":"2019-07-18","purchased_purges":1,"victory":false,"max_hp_per_floor":[80,80,80,80,80,80,80,80,80,80,80,80,80,80,80,80],"card_choices":[{"not_picked":["Clothesline","Sentinel"],"picked":"Shrug It Off","floor":1},{"not_picked":["Shockwave","Perfected Strike","Pommel Strike"],"picked":"SKIP","floor":4},{"not_picked":["Searing Blow","Dual Wield"],"picked":"Flame Barrier","floor":6},{"not_picked":["Iron Wave","Shrug It Off"],"picked":"Flame Barrier","floor":10},{"not_picked":["Uppercut","True Grit","Heavy Blade"],"picked":"SKIP","floor":12},{"not_picked":["Flex","Ghostly Armor","Iron Wave"],"picked":"SKIP","floor":13}],"player_experience":181337,"relics_obtained":[{"floor":6,"key":"Mummified Hand"},{"floor":9,"key":"Orichalcum"},{"floor":13,"key":"Lantern"}],"event_choices":[{"cards_removed":["Strike_R"],"damage_healed":0,"gold_gain":0,"player_choice":"Card Removal","damage_taken":7,"max_hp_gain":0,"max_hp_loss":0,"event_name":"Golden Wing","floor":2,"gold_loss":0},{"damage_healed":0,"gold_gain":75,"player_choice":"Touch","damage_taken":8,"max_hp_gain":0,"max_hp_loss":0,"event_name":"FaceTrader","floor":3,"gold_loss":0}],"is_beta":true,"boss_relics":[],"items_purged_floors":[14],"is_endless":false,"potions_floor_spawned":[4,6,10],"killed_by":"Hexaghost","ascension_level":0}