{"gold_per_floor":[111,126,138,138,138,170,170,182,208,237,247,51,51,63,63,163,163,178,196,208,225,245,245,280,280,280,300,154,170,27,41,41,142,142,162,162,162,178,196,212,212,167,215,228,2,2,18,35,35,35],"floor_reached":51,"playtime":1269,"items_purged":["Strike_R"],"score":712,"play_id":"3ba641ca-72bc-4b63-aa02-c46433301c46","local_time":"20181025181010","is_ascension_mode":false,"campfire_choices":[{"data":"Inflame","floor":7.0,"key":"SMITH"},{"data":"Heavy Blade","floor":13.0,"key":"SMITH"},{"data":"Bash","floor":15.0,"key":"SMITH"},{"data":"Demon Form","floor":23.0,"key":"SMITH"},{"floor":32.0,"key":"REST"},{"data":"Heavy Blade","floor":46,"key":"SMITH"},{"floor":49,"key":"REST"}],"neow_cost":"PERCENT_DAMAGE","seed_source_timestamp":92841549452928,"circlet_count":0,"master_deck":["Strike_R","Strike_R","Strike_R","Strike_R+1","Defend_R","Defend_R","Defend_R","Defend_R","Bash+1","Cleave+1","Inflame+1","Heavy Blade+1","Shrug It Off","Demon Form+1","Sword Boomerang+1","Sword Boomerang","Heavy Blade+1"],"special_seed":0,"relics":["Burning Blood","Incense Burner","Regal Pillow","Anchor","Oddly Smooth Stone","ClockworkSouvenir","Busted Crown","Whetstone","Paper Frog","Vajra","Lantern","Velvet Choker","Ancient Tea Set","Bag of Preparation"],"potions_floor_usage":[50,50],"damage_taken":[{"damage":0.0,"enemies":"2 Louse","floor":1.0,"turns":4.0},{"damage":0.0,"enemies":"Cultist","floor":2.0,"turns":4.0},{"damage":1.0,"enemies":"Small Slimes","floor":3.0,"turns":4.0},{"damage":27.0,"enemies":"Gremlin Nob","floor":6.0,"turns":4.0},{"damage":17.0,"enemies":"Exordium Thugs","floor":8.0,"turns":4.0},{"damage":9.0,"enemies":"3 Sentries","floor":10.0,"turns":5.0},{"damage":4.0,"enemies":"Looter","floor":11.0,"turns":3.0},{"damage":4.0,"enemies":"Exordium Wildlife","floor":14.0,"turns":4.0},{"damage":6.0,"enemies":"Slime Boss","floor":16.0,"turns":8.0},{"damage":3.0,"enemies":"2 Thieves","floor":18.0,"turns":3.0},{"damage":0.0,"enemies":"Chosen","floor":19.0,"turns":3.0},{"damage":2.0,"enemies":"Snake Plant","floor":20.0,"turns":4.0},{"damage":20.0,"enemies":"Centurion and Healer","floor":21.0,"turns":5.0},{"damage":4.0,"enemies":"Cultist and Chosen","floor":22.0,"turns":5.0},{"damage":12.0,"enemies":"Book of Stabbing","floor":24.0,"turns":4.0},{"damage":18.0,"enemies":"3 Cultists","floor":27.0,"turns":5.0},{"damage":11.0,"enemies":"Snake Plant","floor":29.0,"turns":2.0},{"damage":0.0,"enemies":"Centurion and Healer","floor":31.0,"turns":5.0},{"damage":54.0,"enemies":"Collector","floor":33.0,"turns":7.0},{"damage":0.0,"enemies":"Orb Walker","floor":35.0,"turns":2.0},{"damage":18.0,"enemies":"3 Darklings","floor":38.0,"turns":4.0},{"damage":9.0,"enemies":"Maw","floor":39.0,"turns":5.0},{"damage":0.0,"enemies":"Spire Growth","floor":40.0,"turns":3.0},{"damage":30.0,"enemies":"Mind Bloom Boss Battle","floor":41.0,"turns":5.0},{"damage":17,"enemies":"Maw","floor":44,"turns":5},{"damage":32,"enemies":"3 Darklings","floor":47,"turns":3},{"damage":0,"enemies":"Spire Growth","floor":48,"turns":2},{"damage":44,"enemies":"Time Eater","floor":50,"turns":7}],"seed_played":"5007648967312293215","potions_obtained":[{"floor":2.0,"key":"PowerPotion"},{"floor":3.0,"key":"Strength Potion"},{"floor":8.0,"key":"Dexterity Potion"},{"floor":16.0,"key":"Poison Potion"},{"floor":18.0,"key":"Regen Potion"},{"floor":33.0,"key":"FairyPotion"}],"is_trial":false,"path_per_floor":["M","M","M","$","?","E","R","M","T","E","M","$","R","M","R","B",null,"M","M","M","M","M","R","E","?","T","M","$","M","$","M","R","B",null,"M","?","$","M","M","M","M","$","T","M","$","R","M","M","R","B"],"character_chosen":"IRONCLAD","items_purchased":["ClockworkSouvenir","Vajra","Lantern","Heavy Blade","Bag of Preparation"],"campfire_rested":2,"item_purchase_floors":[12,28,30,42,45],"current_hp_per_floor":[62,68,73,73,73,52,52,41,41,38,40,40,40,42,42,42,80,80,80,80,66,68,68,62,62,62,50,50,45,45,51,80,32,80,80,77,77,65,62,68,44,44,44,33,33,33,7,13,52,29],"gold":35,"neow_bonus":"ONE_RARE_RELIC","is_prod":false,"is_daily":false,"chose_seed":false,"campfire_upgraded":5,"win_rate":0,"timestamp":1540480210,"path_taken":["M","M","M","$","?","E","R","M","T","E","M","$","R","M","R","BOSS","M","M","?","M","M","R","E","?","T","M","$","M","$","M","R","BOSS","M","?","?","M","M","M","?","?","T","M","$","R","M","M","R","BOSS"],"build_version":"2018-10-18","purchased_purges":1,"victory":true,"max_hp_per_floor":[80,80,80,80,80,80,80,80,80,80,80,80,80,80,80,80,80,80,80,80,80,80,80,80,80,80,80,80,80,80,80,80,80,80,80,80,80,80,80,80,80,80,80,80,80,80,80,80,80,80],"card_choices":[{"not_picked":["Warcry","Sword Boomerang","Iron Wave"],"picked":"SKIP","floor":1.0},{"not_picked":["Perfected Strike","Entrench"],"picked":"Cleave","floor":2.0},{"not_picked":["Shrug It Off","Perfected Strike"],"picked":"Inflame","floor":3.0},{"not_picked":["Headbutt","Berserk"],"picked":"Heavy Blade","floor":6.0},{"not_picked":["Entrench","Thunderclap","Pummel"],"picked":"SKIP","floor":8.0},{"not_picked":["Rampage","Fire Breathing","Bloodletting"],"picked":"SKIP","floor":10.0},{"not_picked":["Anger","Sword Boomerang"],"picked":"Shrug It Off","floor":11.0},{"not_picked":["Twin Strike","Anger","Clothesline"],"picked":"SKIP","floor":14.0},{"not_picked":["Dark Embrace","Feed"],"picked":"Demon Form","floor":16.0},{"not_picked":["Twin Strike"],"picked":"SKIP","floor":18.0},{"not_picked":["Sentinel"],"picked":"SKIP","floor":19.0},{"not_picked":["Iron Wave"],"picked":"SKIP","floor":20.0},{"not_picked":["Feel No Pain+1"],"picked":"SKIP","floor":21.0},{"not_picked":["Clash+1"],"picked":"SKIP","floor":22.0},{"not_picked":["Flex"],"picked":"SKIP","floor":24.0},{"not_picked":["Warcry"],"picked":"SKIP","floor":27.0},{"not_picked":["Anger"],"picked":"SKIP","floor":29.0},{"not_picked":["Rampage"],"picked":"SKIP","floor":31.0},{"not_picked":[],"picked":"Sword Boomerang+1","floor":35.0},{"not_picked":["Havoc+1"],"picked":"SKIP","floor":38.0},{"not_picked":["True Grit+1"],"picked":"SKIP","floor":39.0},{"not_picked":[],"picked":"Sword Boomerang","floor":40.0},{"not_picked":["Evolve+1"],"picked":"SKIP","floor":41},{"not_picked":["Evolve+1"],"picked":"SKIP","floor":41},{"not_picked":["Iron Wave+1"],"picked":"SKIP","floor":44},{"not_picked":["Second Wind"],"picked":"SKIP","floor":47},{"not_picked":["Cleave"],"picked":"SKIP","floor":48}],"player_experience":431384,"relics_obtained":[{"floor":6.0,"key":"Regal Pillow"},{"floor":9.0,"key":"Anchor"},{"floor":10.0,"key":"Oddly Smooth Stone"},{"floor":24.0,"key":"Whetstone"},{"floor":26.0,"key":"Paper Frog"},{"floor":43,"key":"Ancient Tea Set"}],"event_choices":[{"damage_healed":0.0,"max_hp_gain":0.0,"max_hp_loss":0.0,"gold_gain":0.0,"event_name":"Golden Wing","player_choice":"Ignored","floor":5.0,"gold_loss":0.0,"damage_taken":0.0},{"damage_healed":0.0,"max_hp_gain":0.0,"max_hp_loss":0.0,"gold_gain":0.0,"event_name":"N\u0027loth","player_choice":"Ignored","floor":25.0,"gold_loss":0.0,"damage_taken":0.0},{"damage_healed":0.0,"max_hp_gain":0.0,"max_hp_loss":0.0,"gold_gain":0.0,"event_name":"Designer","player_choice":"Punched","floor":36.0,"gold_loss":0.0,"damage_taken":3.0},{"damage_healed":0.0,"max_hp_gain":0.0,"max_hp_loss":0.0,"gold_gain":0.0,"event_name":"MindBloom","player_choice":"Fight","floor":41.0,"gold_loss":0.0,"damage_taken":0.0}],"is_beta":false,"boss_relics":[{"not_picked":["White Beast Statue","Philosopher\u0027s Stone"],"picked":"Busted Crown"},{"not_picked":["Black Star","Astrolabe"],"picked":"Velvet Choker"}],"items_purged_floors":[45],"is_endless":false,"potions_floor_spawned":[2,3,8,16,18,20,22,29,33,39,40,41,44,47],"ascension_level":0}