{"path_per_floor":["M","M","M","M","$","R","M","M","T","$","R","?","?","M","R","B",null,"M","?","?","M","$","R","?","R","T","M","R","$","M","?","R","B",null,"M","?","?","?","M","R","$","R","T","M","M","R","$","M","R","B"],"character_chosen":"IRONCLAD","items_purchased":["Shrug It Off","Rupture","Bandage Up","War Paint","Weak Potion"],"gold_per_floor":[118,133,146,160,39,39,49,65,65,65,65,65,165,182,182,280,280,291,291,216,234,162,162,195,195,195,211,211,119,139,139,139,238,268,287,287,287,287,306,306,206,206,285,299,315,315,114,134,134,134],"floor_reached":51,"campfire_rested":1,"playtime":7005,"current_hp_per_floor":[80,80,80,80,80,80,80,79,79,79,79,84,84,85,85,8,85,85,70,70,61,61,61,62,62,62,63,63,63,72,56,83,39,95,91,91,91,81,86,86,86,86,86,66,78,78,78,90,90,88],"items_purged":["Defend_R","Defend_R"],"gold":134,"play_id":"6aae33ed-cf68-4273-bf08-4837b4378460","is_prod":false,"is_daily":false,"is_ascension_mode":false,"campfire_upgraded":10,"path_taken":["M","M","M","M","$","R","M","M","T","$","R","?","?","?","R","BOSS","M","?","?","M","$","R","?","R","T","M","R","$","?","?","R","BOSS","M","?","?","?","M","R","?","R","T","M","M","R","$","M","R","BOSS"],"build_version":"2018-02-02-BETA1","purchased_purges":4,"victory":true,"master_deck":["Strike_R","Defend_R","Defend_R+1","Bash","Cleave+1","Metallicize+1","Flame Barrier+1","Armaments+1","Shrug It Off+1","Seeing Red+1","Brutality+1","Shockwave+1","Rampage+1","Iron Wave+1","Rupture+1","Blood for Blood+1","Bandage Up","Bandage Up","Madness+1","Madness+1","Shrug It Off+1","Body Slam+1"],"max_hp_per_floor":[80,80,80,80,80,80,80,80,80,80,80,85,85,85,85,85,85,85,90,90,90,90,90,90,90,90,90,90,90,90,90,90,90,95,95,95,95,95,95,95,95,95,95,95,95,95,95,95,95,95],"relics":["Burning Blood","Du-Vu Doll","Astrolabe","Red Mask","Ice Cream","Nilry\u0027s Codex","Tiny House","Molten Egg 2","War Paint"],"card_choices":[{"not_picked":["Evolve","Havoc"],"picked":"Cleave"},{"not_picked":["Sentinel","Twin Strike"],"picked":"Metallicize"},{"not_picked":["Feel No Pain","Clash"],"picked":"Flame Barrier"},{"not_picked":["Pummel","Wild Strike"],"picked":"Armaments"},{"not_picked":["True Grit","Fiend Fire"],"picked":"Seeing Red"},{"not_picked":["Berserk","Impervious"],"picked":"Brutality"},{"not_picked":["Perfected Strike","Heavy Blade"],"picked":"Iron Wave"},{"not_picked":["Burning Pact","Havoc"],"picked":"Blood for Blood"},{"not_picked":["Wild Strike","Evolve"],"picked":"Shrug It Off"},{"not_picked":["True Grit","Bloodletting"],"picked":"Body Slam"}],"player_experience":206021,"potions_floor_usage":[18,21,24,27,35,44,50,50],"damage_taken":[{"damage":6,"enemies":"2 Louse","floor":1,"turns":3},{"damage":6,"enemies":"Jaw Worm","floor":2,"turns":4},{"damage":6,"enemies":"Blue Slaver","floor":3,"turns":6},{"damage":2,"enemies":"3 Louse","floor":4,"turns":3},{"damage":6,"enemies":"Lots of Slimes","floor":7,"turns":4},{"damage":7,"enemies":"Large Slime","floor":8,"turns":8},{"damage":2,"enemies":"Red Slaver","floor":14,"turns":5},{"damage":83,"enemies":"Hexaghost","floor":16,"turns":19},{"damage":6,"enemies":"3 Byrds","floor":18,"turns":4},{"damage":15,"enemies":"Shell Parasite","floor":21,"turns":6},{"damage":17,"enemies":"Masked Bandits","floor":24,"turns":5},{"damage":5,"enemies":"Centurion and Healer","floor":27,"turns":6},{"damage":1,"enemies":"3 Cultists","floor":30,"turns":5},{"damage":56,"enemies":"Champ","floor":33,"turns":11},{"damage":10,"enemies":"Orb Walker","floor":35,"turns":4},{"damage":22,"enemies":"3 Shapes","floor":39,"turns":5},{"damage":34,"enemies":"Flame Bruiser 2 Orb","floor":44,"turns":7},{"damage":25,"enemies":"3 Darklings","floor":45,"turns":6},{"damage":4,"enemies":"Spire Growth","floor":48,"turns":4},{"damage":16,"enemies":"Time Eater","floor":50,"turns":9}],"event_choices":[{"event_name":"Big Fish","player_choice":"Donut","floor":12,"damage_taken":0},{"event_name":"Golden Shrine","player_choice":"Pray","floor":13,"damage_taken":0},{"event_name":"Forgotten Altar","player_choice":"Shed Blood","floor":19,"damage_taken":0},{"event_name":"Beggar","player_choice":"Gave Gold","floor":20,"damage_taken":0},{"event_name":"Masked Bandits","player_choice":"Fought over 162 gold","floor":24,"damage_taken":0},{"event_name":"Cursed Tome","player_choice":"Obtained Book","floor":31,"damage_taken":0},{"event_name":"Duplicator","player_choice":"One dupe","floor":36,"damage_taken":0},{"event_name":"Accursed Blacksmith","player_choice":"Ignore","floor":37,"damage_taken":0},{"event_name":"Winding Halls","player_choice":"Embrace Madness","floor":38,"damage_taken":0}],"boss_relics":[{"not_picked":["Black Star","Runic Pyramid"],"picked":"Astrolabe"},{"not_picked":["Runic Dome","Question Card"],"picked":"Tiny House"}],"potions_floor_spawned":[1,8,16,18,24,33,39,45,48],"seed_played":"7614577734981222468","ascension_level":0,"is_trial":false}