{"gold_per_floor":[112,112,129,140,140,178,178,178,178,198,223,148,148,2,2,130,130,151,151,51,51,75,75,99,122,146,180,180,193,209,249,249,370,370,383,42,42,375,392,392,405,405,405,416,416,416,416,112,112,112],"floor_reached":51,"playtime":1442,"items_purged":["Injury","Writhe","Strike_B+1","Strike_B+1"],"score":683,"play_id":"aa641a33-2ca4-41d0-9df8-a80818a5471f","local_time":"20190703173616","is_ascension_mode":false,"campfire_choices":[{"data":"Leap","floor":7.0,"key":"SMITH"},{"data":"Hologram","floor":13.0,"key":"SMITH"},{"data":"Defend_B","floor":15.0,"key":"SMITH"},{"floor":23.0,"key":"RECALL"},{"floor":32.0,"key":"REST"},{"floor":40.0,"key":"REST"},{"floor":42,"key":"REST"},{"floor":45,"key":"REST"},{"floor":49,"key":"REST"}],"neow_cost":"NONE","seed_source_timestamp":0,"circlet_count":0,"master_deck":["Strike_B+1","Defend_B+1","Defend_B+1","Defend_B+1","Defend_B+1","Zap+1","Dualcast","Go for the Eyes+1","Leap+1","Hologram+1","Electrodynamics","Conserve Battery","Defragment+1","Capacitor","Static Discharge","Gash+1","Go for the Eyes"],"special_seed":0,"relics":["Cracked Core","Pantograph","Darkstone Periapt","Kunai","DataDisk","Fusion Hammer","Dodecahedron","Smiling Mask","Juzu Bracelet","Toxic Egg 2","Strawberry","Inserter","Unceasing Top","Potion Belt","Mercury Hourglass","Runic Capacitor"],"potions_floor_usage":[],"damage_taken":[{"damage":2.0,"enemies":"Small Slimes","floor":1.0,"turns":3.0},{"damage":3.0,"enemies":"Jaw Worm","floor":3.0,"turns":3.0},{"damage":4.0,"enemies":"2 Louse","floor":4.0,"turns":3.0},{"damage":15.0,"enemies":"Lagavulin","floor":6.0,"turns":8.0},{"damage":0.0,"enemies":"Gremlin Gang","floor":10.0,"turns":6.0},{"damage":0.0,"enemies":"Exordium Wildlife","floor":11.0,"turns":4.0},{"damage":29.0,"enemies":"Hexaghost","floor":16.0,"turns":13.0},{"damage":0.0,"enemies":"Chosen","floor":18.0,"turns":4.0},{"damage":0.0,"enemies":"Shell Parasite","floor":24.0,"turns":5.0},{"damage":6.0,"enemies":"Snecko","floor":25.0,"turns":5.0},{"damage":29.0,"enemies":"Book of Stabbing","floor":27.0,"turns":6.0},{"damage":0.0,"enemies":"Chosen and Byrds","floor":29.0,"turns":6.0},{"damage":0.0,"enemies":"3 Cultists","floor":30.0,"turns":3.0},{"damage":13.0,"enemies":"Gremlin Leader","floor":31.0,"turns":6.0},{"damage":57.0,"enemies":"Champ","floor":33.0,"turns":12.0},{"damage":0.0,"enemies":"3 Darklings","floor":35.0,"turns":4.0},{"damage":0.0,"enemies":"Orb Walker","floor":39.0,"turns":4.0},{"damage":0,"enemies":"Transient","floor":41,"turns":5},{"damage":20,"enemies":"Jaw Worm Horde","floor":44,"turns":3},{"damage":46,"enemies":"Time Eater","floor":50,"turns":10}],"seed_played":"5759382063709901741","potions_obtained":[{"floor":1.0,"key":"Swift Potion"},{"floor":10.0,"key":"Energy Potion"},{"floor":11.0,"key":"FearPotion"}],"is_trial":false,"path_per_floor":["M","?","M","M","?","E","R","T","T","M","M","$","R","$","R","B",null,"M","?","$","?","T","R","M","M","T","E","?","M","M","E","R","B",null,"M","$","?","?","M","R","M","R","T","M","R","T","?","$","R","B",null],"character_chosen":"DEFECT","items_purchased":["DataDisk","Unceasing Top","Go for the Eyes","Runic Capacitor"],"campfire_rested":5,"item_purchase_floors":[14,36,48,48],"current_hp_per_floor":[73,58,55,51,51,36,36,36,36,36,36,36,36,36,36,32,75,75,81,81,81,81,81,81,75,75,46,46,46,46,40,66,31,88,88,88,88,88,88,88,88,88,88,68,88,88,88,88,88,42],"gold":112,"neow_bonus":"UPGRADE_CARD","is_prod":false,"is_daily":false,"chose_seed":false,"campfire_upgraded":3,"win_rate":0,"timestamp":1562164576,"path_taken":["M","?","M","M","?","E","R","?","T","?","M","$","R","$","R","BOSS","M","?","$","?","?","R","M","M","T","E","?","M","M","E","R","BOSS","M","$","?","?","M","R","M","R","T","M","R","?","?","$","R","BOSS"],"build_version":"2019-07-01","purchased_purges":4,"victory":true,"max_hp_per_floor":[75,75,75,75,75,75,75,75,75,75,75,75,75,75,75,75,75,75,81,81,81,81,81,81,81,81,81,81,81,81,88,88,88,88,88,88,88,88,88,88,88,88,88,88,88,88,88,88,88,88],"card_choices":[{"not_picked":["Fusion","Conserve Battery"],"picked":"Go for the Eyes","floor":1.0},{"not_picked":["Heatsinks","Steam Power","Turbo"],"picked":"SKIP","floor":3.0},{"not_picked":["Compile Driver","Blizzard","BootSequence"],"picked":"SKIP","floor":4.0},{"not_picked":["Coolheaded","Turbo"],"picked":"Leap","floor":6.0},{"not_picked":["Double Energy","Scrape","Glacier"],"picked":"SKIP","floor":10.0},{"not_picked":["Turbo","Lockon"],"picked":"Hologram","floor":11.0},{"not_picked":["Echo Form","Reboot"],"picked":"Electrodynamics","floor":16.0},{"not_picked":["Melter","Barrage"],"picked":"Conserve Battery","floor":18.0},{"not_picked":["Coolheaded+1","Doom and Gloom","Streamline"],"picked":"SKIP","floor":24.0},{"not_picked":["Blizzard+1","Tempest","Doom and Gloom"],"picked":"SKIP","floor":25.0},{"not_picked":["Darkness+1","Rebound+1"],"picked":"Defragment+1","floor":27.0},{"not_picked":["Heatsinks","Aggregate+1","Scrape"],"picked":"SKIP","floor":29.0},{"not_picked":["Hologram+1","Rip and Tear+1"],"picked":"Capacitor","floor":30.0},{"not_picked":["Capacitor","Consume+1"],"picked":"Static Discharge","floor":31.0},{"not_picked":["Darkness+1","Doom and Gloom"],"picked":"Gash+1","floor":35.0},{"not_picked":["Cold Snap","Turbo+1","Darkness+1"],"picked":"SKIP","floor":39.0},{"not_picked":["Barrage+1","Chill+1","Genetic Algorithm+1"],"picked":"SKIP","floor":41},{"not_picked":["Tempest+1","Rip and Tear","Beam Cell"],"picked":"SKIP","floor":44}],"player_experience":673461,"relics_obtained":[{"floor":6.0,"key":"Pantograph"},{"floor":8.0,"key":"Darkstone Periapt"},{"floor":9.0,"key":"Kunai"},{"floor":22.0,"key":"Smiling Mask"},{"floor":26.0,"key":"Juzu Bracelet"},{"floor":27.0,"key":"Toxic Egg 2"},{"floor":31.0,"key":"Strawberry"},{"floor":43,"key":"Potion Belt"},{"floor":46,"key":"Mercury Hourglass"}],"event_choices":[{"damage_healed":0.0,"max_hp_gain":0.0,"max_hp_loss":0.0,"gold_gain":0.0,"event_name":"Shining Light","player_choice":"Entered Light","floor":2.0,"gold_loss":0.0,"damage_taken":15.0,"cards_upgraded":["Defend_B","Go for the Eyes"]},{"damage_healed":0.0,"max_hp_gain":0.0,"max_hp_loss":0.0,"gold_gain":0.0,"event_name":"Golden Idol","player_choice":"Take Wound","floor":5.0,"gold_loss":0.0,"damage_taken":0.0,"relics_obtained":["Golden Idol"],"cards_obtained":["Injury"]},{"damage_healed":0.0,"max_hp_gain":0.0,"max_hp_loss":0.0,"gold_gain":0.0,"event_name":"The Mausoleum","player_choice":"Opened","floor":19.0,"gold_loss":0.0,"damage_taken":0.0,"relics_obtained":["Dodecahedron"],"cards_obtained":["Writhe"]},{"damage_healed":0.0,"max_hp_gain":0.0,"max_hp_loss":0.0,"gold_gain":0.0,"event_name":"Back to Basics","player_choice":"Simplicity","floor":21.0,"gold_loss":0.0,"damage_taken":0.0,"cards_upgraded":["Strike_B","Strike_B","Strike_B","Strike_B","Defend_B","Defend_B"]},{"cards_removed":["Strike_B"],"damage_healed":0.0,"max_hp_gain":0.0,"max_hp_loss":0.0,"gold_gain":0.0,"event_name":"Purifier","player_choice":"Purged","floor":28.0,"gold_loss":0.0,"damage_taken":0.0},{"damage_healed":0.0,"max_hp_gain":0.0,"max_hp_loss":0.0,"gold_gain":0.0,"event_name":"SensoryStone","player_choice":"Memory 1","floor":37.0,"gold_loss":0.0,"damage_taken":0.0},{"damage_healed":0.0,"max_hp_gain":0.0,"max_hp_loss":0.0,"gold_gain":333.0,"event_name":"The Moai Head","player_choice":"Gave Idol","floor":38.0,"relics_lost":["Golden Idol"],"gold_loss":0.0,"damage_taken":0.0},{"damage_healed":0,"gold_gain":0,"player_choice":"Ignored","damage_taken":0,"max_hp_gain":0,"max_hp_loss":0,"event_name":"Tomb of Lord Red Mask","floor":47,"gold_loss":0}],"is_beta":false,"boss_relics":[{"not_picked":["Ectoplasm","Orrery"],"picked":"Fusion Hammer"},{"not_picked":["Snecko Eye","Eternal Feather"],"picked":"Inserter"}],"items_purged_floors":[12,20,36,48],"is_endless":false,"potions_floor_spawned":[1,10,11,18,24,29,33,39],"ascension_level":0}