{"gold_per_floor":[109,34,34,47,47,47,65,65,147,147,222,236,236,256,256,360,360,377,377,377,390,305,305,60,91,91,91,105,105,124,142,142,246,246,265,117,117,117,117,150,150,179,206,206,220,320,331,349,349,349],"floor_reached":51,"playtime":4770,"items_purged":["Decay","Regret"],"score":754,"play_id":"45b94efb-ed54-44c0-97a1-d2304e4f72d1","local_time":"20190729172322","is_ascension_mode":true,"campfire_choices":[{"floor":6.0,"key":"REST"},{"data":"Zap","floor":8.0,"key":"SMITH"},{"data":"Melter","floor":10.0,"key":"SMITH"},{"floor":15.0,"key":"REST"},{"floor":23.0,"key":"REST"},{"data":"Static Discharge","floor":27.0,"key":"SMITH"},{"floor":32,"key":"REST"},{"data":"Beam Cell","floor":41,"key":"SMITH"},{"floor":44,"key":"REST"},{"floor":49,"key":"REST"}],"neow_cost":"CURSE","seed_source_timestamp":0,"circlet_count":0,"master_deck":["Strike_B+1","Strike_B+1","Strike_B+1","Defend_B+1","Defend_B+1","Defend_B+1","Defend_B+1","Zap+1","Dualcast","Ball Lightning","Melter+1","Compile Driver","Static Discharge+1","Sweeping Beam","All For One","Hello World","Cold Snap","Beam Cell+1","Go for the Eyes","Chill","Rainbow","Sunder","Go for the Eyes+1","Reinforced Body","Coolheaded+1","Glacier"],"special_seed":0,"relics":["Cracked Core","Singing Bowl","Dodecahedron","StoneCalendar","Velvet Choker","Symbiotic Virus","Vajra","Sundial","Pen Nib","Sozu","PreservedInsect","Matryoshka","Frozen Egg 2","Shovel","Bag of Preparation","DataDisk"],"potions_floor_usage":[33,50],"damage_taken":[{"damage":12.0,"enemies":"Jaw Worm","floor":1.0,"turns":4.0},{"damage":1.0,"enemies":"2 Louse","floor":4.0,"turns":2.0},{"damage":0.0,"enemies":"Small Slimes","floor":7.0,"turns":2.0},{"damage":6.0,"enemies":"3 Louse","floor":12.0,"turns":2.0},{"damage":8.0,"enemies":"Blue Slaver","floor":14.0,"turns":3.0},{"damage":42.0,"enemies":"The Guardian","floor":16.0,"turns":7.0},{"damage":2.0,"enemies":"Spheric Guardian","floor":18.0,"turns":2.0},{"damage":28.0,"enemies":"2 Thieves","floor":21.0,"turns":3.0},{"damage":22.0,"enemies":"Book of Stabbing","floor":25.0,"turns":4.0},{"damage":9.0,"enemies":"Centurion and Healer","floor":28.0,"turns":3.0},{"damage":14,"enemies":"Shelled Parasite and Fungi","floor":30,"turns":3},{"damage":0,"enemies":"Snecko","floor":31,"turns":4},{"damage":29,"enemies":"Collector","floor":33,"turns":8},{"damage":10,"enemies":"3 Darklings","floor":35,"turns":3},{"damage":9,"enemies":"Reptomancer","floor":40,"turns":5},{"damage":22,"enemies":"Giant Head","floor":42,"turns":5},{"damage":0,"enemies":"Orb Walker","floor":45,"turns":2},{"damage":13,"enemies":"Spire Growth","floor":47,"turns":3},{"damage":4,"enemies":"Sphere and 2 Shapes","floor":48,"turns":3},{"damage":41,"enemies":"Donu and Deca","floor":50,"turns":8}],"seed_played":"-1484958019542616250","potions_obtained":[{"floor":1.0,"key":"Strength Potion"},{"floor":14.0,"key":"Explosive Potion"},{"floor":16.0,"key":"Energy Potion"}],"is_trial":false,"path_per_floor":["M","$","?","M","?","R","M","R","T","R","?","M","?","M","R","B",null,"M","?","?","M","?","R","$","E","T","R","M","$","M","M","R","B",null,"M","$","$","T","$","E","R","E","T","R","M","?","M","M","R","B",null],"character_chosen":"DEFECT","items_purchased":["Vajra","PreservedInsect"],"campfire_rested":6,"item_purchase_floors":[24,36],"current_hp_per_floor":[77,77,52,51,44,70,70,70,70,70,59,53,53,45,71,29,89,87,87,87,59,59,85,85,65,65,65,56,56,42,42,69,40,91,81,81,81,81,81,72,72,50,50,77,77,77,64,62,89,48],"gold":349,"neow_bonus":"TWENTY_PERCENT_HP_BONUS","is_prod":false,"is_daily":false,"chose_seed":false,"campfire_upgraded":4,"win_rate":0,"timestamp":1564413802,"path_taken":["M","$","?","M","?","R","M","R","T","R","?","M","?","M","R","BOSS","M","?","?","M","?","R","$","E","T","R","M","?","M","M","R","BOSS","M","?","$","?","$","E","R","E","T","R","M","?","M","M","R","BOSS"],"build_version":"2019-07-17","purchased_purges":2,"victory":true,"max_hp_per_floor":[89,89,89,89,89,89,89,89,89,89,89,89,89,89,89,89,89,89,89,89,89,89,89,89,91,91,91,91,91,91,91,91,91,91,91,91,91,91,91,91,91,91,91,91,91,91,91,93,93,93],"card_choices":[{"not_picked":["Streamline","Hologram"],"picked":"Ball Lightning","floor":1.0},{"not_picked":["Scrape","Fusion"],"picked":"Melter","floor":4.0},{"not_picked":["Chaos","Hologram"],"picked":"Compile Driver","floor":7.0},{"not_picked":["Reinforced Body","Streamline"],"picked":"Static Discharge","floor":12.0},{"not_picked":["Recycle","Storm"],"picked":"Sweeping Beam","floor":14.0},{"not_picked":["Machine Learning","Hyperbeam"],"picked":"All For One","floor":16.0},{"not_picked":["Barrage+1","Compile Driver"],"picked":"Hello World","floor":18.0},{"not_picked":["Consume","Barrage"],"picked":"Cold Snap","floor":21.0},{"not_picked":["Hello World","Stack+1","All For One"],"picked":"Singing Bowl","floor":25.0},{"not_picked":["Redo","Coolheaded"],"picked":"Beam Cell","floor":28.0},{"not_picked":["Leap","Melter"],"picked":"Go for the Eyes","floor":30},{"not_picked":["Coolheaded","Hologram"],"picked":"Chill","floor":31},{"not_picked":["Hyperbeam","Meteor Strike"],"picked":"Rainbow","floor":33},{"not_picked":["Heatsinks+1","Gash"],"picked":"Sunder","floor":35},{"not_picked":["Blizzard","Ball Lightning+1"],"picked":"Go for the Eyes+1","floor":40},{"not_picked":["Hologram+1","Rainbow"],"picked":"Reinforced Body","floor":42},{"not_picked":["Streamline+1","Barrage"],"picked":"Coolheaded+1","floor":45},{"not_picked":["Loop+1","Force Field"],"picked":"Glacier","floor":47},{"not_picked":["Gash+1","Compile Driver","Heatsinks+1"],"picked":"Singing Bowl","floor":48}],"player_experience":186366,"relics_obtained":[{"floor":9.0,"key":"Dodecahedron"},{"floor":25.0,"key":"Sundial"},{"floor":26.0,"key":"Pen Nib"},{"floor":38,"key":"Matryoshka"},{"floor":40,"key":"Frozen Egg 2"},{"floor":42,"key":"Shovel"},{"floor":43,"key":"Bag of Preparation"},{"floor":43,"key":"DataDisk"}],"event_choices":[{"damage_healed":0.0,"max_hp_gain":0.0,"max_hp_loss":0.0,"gold_gain":0.0,"event_name":"Scrap Ooze","player_choice":"Success","floor":3.0,"gold_loss":0.0,"damage_taken":25.0,"relics_obtained":["Singing Bowl"]},{"cards_removed":["Strike_B"],"damage_healed":0.0,"max_hp_gain":0.0,"max_hp_loss":0.0,"gold_gain":0.0,"event_name":"Golden Wing","player_choice":"Card Removal","floor":5.0,"gold_loss":0.0,"damage_taken":7.0},{"damage_healed":0.0,"max_hp_gain":0.0,"max_hp_loss":0.0,"gold_gain":75.0,"event_name":"World of Goop","player_choice":"Gather Gold","floor":11.0,"gold_loss":0.0,"damage_taken":11.0},{"damage_healed":0.0,"max_hp_gain":0.0,"max_hp_loss":0.0,"gold_gain":0.0,"event_name":"Big Fish","player_choice":"Box","floor":13.0,"gold_loss":0.0,"damage_taken":0.0,"relics_obtained":["StoneCalendar"],"cards_obtained":["Regret"]},{"damage_healed":0.0,"max_hp_gain":0.0,"max_hp_loss":0.0,"gold_gain":0.0,"event_name":"Back to Basics","player_choice":"Simplicity","floor":19.0,"gold_loss":0.0,"damage_taken":0.0,"cards_upgraded":["Strike_B","Strike_B","Strike_B","Defend_B","Defend_B","Defend_B","Defend_B"]},{"damage_healed":0.0,"max_hp_gain":0.0,"max_hp_loss":0.0,"gold_gain":0.0,"event_name":"Vampires","player_choice":"Ignored","floor":20.0,"gold_loss":0.0,"damage_taken":0.0},{"damage_healed":0.0,"max_hp_gain":0.0,"max_hp_loss":0.0,"gold_gain":0.0,"event_name":"Addict","player_choice":"Obtained Relic","floor":22.0,"gold_loss":85.0,"damage_taken":0.0,"relics_obtained":["Symbiotic Virus"]},{"damage_healed":0,"gold_gain":100,"player_choice":"Pray","damage_taken":0,"max_hp_gain":0,"max_hp_loss":0,"event_name":"Golden Shrine","floor":46,"gold_loss":0}],"is_beta":false,"boss_relics":[{"not_picked":["Coffee Dripper","Philosopher\u0027s Stone"],"picked":"Velvet Choker"},{"not_picked":["Runic Dome","Orrery"],"picked":"Sozu"}],"items_purged_floors":[2,24],"is_endless":false,"potions_floor_spawned":[1,14,16,18,30,31,42,48],"ascension_level":2}