{"gold_per_floor":[116,185,201,219,219,254,254,270,293,304,317,347,360,372,372,475,475,485,497,514,52,70,103,103,203,203,231,231,256,275,304,304,399,399,409,427,427,427,427,459,321,321,368,34,68,81,101,201,201,201],"floor_reached":51,"playtime":6026,"items_purged":["Strike_B","Defend_B","Defend_B"],"score":874,"play_id":"6a17fd74-ced8-480d-80a4-3e102fbe4d7f","local_time":"20190203193920","is_ascension_mode":false,"campfire_choices":[{"floor":7,"key":"REST"},{"floor":15,"key":"REST"},{"data":"Chill","floor":28,"key":"SMITH"},{"data":"Capacitor","floor":32,"key":"SMITH"},{"floor":42,"key":"REST"},{"floor":49,"key":"RECALL"}],"neow_cost":"NONE","seed_source_timestamp":5797567886194,"circlet_count":0,"master_deck":["Defend_B","Zap","Dualcast","Capacitor+1","Go for the Eyes","All For One","Beam Cell","Coolheaded","Go for the Eyes","Barrage","All For One","Gash","Auto Shields","Go for the Eyes","Core Surge","Barrage+1","Chill+1","Self Repair","Loop","Compile Driver+1","All For One","Bite","Bite","Bite","Bite","Bite","Conserve Battery","Conserve Battery","Gash+1","Go for the Eyes","Echo Form+1","Storm+1","Go for the Eyes","Chill","Mind Blast","Core Surge","FTL","Capacitor+1","Barrage+1","Storm+1","Amplify"],"relics":["FrozenCore","Dream Catcher","Pear","Strawberry","PreservedInsect","Mummified Hand","Toolbox","DataDisk","Juzu Bracelet","Ginger","Blue Candle","Frozen Egg 2","Bag of Marbles","Boot","Blood Vial","Fusion Hammer","Bottled Flame","Vajra","Anchor","Letter Opener","Thread and Needle"],"potions_floor_usage":[12,16,25,27,33,40,50,50,50],"damage_taken":[{"damage":0,"enemies":"Cultist","floor":1,"turns":3},{"damage":1,"enemies":"Jaw Worm","floor":3,"turns":3},{"damage":12,"enemies":"Small Slimes","floor":4,"turns":3},{"damage":22,"enemies":"Gremlin Nob","floor":6,"turns":5},{"damage":5,"enemies":"Looter","floor":8,"turns":2},{"damage":0,"enemies":"Large Slime","floor":10,"turns":5},{"damage":13,"enemies":"Lots of Slimes","floor":11,"turns":4},{"damage":15,"enemies":"3 Sentries","floor":12,"turns":8},{"damage":8,"enemies":"2 Fungi Beasts","floor":13,"turns":3},{"damage":16,"enemies":"Red Slaver","floor":14,"turns":4},{"damage":50,"enemies":"The Guardian","floor":16,"turns":11},{"damage":0,"enemies":"3 Byrds","floor":18,"turns":7},{"damage":21,"enemies":"2 Thieves","floor":19,"turns":5},{"damage":3,"enemies":"Chosen and Byrds","floor":20,"turns":6},{"damage":10,"enemies":"Cultist and Chosen","floor":22,"turns":8},{"damage":7,"enemies":"Book of Stabbing","floor":23,"turns":7},{"damage":10,"enemies":"Colosseum Slavers","floor":25,"turns":5},{"damage":15,"enemies":"Colosseum Nobs","floor":25,"turns":5},{"damage":14,"enemies":"Gremlin Leader","floor":27,"turns":10},{"damage":6,"enemies":"Book of Stabbing","floor":29,"turns":5},{"damage":0,"enemies":"Snecko","floor":30,"turns":6},{"damage":16,"enemies":"Slavers","floor":31,"turns":5},{"damage":40,"enemies":"Collector","floor":33,"turns":12},{"damage":6,"enemies":"3 Darklings","floor":35,"turns":6},{"damage":5,"enemies":"Orb Walker","floor":36,"turns":3},{"damage":40,"enemies":"Reptomancer","floor":40,"turns":4},{"damage":0,"enemies":"Giant Head","floor":45,"turns":4},{"damage":3,"enemies":"Maw","floor":46,"turns":4},{"damage":2,"enemies":"Writhing Mass","floor":47,"turns":3},{"damage":0,"enemies":"Mind Bloom Boss Battle","floor":48,"turns":3},{"damage":22,"enemies":"Time Eater","floor":50,"turns":5}],"seed_played":"-1012881732702564867","potions_obtained":[{"floor":4,"key":"Strength Potion"},{"floor":6,"key":"FocusPotion"},{"floor":11,"key":"SkillPotion"},{"floor":13,"key":"SteroidPotion"},{"floor":14,"key":"Regen Potion"},{"floor":18,"key":"LiquidBronze"},{"floor":27,"key":"EssenceOfSteel"},{"floor":30,"key":"EntropicBrew"},{"floor":33,"key":"SkillPotion"},{"floor":45,"key":"Dexterity Potion"}],"is_trial":false,"path_per_floor":["M","T","M","M","?","E","R","M","T","M","M","E","M","M","R","B",null,"M","M","M","$","M","E","?","?","T","E","R","E","M","E","R","B",null,"M","M","?","?","?","E","$","R","T","$","E","M","M","?","R","B",null],"character_chosen":"DEFECT","items_purchased":["Loop","Toolbox","DataDisk","Capacitor+1","Anchor","PowerPotion"],"campfire_rested":3,"item_purchase_floors":[21,21,21,41,44,44],"current_hp_per_floor":[75,85,84,72,72,57,84,79,79,79,66,51,43,27,54,19,92,92,71,68,68,65,65,64,62,62,61,61,61,64,59,59,44,64,64,61,61,61,61,28,28,47,47,47,53,59,64,64,64,42],"gold":201,"neow_bonus":"RANDOM_COMMON_RELIC","is_prod":false,"is_daily":false,"chose_seed":false,"campfire_upgraded":2,"win_rate":0,"timestamp":1549244360,"path_taken":["M","?","M","M","?","E","R","M","T","M","M","E","?","?","R","BOSS","M","M","M","?","M","E","?","?","T","E","R","E","M","E","R","BOSS","M","M","?","?","?","E","$","R","T","$","E","M","M","?","R","BOSS"],"build_version":"2019-01-23","purchased_purges":3,"victory":true,"max_hp_per_floor":[75,85,85,85,85,92,92,92,92,92,92,92,92,92,92,92,92,92,92,92,92,92,92,64,64,64,64,64,64,64,64,64,64,64,64,64,64,64,64,64,64,64,64,64,64,64,64,64,64,64],"card_choices":[{"not_picked":["Go for the Eyes","Streamline"],"picked":"Capacitor","floor":1},{"not_picked":["Reprogram","Streamline"],"picked":"Go for the Eyes","floor":3},{"not_picked":["Leap","Barrage"],"picked":"All For One","floor":4},{"not_picked":["Blizzard","Turbo"],"picked":"Beam Cell","floor":6},{"not_picked":["Sweeping Beam","Rebound"],"picked":"Coolheaded","floor":7},{"not_picked":["Storm","Coolheaded"],"picked":"Go for the Eyes","floor":8},{"not_picked":["Darkness","Double Energy","Rip and Tear"],"picked":"SKIP","floor":10},{"not_picked":["Sweeping Beam","Steam"],"picked":"Barrage","floor":11},{"not_picked":["Skim","Leap"],"picked":"All For One","floor":12},{"not_picked":["Conserve Battery","Defragment"],"picked":"Gash","floor":13},{"not_picked":["Rip and Tear","Turbo"],"picked":"Auto Shields","floor":14},{"not_picked":["Auto Shields","Ball Lightning"],"picked":"Go for the Eyes","floor":15},{"not_picked":["Amplify","Multi-Cast"],"picked":"Core Surge","floor":16},{"not_picked":["Steam","Double Energy+1"],"picked":"Barrage+1","floor":18},{"not_picked":["Rebound+1","Stack"],"picked":"Chill","floor":19},{"not_picked":["Undo","Sweeping Beam"],"picked":"Self Repair","floor":20},{"not_picked":["Leap","Redo+1"],"picked":"Compile Driver+1","floor":22},{"not_picked":["Redo","Compile Driver"],"picked":"All For One","floor":23},{"not_picked":["Leap","Beam Cell"],"picked":"Conserve Battery","floor":25},{"not_picked":["Compile Driver+1","Rainbow"],"picked":"Conserve Battery","floor":27},{"not_picked":["Hologram","Rebound","Streamline"],"picked":"SKIP","floor":29},{"not_picked":["Turbo","Self Repair+1"],"picked":"Gash+1","floor":30},{"not_picked":["Turbo","Self Repair+1"],"picked":"Go for the Eyes","floor":31},{"not_picked":["Electrodynamics+1","Biased Cognition+1"],"picked":"Echo Form+1","floor":33},{"not_picked":["Reinforced Body+1","BootSequence+1"],"picked":"Storm+1","floor":35},{"not_picked":["Doom and Gloom+1","Aggregate+1"],"picked":"Go for the Eyes","floor":36},{"not_picked":["Trip","Impatience"],"picked":"Mind Blast","floor":38},{"not_picked":["Compile Driver+1","Go for the Eyes+1"],"picked":"FTL","floor":40},{"not_picked":["Self Repair+1","Recycle"],"picked":"Barrage+1","floor":45},{"not_picked":["Beam Cell","Turbo+1"],"picked":"Storm+1","floor":46},{"not_picked":["Darkness","Fusion+1"],"picked":"Amplify","floor":47}],"player_experience":92831,"relics_obtained":[{"floor":2,"key":"Pear"},{"floor":6,"key":"Strawberry"},{"floor":9,"key":"PreservedInsect"},{"floor":12,"key":"Mummified Hand"},{"floor":23,"key":"Juzu Bracelet"},{"floor":25,"key":"Ginger"},{"floor":25,"key":"Blue Candle"},{"floor":26,"key":"Frozen Egg 2"},{"floor":27,"key":"Bag of Marbles"},{"floor":29,"key":"Boot"},{"floor":31,"key":"Blood Vial"},{"floor":40,"key":"Bottled Flame"},{"floor":43,"key":"Vajra"},{"floor":45,"key":"Letter Opener"},{"floor":48,"key":"Thread and Needle"}],"event_choices":[{"damage_healed":0,"gold_gain":0,"player_choice":"Ignored","damage_taken":0,"max_hp_gain":0,"max_hp_loss":0,"event_name":"NoteForYourself","floor":5,"gold_loss":0},{"damage_healed":0,"gold_gain":0,"player_choice":"Became a vampire","damage_taken":0,"max_hp_gain":0,"max_hp_loss":28,"event_name":"Vampires","floor":24,"gold_loss":0,"cards_obtained":["Bite","Bite","Bite","Bite","Bite"]},{"damage_healed":0,"gold_gain":0,"player_choice":"Fight","damage_taken":0,"max_hp_gain":0,"max_hp_loss":0,"event_name":"Colosseum","floor":25,"gold_loss":0},{"damage_healed":0,"gold_gain":0,"player_choice":"Fought Nobs","damage_taken":0,"max_hp_gain":0,"max_hp_loss":0,"event_name":"Colosseum","floor":25,"gold_loss":0},{"damage_healed":0,"gold_gain":0,"cards_transformed":["Defend_B"],"player_choice":"Transformed","damage_taken":0,"max_hp_gain":0,"max_hp_loss":0,"event_name":"Transmorgrifier","floor":37,"gold_loss":0,"cards_obtained":["Chill"]},{"damage_healed":0,"gold_gain":0,"player_choice":"Memory 1","damage_taken":0,"max_hp_gain":0,"max_hp_loss":0,"event_name":"SensoryStone","floor":38,"gold_loss":0},{"damage_healed":0,"gold_gain":0,"player_choice":"1 cards matched","damage_taken":0,"max_hp_gain":0,"max_hp_loss":0,"event_name":"Match and Keep!","floor":39,"gold_loss":0,"cards_obtained":["Core Surge"]},{"damage_healed":0,"gold_gain":0,"player_choice":"Fight","damage_taken":0,"max_hp_gain":0,"max_hp_loss":0,"event_name":"MindBloom","floor":48,"gold_loss":0}],"is_beta":false,"boss_relics":[{"not_picked":["Lizard Tail","Coffee Dripper"],"picked":"FrozenCore"},{"not_picked":["Sozu","Tiny House"],"picked":"Fusion Hammer"}],"items_purged_floors":[21,41,44],"is_endless":false,"potions_floor_spawned":[4,6,11,13,14,18,22,23,27,30,33,35,45,47,48],"ascension_level":0}