{"gold_per_floor":[112,112,126,126,71,105,105,136,217,217,232,246,246,263,263,263],"floor_reached":16,"playtime":855,"items_purged":[],"score":209,"play_id":"e97ca4a0-477b-4702-a8c4-76a325022920","local_time":"20190128143043","is_ascension_mode":true,"campfire_choices":[{"floor":7.0,"key":"REST"},{"floor":10.0,"key":"REST"},{"data":"Armaments","floor":13.0,"key":"SMITH"},{"data":"Clothesline","floor":15.0,"key":"SMITH"}],"neow_cost":"NONE","seed_source_timestamp":519828655113065,"circlet_count":0,"master_deck":["AscendersBane","Strike_R","Strike_R","Strike_R","Strike_R","Defend_R","Defend_R+1","Defend_R","Defend_R+1","Bash+1","Iron Wave","Shrug It Off","Reaper","Shrug It Off","Armaments+1","Clothesline+1"],"special_seed":0,"relics":["Burning Blood","War Paint","Letter Opener","Orichalcum","Darkstone Periapt"],"potions_floor_usage":[16],"damage_taken":[{"damage":2.0,"enemies":"Cultist","floor":1.0,"turns":4.0},{"damage":11.0,"enemies":"Jaw Worm","floor":3.0,"turns":4.0},{"damage":17.0,"enemies":"Lagavulin","floor":6.0,"turns":7.0},{"damage":35.0,"enemies":"3 Sentries","floor":8.0,"turns":13.0},{"damage":1.0,"enemies":"2 Louse","floor":11.0,"turns":3.0},{"damage":0.0,"enemies":"2 Fungi Beasts","floor":12.0,"turns":6.0},{"damage":10.0,"enemies":"Lots of Slimes","floor":14.0,"turns":5.0},{"damage":60,"enemies":"Slime Boss","floor":16,"turns":13}],"seed_played":"5400523170692462120","potions_obtained":[{"floor":3.0,"key":"Energy Potion"},{"floor":8.0,"key":"Energy Potion"},{"floor":12.0,"key":"SkillPotion"}],"is_trial":false,"path_per_floor":["M","?","M","?","$","E","R","E","T","R","M","M","R","M","R","B"],"character_chosen":"IRONCLAD","items_purchased":["AttackPotion"],"campfire_rested":2,"item_purchase_floors":[5],"current_hp_per_floor":[72,65,60,25,25,14,36,7,7,29,34,48,48,53,53,0],"gold":263,"neow_bonus":"UPGRADE_CARD","is_prod":false,"is_daily":false,"chose_seed":false,"campfire_upgraded":2,"win_rate":0,"timestamp":1548682243,"path_taken":["M","?","M","?","$","E","R","E","T","R","?","M","R","M","R","BOSS"],"build_version":"2019-01-23","purchased_purges":0,"victory":false,"max_hp_per_floor":[75,75,75,75,75,75,75,75,75,75,75,75,75,75,75,75],"card_choices":[{"not_picked":["Warcry","Perfected Strike","Heavy Blade"],"picked":"SKIP","floor":1.0},{"not_picked":["Heavy Blade","Flame Barrier"],"picked":"Iron Wave","floor":3.0},{"not_picked":["Dual Wield","Iron Wave"],"picked":"Shrug It Off","floor":6.0},{"not_picked":["Bloodletting","Hemokinesis"],"picked":"Reaper","floor":8.0},{"not_picked":["Havoc","Twin Strike"],"picked":"Shrug It Off","floor":11.0},{"not_picked":["Clothesline","Dropkick"],"picked":"Armaments","floor":12.0},{"not_picked":["Entrench","Anger"],"picked":"Clothesline","floor":14.0}],"player_experience":1031402,"relics_obtained":[{"floor":6.0,"key":"Letter Opener"},{"floor":8.0,"key":"Orichalcum"},{"floor":9.0,"key":"Darkstone Periapt"}],"event_choices":[{"cards_removed":["Strike_R"],"damage_healed":0.0,"max_hp_gain":0.0,"max_hp_loss":0.0,"gold_gain":0.0,"event_name":"Golden Wing","player_choice":"Card Removal","floor":2.0,"gold_loss":0.0,"damage_taken":7.0},{"damage_healed":0.0,"max_hp_gain":0.0,"max_hp_loss":0.0,"gold_gain":0.0,"event_name":"Scrap Ooze","player_choice":"Success","floor":4.0,"gold_loss":0.0,"damage_taken":35.0,"relics_obtained":["War Paint"]}],"is_beta":false,"boss_relics":[],"items_purged_floors":[],"is_endless":false,"potions_floor_spawned":[3,8,12],"killed_by":"Slime Boss","ascension_level":18}