{"gold_per_floor":[118,138,138,156,168,168,168,180,180,180,180,191,266,300,300,403,403,418,434,434,24,39,39,56,56,56,69,69,94,94,122,122,122],"floor_reached":33,"playtime":4982,"items_purged":["Shame"],"score":387,"play_id":"d6f4a670-c980-4b6e-bb7c-54c0d0ad3369","local_time":"20190121235704","is_ascension_mode":true,"campfire_choices":[{"data":"Zap","floor":6.0,"key":"SMITH"},{"data":"Fission","floor":10.0,"key":"SMITH"},{"floor":15.0,"key":"REST"},{"data":"Fission","floor":23.0,"key":"SMITH"},{"data":"Mayhem","floor":25.0,"key":"SMITH"},{"data":"Defragment","floor":28.0,"key":"SMITH"},{"data":"Recycle","floor":32,"key":"SMITH"}],"neow_cost":"NONE","seed_source_timestamp":0,"circlet_count":0,"master_deck":["Defend_B","Defend_B","Defend_B","Defend_B","Zap+1","Dualcast","Fission+1","Sweeping Beam","Conserve Battery","Go for the Eyes","Steam Power","Defragment+1","Recycle+1","Fission+1","Coolheaded","Self Repair","Tempest","Leap","Meteor Strike","Mayhem+1","Loop","Coolheaded","Chaos","Chill"],"special_seed":0,"relics":["Cracked Core","Dead Branch","Gambling Chip","Orrery","Emotion Chip","Darkstone Periapt","Cables","Omamori"],"potions_floor_usage":[31],"damage_taken":[{"damage":4.0,"enemies":"Jaw Worm","floor":1.0,"turns":5.0},{"damage":1.0,"enemies":"Cultist","floor":2.0,"turns":4.0},{"damage":15.0,"enemies":"Small Slimes","floor":4.0,"turns":3.0},{"damage":0.0,"enemies":"2 Fungi Beasts","floor":5.0,"turns":4.0},{"damage":3.0,"enemies":"Red Slaver","floor":8.0,"turns":4.0},{"damage":10.0,"enemies":"3 Louse","floor":12.0,"turns":2.0},{"damage":18.0,"enemies":"3 Sentries","floor":14.0,"turns":7.0},{"damage":26.0,"enemies":"The Guardian","floor":16.0,"turns":13.0},{"damage":0.0,"enemies":"Chosen","floor":18.0,"turns":4.0},{"damage":0.0,"enemies":"Spheric Guardian","floor":19.0,"turns":5.0},{"damage":18.0,"enemies":"3 Cultists","floor":22.0,"turns":5.0},{"damage":6.0,"enemies":"Snecko","floor":24.0,"turns":5.0},{"damage":27.0,"enemies":"Shelled Parasite and Fungi","floor":27.0,"turns":6.0},{"damage":20.0,"enemies":"Gremlin Leader","floor":29.0,"turns":10.0},{"damage":9,"enemies":"Book of Stabbing","floor":31,"turns":8},{"damage":39,"enemies":"Automaton","floor":33,"turns":6}],"seed_played":"-44154643417687514","potions_obtained":[{"floor":2.0,"key":"Block Potion"},{"floor":14.0,"key":"Explosive Potion"},{"floor":22.0,"key":"Energy Potion"},{"floor":24.0,"key":"AttackPotion"},{"floor":29.0,"key":"Swift Potion"}],"is_trial":false,"path_per_floor":["M","M","?","M","M","R","?","M","T","R","?","M","?","E","R","B",null,"M","M","?","$","M","R","M","R","T","M","R","E","?","E","R","B"],"character_chosen":"DEFECT","items_purchased":["Meteor Strike","Mayhem"],"campfire_rested":1,"item_purchase_floors":[21,21],"current_hp_per_floor":[64,63,56,41,41,41,41,38,38,38,43,33,25,7,31,5,61,68,75,75,75,64,64,65,65,65,45,45,32,32,23,23,0],"gold":122,"neow_bonus":"TRANSFORM_CARD","is_prod":false,"is_daily":false,"chose_seed":false,"campfire_upgraded":6,"win_rate":0,"timestamp":1548136624,"path_taken":["M","M","?","M","M","R","?","?","T","R","?","M","?","E","R","BOSS","M","M","?","$","M","R","M","R","T","M","R","E","?","E","R","BOSS"],"build_version":"2019-01-17v2","purchased_purges":1,"victory":false,"max_hp_per_floor":[75,75,75,75,75,75,75,75,75,75,80,80,80,80,80,80,80,80,80,80,80,80,80,80,80,80,80,80,80,80,80,80,80],"card_choices":[{"not_picked":["Hologram","Streamline"],"picked":"Redo","floor":1.0},{"not_picked":["White Noise","Steam"],"picked":"Sweeping Beam","floor":2.0},{"not_picked":["Lockon","Gash"],"picked":"Conserve Battery","floor":4.0},{"not_picked":["Rip and Tear","Ball Lightning"],"picked":"Go for the Eyes","floor":5.0},{"not_picked":["Darkness","Ball Lightning"],"picked":"Steam Power","floor":8.0},{"not_picked":["Double Energy","Stack"],"picked":"Defragment","floor":12.0},{"not_picked":["Streamline","Hello World"],"picked":"Recycle","floor":14.0},{"not_picked":["Amplify","Hyperbeam"],"picked":"Fission","floor":16.0},{"not_picked":["Storm","Leap"],"picked":"Coolheaded","floor":17.0},{"not_picked":["Turbo","Cold Snap"],"picked":"Self Repair","floor":17.0},{"not_picked":["Turbo","Ball Lightning"],"picked":"Tempest","floor":17.0},{"not_picked":["Consume","Ball Lightning"],"picked":"Leap","floor":17.0},{"not_picked":["Compile Driver","Reprogram+1","Ball Lightning"],"picked":"SKIP","floor":18.0},{"not_picked":["Ball Lightning","Barrage","Stack"],"picked":"SKIP","floor":19.0},{"not_picked":["Defragment","Steam Power"],"picked":"Loop","floor":22.0},{"not_picked":["Gash+1","Stack","Go for the Eyes"],"picked":"SKIP","floor":24.0},{"not_picked":["Doom and Gloom","Gash","Barrage"],"picked":"SKIP","floor":27.0},{"not_picked":["Turbo","Melter+1","Reprogram"],"picked":"SKIP","floor":29.0},{"not_picked":["Hologram","All For One"],"picked":"Chill","floor":31}],"player_experience":228095,"relics_obtained":[{"floor":9.0,"key":"Dead Branch"},{"floor":14.0,"key":"Gambling Chip"},{"floor":26.0,"key":"Darkstone Periapt"},{"floor":29.0,"key":"Cables"},{"floor":31,"key":"Omamori"}],"event_choices":[{"cards_removed":["Strike_B"],"damage_healed":0.0,"max_hp_gain":0.0,"max_hp_loss":0.0,"gold_gain":0.0,"event_name":"Golden Wing","player_choice":"Card Removal","floor":3.0,"gold_loss":0.0,"damage_taken":7.0},{"cards_removed":["Strike_B"],"damage_healed":0.0,"max_hp_gain":0.0,"max_hp_loss":0.0,"gold_gain":0.0,"event_name":"Purifier","player_choice":"Purged","floor":7.0,"gold_loss":0.0,"damage_taken":0.0},{"damage_healed":0.0,"max_hp_gain":5.0,"max_hp_loss":0.0,"gold_gain":0.0,"event_name":"Big Fish","player_choice":"Donut","floor":11.0,"gold_loss":0.0,"damage_taken":0.0},{"damage_healed":0.0,"max_hp_gain":0.0,"max_hp_loss":0.0,"gold_gain":75.0,"event_name":"FaceTrader","player_choice":"Touch","floor":13.0,"gold_loss":0.0,"damage_taken":8.0},{"damage_healed":0.0,"max_hp_gain":0.0,"max_hp_loss":0.0,"gold_gain":0.0,"event_name":"Addict","player_choice":"Stole Relic","floor":20.0,"gold_loss":0.0,"damage_taken":0.0,"relics_obtained":["Emotion Chip"],"cards_obtained":["Shame"]},{"damage_healed":0.0,"max_hp_gain":0.0,"max_hp_loss":0.0,"gold_gain":0.0,"cards_transformed":["Redo","Strike_B"],"event_name":"Drug Dealer","player_choice":"Became Test Subject","floor":30.0,"gold_loss":0.0,"damage_taken":0.0,"cards_obtained":["Coolheaded","Chaos"]}],"is_beta":false,"boss_relics":[{"not_picked":["Velvet Choker","Lizard Tail"],"picked":"Orrery"}],"items_purged_floors":[21],"is_endless":false,"potions_floor_spawned":[2,14,22,24,29],"killed_by":"Automaton","ascension_level":7}