{"gold_per_floor":[110,35,46,46,46,86,86,9,58,79,79,122,47,68,68,163,163,179,213,213,228,228,253,280,280,280,315,325,336,356,391,391,462,462,478,174,174,185,196,196,222,233,233,248,265,265,193,219,219,219],"floor_reached":51,"playtime":3953,"items_purged":["Strike_B","Parasite"],"score":1459,"play_id":"a1ec2373-8a95-4299-9523-57b5af44359b","local_time":"20181227210741","is_ascension_mode":true,"campfire_choices":[{"data":"Zap","floor":7.0,"key":"SMITH"},{"data":"Defragment","floor":11.0,"key":"SMITH"},{"data":"Darkness","floor":15.0,"key":"SMITH"},{"data":"Biased Cognition","floor":25.0,"key":"SMITH"},{"floor":32.0,"key":"DIG"},{"floor":40.0,"key":"DIG"},{"floor":46.0,"key":"DIG"},{"floor":49,"key":"REST"}],"neow_cost":"NONE","seed_source_timestamp":350529794874026,"circlet_count":0,"master_deck":["AscendersBane","Zap+1","Dualcast","Cold Snap","Ball Lightning","Defragment+1","Darkness+1","Seek","Biased Cognition+1","Loop","Recycle","BootSequence","Self Repair","Reboot","Leap","Electrodynamics","Force Field","White Noise","Conserve Battery","Biased Cognition+1","White Noise","Glacier"],"special_seed":0,"relics":["Cracked Core","NeowsBlessing","Bloody Idol","Singing Bowl","Anchor","Pantograph","Pandora\u0027s Box","Red Mask","The Courier","Regal Pillow","Bird Faced Urn","Shovel","Smiling Mask","Molten Egg 2","Velvet Choker","Membership Card","Ice Cream","Bag of Marbles","Boot","Gremlin Horn","Oddly Smooth Stone","Pocketwatch"],"potions_floor_usage":[50],"damage_taken":[{"damage":0.0,"enemies":"2 Louse","floor":1.0,"turns":1.0},{"damage":0.0,"enemies":"Small Slimes","floor":3.0,"turns":1.0},{"damage":0.0,"enemies":"3 Sentries","floor":6.0,"turns":1.0},{"damage":0.0,"enemies":"Jaw Worm","floor":10.0,"turns":2.0},{"damage":16.0,"enemies":"Gremlin Nob","floor":12.0,"turns":3.0},{"damage":12.0,"enemies":"Exordium Thugs","floor":14.0,"turns":4.0},{"damage":37.0,"enemies":"Hexaghost","floor":16.0,"turns":10.0},{"damage":8.0,"enemies":"2 Thieves","floor":18.0,"turns":3.0},{"damage":17.0,"enemies":"Masked Bandits","floor":19.0,"turns":3.0},{"damage":7.0,"enemies":"Shell Parasite","floor":21.0,"turns":4.0},{"damage":0.0,"enemies":"Colosseum Slavers","floor":22.0,"turns":2.0},{"damage":11.0,"enemies":"Gremlin Leader","floor":23.0,"turns":4.0},{"damage":19.0,"enemies":"Slavers","floor":27.0,"turns":3.0},{"damage":11.0,"enemies":"Chosen and Byrds","floor":28.0,"turns":4.0},{"damage":18.0,"enemies":"Snecko","floor":29.0,"turns":4.0},{"damage":23.0,"enemies":"Sentry and Sphere","floor":30.0,"turns":4.0},{"damage":24.0,"enemies":"Book of Stabbing","floor":31.0,"turns":5.0},{"damage":23.0,"enemies":"Champ","floor":33.0,"turns":10.0},{"damage":23.0,"enemies":"Orb Walker","floor":35.0,"turns":3.0},{"damage":23.0,"enemies":"3 Darklings","floor":38.0,"turns":3.0},{"damage":53.0,"enemies":"Jaw Worm Horde","floor":39.0,"turns":3.0},{"damage":50.0,"enemies":"Nemesis","floor":41.0,"turns":7.0},{"damage":18.0,"enemies":"Sphere and 2 Shapes","floor":42.0,"turns":4.0},{"damage":34.0,"enemies":"Transient","floor":44.0,"turns":6.0},{"damage":0.0,"enemies":"Writhing Mass","floor":45.0,"turns":5.0},{"damage":41,"enemies":"Giant Head","floor":48,"turns":11},{"damage":76,"enemies":"Donu and Deca","floor":50,"turns":11}],"seed_played":"8247442933433776127","potions_obtained":[{"floor":10.0,"key":"Dexterity Potion"},{"floor":12.0,"key":"EssenceOfSteel"},{"floor":14.0,"key":"Energy Potion"},{"floor":18.0,"key":"GamblersBrew"},{"floor":23.0,"key":"Ancient Potion"},{"floor":27.0,"key":"AttackPotion"},{"floor":30.0,"key":"Fire Potion"},{"floor":44.0,"key":"Ancient Potion"}],"is_trial":false,"path_per_floor":["M","?","M","?","?","E","R","$","T","M","R","E","$","M","R","B",null,"M","?","?","M","?","E","T","R","T","E","M","M","M","E","R","B",null,"M","$","?","M","M","R","E","M","T","M","M","R","$","E","R","B",null],"character_chosen":"DEFECT","items_purchased":["Defragment","Membership Card","Ice Cream","Energy Potion"],"campfire_rested":1,"item_purchase_floors":[8,36,36,47],"current_hp_per_floor":[64,64,64,69,69,69,69,69,69,69,69,55,55,45,45,33,63,62,54,54,59,66,69,74,74,74,67,67,66,65,65,65,85,85,78,78,78,79,52,52,28,38,38,34,58,58,58,47,89,45],"gold":219,"neow_bonus":"THREE_ENEMY_KILL","is_prod":false,"is_daily":false,"chose_seed":false,"campfire_upgraded":4,"win_rate":0,"timestamp":1545941261,"path_taken":["M","?","M","?","?","E","R","?","T","?","R","E","$","M","R","BOSS","M","?","?","M","?","E","?","R","T","E","?","M","M","E","R","BOSS","M","$","?","M","?","R","E","M","T","M","M","R","$","E","R","BOSS"],"build_version":"2018-12-20","purchased_purges":2,"victory":true,"max_hp_per_floor":[71,71,71,76,69,69,69,69,69,69,69,71,71,73,73,73,73,73,75,75,75,75,77,77,77,77,77,77,79,81,83,83,85,85,85,85,85,87,89,89,89,89,89,91,93,93,90,92,92,92],"card_choices":[{"not_picked":["Compile Driver","Hello World"],"picked":"Cold Snap","floor":1.0},{"not_picked":["Blizzard","Redo","Stack"],"picked":"SKIP","floor":3.0},{"not_picked":["Force Field","Rainbow"],"picked":"Ball Lightning","floor":6.0},{"not_picked":["Steam","Redo"],"picked":"Darkness","floor":10.0},{"not_picked":["Leap","Reprogram","Rebound"],"picked":"Singing Bowl","floor":12.0},{"not_picked":["Beam Cell","Ball Lightning","Recycle"],"picked":"Singing Bowl","floor":14.0},{"not_picked":["Buffer","Fission"],"picked":"Seek","floor":16.0},{"not_picked":["Barrage","Redo"],"picked":"Leap","floor":18.0},{"not_picked":["Lockon","Ball Lightning","Barrage"],"picked":"Singing Bowl","floor":19.0},{"not_picked":["Coolheaded","Redo"],"picked":"Electrodynamics","floor":21.0},{"not_picked":["Static Discharge","Aggregate","Leap"],"picked":"Singing Bowl","floor":23.0},{"not_picked":["Sweeping Beam","Hello World"],"picked":"Force Field","floor":27.0},{"not_picked":["Ball Lightning+1","Barrage"],"picked":"White Noise","floor":28.0},{"not_picked":["Lockon","Steam","BootSequence"],"picked":"Singing Bowl","floor":29.0},{"not_picked":["Beam Cell+1","Go for the Eyes","Steam Power"],"picked":"Singing Bowl","floor":30.0},{"not_picked":["All For One","Chaos","Beam Cell"],"picked":"Singing Bowl","floor":31.0},{"not_picked":["Reboot","All For One+1","Fission"],"picked":"Singing Bowl","floor":33.0},{"not_picked":["Streamline+1","Cold Snap+1"],"picked":"Conserve Battery","floor":35.0},{"not_picked":["Consume+1","Streamline+1","Gash+1"],"picked":"Singing Bowl","floor":38.0},{"not_picked":["Stack","Auto Shields","Leap"],"picked":"Singing Bowl","floor":39.0},{"not_picked":["Gash+1","Stack+1"],"picked":"White Noise","floor":41.0},{"not_picked":["Stack+1","Leap"],"picked":"Glacier","floor":42.0},{"not_picked":["Barrage+1","BootSequence","Ball Lightning+1"],"picked":"Singing Bowl","floor":44.0},{"not_picked":["Lockon+1","Recycle","Sweeping Beam+1"],"picked":"Singing Bowl","floor":45.0},{"not_picked":["Scrape+1","Core Surge+1","Stack"],"picked":"Singing Bowl","floor":48}],"player_experience":722441,"relics_obtained":[{"floor":6.0,"key":"Singing Bowl"},{"floor":9.0,"key":"Anchor"},{"floor":12.0,"key":"Pantograph"},{"floor":19.0,"key":"Red Mask"},{"floor":23.0,"key":"The Courier"},{"floor":24.0,"key":"Regal Pillow"},{"floor":26.0,"key":"Bird Faced Urn"},{"floor":27.0,"key":"Shovel"},{"floor":31.0,"key":"Smiling Mask"},{"floor":32.0,"key":"Molten Egg 2"},{"floor":40.0,"key":"Bag of Marbles"},{"floor":41.0,"key":"Boot"},{"floor":43.0,"key":"Gremlin Horn"},{"floor":46.0,"key":"Oddly Smooth Stone"},{"floor":48,"key":"Pocketwatch"}],"event_choices":[{"cards_removed":["Strike_B"],"damage_healed":0.0,"max_hp_gain":0.0,"max_hp_loss":0.0,"gold_gain":0.0,"event_name":"The Cleric","player_choice":"Card Removal","floor":2.0,"gold_loss":75.0,"damage_taken":0.0},{"damage_healed":0.0,"max_hp_gain":5.0,"max_hp_loss":0.0,"gold_gain":0.0,"event_name":"Big Fish","player_choice":"Donut","floor":4.0,"gold_loss":0.0,"damage_taken":0.0},{"damage_healed":0.0,"max_hp_gain":0.0,"max_hp_loss":7.0,"gold_gain":0.0,"event_name":"Golden Idol","player_choice":"Lose Max HP","floor":5.0,"gold_loss":0.0,"damage_taken":0.0,"relics_obtained":["Golden Idol"]},{"damage_healed":0.0,"max_hp_gain":0.0,"max_hp_loss":0.0,"gold_gain":0.0,"event_name":"Masked Bandits","player_choice":"Fought Bandits","floor":19.0,"gold_loss":0.0,"damage_taken":0.0},{"damage_healed":0.0,"max_hp_gain":0.0,"max_hp_loss":0.0,"gold_gain":0.0,"event_name":"Forgotten Altar","player_choice":"Gave Idol","floor":20.0,"relics_lost":["Golden Idol"],"gold_loss":0.0,"damage_taken":0.0,"relics_obtained":["Bloody Idol"]},{"damage_healed":0.0,"max_hp_gain":0.0,"max_hp_loss":0.0,"gold_gain":0.0,"event_name":"Colosseum","player_choice":"Fight","floor":22.0,"gold_loss":0.0,"damage_taken":0.0},{"damage_healed":0.0,"max_hp_gain":0.0,"max_hp_loss":0.0,"gold_gain":0.0,"event_name":"Colosseum","player_choice":"Fled From Nobs","floor":22.0,"gold_loss":0.0,"damage_taken":0.0},{"damage_healed":0.0,"max_hp_gain":0.0,"max_hp_loss":0.0,"gold_gain":0.0,"event_name":"Duplicator","player_choice":"Copied","floor":37.0,"gold_loss":0.0,"damage_taken":0.0,"cards_obtained":["Biased Cognition"]}],"is_beta":false,"boss_relics":[{"not_picked":["Eternal Feather","Lizard Tail"],"picked":"Pandora\u0027s Box"},{"not_picked":["Cursed Key","FrozenCore"],"picked":"Velvet Choker"}],"items_purged_floors":[13,47],"is_endless":false,"potions_floor_spawned":[10,12,14,18,23,27,29,30,31,35,38,41,44],"ascension_level":17}