{"gold_per_floor":[109,127,127,143,155,155,175,209,209,209,223,238,238,250,250,322,322,337,387,403,403,27,27,60,79,79,79,79,79,109,121,121,121],"floor_reached":33,"playtime":1670,"items_purged":["Strike_B"],"score":574,"play_id":"f76f1b6d-02d8-4215-8b37-7eb25426ab8f","local_time":"20190125170850","is_ascension_mode":true,"campfire_choices":[{"data":"Streamline","floor":6.0,"key":"SMITH"},{"floor":13.0,"key":"REST"},{"floor":15.0,"key":"REST"},{"data":"Fission","floor":23.0,"key":"SMITH"},{"data":"Defragment","floor":28,"key":"SMITH"},{"floor":32,"key":"REST"}],"neow_cost":"NONE","seed_source_timestamp":269488163642724,"circlet_count":0,"master_deck":["AscendersBane","Defend_B","Defend_B","Defend_B","Defend_B","Zap+1","Dualcast","Streamline+1","Coolheaded","Self Repair","Chill+1","Ball Lightning","Fission+1","Sweeping Beam","Electrodynamics","Reinforced Body","Seek","Defragment+1","Double Energy","Necronomicurse","Bite","Bite","Bite","Bite","Bite","Electrodynamics","Sunder"],"special_seed":0,"relics":["Cracked Core","Bronze Scales","Ice Cream","Empty Cage","Lee\u0027s Waffle","Shovel","Bottled Flame","Necronomicon","Nunchaku"],"potions_floor_usage":[24,24,33],"damage_taken":[{"damage":4.0,"enemies":"2 Louse","floor":1.0,"turns":2.0},{"damage":1.0,"enemies":"Cultist","floor":2.0,"turns":4.0},{"damage":9.0,"enemies":"Jaw Worm","floor":4.0,"turns":3.0},{"damage":19.0,"enemies":"Exordium Thugs","floor":5.0,"turns":5.0},{"damage":8.0,"enemies":"2 Fungi Beasts","floor":7.0,"turns":4.0},{"damage":26.0,"enemies":"3 Sentries","floor":8.0,"turns":8.0},{"damage":7.0,"enemies":"3 Louse","floor":11.0,"turns":2.0},{"damage":8.0,"enemies":"Looter","floor":12.0,"turns":4.0},{"damage":12.0,"enemies":"Large Slime","floor":14.0,"turns":4.0},{"damage":36.0,"enemies":"Hexaghost","floor":16.0,"turns":9.0},{"damage":21.0,"enemies":"Spheric Guardian","floor":18.0,"turns":5.0},{"damage":18.0,"enemies":"2 Thieves","floor":20.0,"turns":4.0},{"damage":38,"enemies":"Gremlin Leader","floor":24,"turns":7},{"damage":17,"enemies":"Snecko","floor":25,"turns":6},{"damage":34,"enemies":"Slavers","floor":30,"turns":4},{"damage":0,"enemies":"Centurion and Healer","floor":31,"turns":6},{"damage":50,"enemies":"Champ","floor":33,"turns":5}],"seed_played":"-6216188507986529882","potions_obtained":[{"floor":2.0,"key":"FearPotion"},{"floor":4.0,"key":"Weak Potion"},{"floor":8.0,"key":"PowerPotion"},{"floor":12.0,"key":"Swift Potion"},{"floor":14.0,"key":"Swift Potion"},{"floor":20.0,"key":"Regen Potion"},{"floor":31,"key":"Explosive Potion"}],"is_trial":false,"path_per_floor":["M","M","?","M","M","R","M","E","T","?","M","M","R","M","R","B",null,"M","?","M","?","$","R","E","M","T","?","R","?","E","M","R","B"],"character_chosen":"DEFECT","items_purchased":["Lee\u0027s Waffle","Defragment"],"campfire_rested":3,"item_purchase_floors":[22,22],"current_hp_per_floor":[60,59,59,50,31,31,30,11,11,11,11,10,31,26,47,18,58,44,44,33,13,83,83,66,56,56,35,35,35,1,14,31,0],"gold":121,"neow_bonus":"UPGRADE_CARD","is_prod":false,"is_daily":false,"chose_seed":false,"campfire_upgraded":3,"win_rate":0,"timestamp":1548432530,"path_taken":["M","M","?","M","M","R","?","E","T","?","M","?","R","M","R","BOSS","M","?","M","?","$","R","E","M","T","?","R","?","E","M","R","BOSS"],"build_version":"2019-01-23","purchased_purges":1,"victory":false,"max_hp_per_floor":[71,71,71,71,71,71,71,71,71,71,71,71,71,71,71,71,71,71,71,71,76,83,83,83,83,83,83,83,58,58,58,58,58],"card_choices":[{"not_picked":["Turbo","Conserve Battery","Force Field"],"picked":"SKIP","floor":1.0},{"not_picked":["Go for the Eyes","Undo"],"picked":"Streamline","floor":2.0},{"not_picked":["Stack","Turbo"],"picked":"Coolheaded","floor":4.0},{"not_picked":["Coolheaded","Tempest"],"picked":"Self Repair","floor":5.0},{"not_picked":["Chaos","Rebound","Cold Snap"],"picked":"SKIP","floor":7.0},{"not_picked":["Double Energy","Hologram"],"picked":"Chill","floor":8.0},{"not_picked":["Go for the Eyes","Heatsinks"],"picked":"Ball Lightning","floor":11.0},{"not_picked":["Force Field","Redo"],"picked":"Fission","floor":12.0},{"not_picked":["Redo","Turbo"],"picked":"Sweeping Beam","floor":14.0},{"not_picked":["Multi-Cast","Hyperbeam"],"picked":"Electrodynamics","floor":16.0},{"not_picked":["FTL","Streamline"],"picked":"Reinforced Body","floor":18.0},{"not_picked":["Redo","Sweeping Beam"],"picked":"Seek","floor":20.0},{"not_picked":["Barrage","Ball Lightning"],"picked":"Double Energy","floor":24},{"not_picked":["Leap","Auto Shields","Beam Cell"],"picked":"SKIP","floor":25},{"not_picked":["Double Energy","Compile Driver"],"picked":"Electrodynamics","floor":30},{"not_picked":["Heatsinks","Scrape"],"picked":"Sunder","floor":31}],"player_experience":1000485,"relics_obtained":[{"floor":8.0,"key":"Bronze Scales"},{"floor":9.0,"key":"Ice Cream"},{"floor":24,"key":"Shovel"},{"floor":26,"key":"Bottled Flame"},{"floor":27,"key":"Necronomicon"},{"floor":30,"key":"Nunchaku"}],"event_choices":[{"damage_healed":0.0,"max_hp_gain":0.0,"max_hp_loss":0.0,"gold_gain":0.0,"event_name":"Wheel of Change","player_choice":"Cursed","floor":3.0,"gold_loss":0.0,"damage_taken":0.0,"cards_obtained":["Decay"]},{"damage_healed":0.0,"max_hp_gain":0.0,"max_hp_loss":0.0,"gold_gain":0.0,"event_name":"Accursed Blacksmith","player_choice":"Forge","floor":10.0,"gold_loss":0.0,"damage_taken":0.0,"cards_upgraded":["Chill"]},{"damage_healed":0.0,"max_hp_gain":0.0,"max_hp_loss":0.0,"gold_gain":50.0,"event_name":"Nest","player_choice":"Stole From Cult","floor":19.0,"gold_loss":0.0,"damage_taken":0.0},{"damage_healed":0.0,"max_hp_gain":5.0,"max_hp_loss":0.0,"gold_gain":0.0,"event_name":"Forgotten Altar","player_choice":"Shed Blood","floor":21.0,"gold_loss":0.0,"damage_taken":25.0},{"damage_healed":0,"gold_gain":0,"player_choice":"Obtained Book","damage_taken":21,"max_hp_gain":0,"max_hp_loss":0,"event_name":"Cursed Tome","floor":27,"gold_loss":0},{"damage_healed":0,"gold_gain":0,"player_choice":"Became a vampire","damage_taken":0,"max_hp_gain":0,"max_hp_loss":25,"event_name":"Vampires","floor":29,"gold_loss":0,"cards_obtained":["Bite","Bite","Bite","Bite","Bite"]}],"is_beta":false,"boss_relics":[{"not_picked":["White Beast Statue","Inserter"],"picked":"Empty Cage"}],"items_purged_floors":[22],"is_endless":false,"potions_floor_spawned":[2,4,8,12,14,20,31],"killed_by":"Champ","ascension_level":18}