{"gold_per_floor":[113,113,127,81,81,81,81,93,154,183,195,227,254,297,309,416,428,456,497,519,531,89,89,119,119,119,147,159,178,198,212,212,212],"floor_reached":33,"playtime":2365,"items_purged":[],"score":327,"play_id":"2de19762-1b64-42ab-bd2b-705768bcfab1","local_time":"20190128193046","is_ascension_mode":true,"campfire_choices":[{"data":"Turbo","floor":6,"key":"SMITH"},{"floor":8,"key":"RECALL"},{"floor":11,"key":"REST"},{"floor":15,"key":"REST"},{"floor":23,"key":"REST"},{"floor":25,"key":"REST"},{"floor":32,"key":"REST"}],"neow_cost":"NONE","seed_source_timestamp":1648673486078769,"circlet_count":0,"master_deck":["Strike_B","Strike_B","Strike_B","Strike_B","Defend_B","Defend_B","Defend_B","Defend_B","Dualcast","Turbo+1","Meteor Strike","Gash","Cold Snap","Decay","BootSequence","Rebound","Hello World","Gash","Melter","Echo Form","Leap","FTL","Coolheaded","Redo","Gash","Loop","Leap","Go for the Eyes+1","Beam Cell","Conserve Battery"],"relics":["Cracked Core","MawBank","Lantern","Vajra","Philosopher\u0027s Stone","Red Mask","Bottled Tornado","Pen Nib","Shuriken","Orichalcum"],"potions_floor_usage":[1,7,7,7,7,7,13,14,16,18,19,24,24,33],"damage_taken":[{"damage":0,"enemies":"Cultist","floor":1,"turns":2},{"damage":8,"enemies":"Small Slimes","floor":3,"turns":3},{"damage":16,"enemies":"Gremlin Nob","floor":7,"turns":3},{"damage":0,"enemies":"2 Louse","floor":10,"turns":2},{"damage":11,"enemies":"Blue Slaver","floor":12,"turns":4},{"damage":14,"enemies":"Exordium Thugs","floor":13,"turns":4},{"damage":6,"enemies":"3 Sentries","floor":14,"turns":8},{"damage":58,"enemies":"Slime Boss","floor":16,"turns":10},{"damage":28,"enemies":"Shell Parasite","floor":18,"turns":4},{"damage":0,"enemies":"Masked Bandits","floor":19,"turns":2},{"damage":2,"enemies":"Chosen","floor":20,"turns":4},{"damage":28,"enemies":"Slavers","floor":24,"turns":7},{"damage":25,"enemies":"Book of Stabbing","floor":27,"turns":6},{"damage":23,"enemies":"3 Cultists","floor":28,"turns":6},{"damage":14,"enemies":"Snake Plant","floor":29,"turns":5},{"damage":2,"enemies":"Sentry and Sphere","floor":30,"turns":3},{"damage":15,"enemies":"Cultist and Chosen","floor":31,"turns":6},{"damage":36,"enemies":"Automaton","floor":33,"turns":6}],"seed_played":"-4497221845342118926","potions_obtained":[{"floor":0,"key":"FearPotion"},{"floor":0,"key":"EntropicBrew"},{"floor":0,"key":"SteroidPotion"},{"floor":3,"key":"Strength Potion"},{"floor":7,"key":"PowerPotion"},{"floor":13,"key":"FairyPotion"},{"floor":14,"key":"SteroidPotion"},{"floor":16,"key":"SteroidPotion"},{"floor":18,"key":"AttackPotion"},{"floor":19,"key":"Poison Potion"},{"floor":21,"key":"Regen Potion"},{"floor":21,"key":"AttackPotion"},{"floor":30,"key":"FearPotion"}],"is_trial":false,"path_per_floor":["M","?","M","$","?","R","E","R","T","M","R","M","M","E","R","B",null,"M","?","M","?","$","R","E","R","T","E","M","M","M","M","R","B"],"character_chosen":"DEFECT","items_purchased":["Cold Snap","Bottled Tornado","Pen Nib","Redo"],"campfire_rested":5,"item_purchase_floors":[4,22,22,22],"current_hp_per_floor":[75,75,67,67,67,67,51,51,51,51,73,62,48,42,64,6,75,47,47,45,45,45,67,54,75,75,50,27,13,11,7,29,0],"gold":212,"neow_bonus":"THREE_SMALL_POTIONS","is_prod":false,"is_daily":false,"chose_seed":false,"campfire_upgraded":1,"win_rate":0,"timestamp":1548711046,"path_taken":["M","?","M","$","?","R","E","R","T","M","R","?","?","E","R","BOSS","M","?","M","?","$","R","E","R","T","E","?","M","M","M","R","BOSS"],"build_version":"2019-01-23","purchased_purges":0,"victory":false,"max_hp_per_floor":[75,75,75,75,75,75,75,75,75,75,75,75,75,75,75,75,75,75,75,75,75,75,75,75,75,75,75,75,75,75,75,75,75],"card_choices":[{"not_picked":["Rebound","Aggregate"],"picked":"Turbo","floor":1},{"not_picked":["Sweeping Beam","Fusion"],"picked":"Gash","floor":3},{"not_picked":["Leap","Tempest"],"picked":"BootSequence","floor":7},{"not_picked":["Streamline","Compile Driver"],"picked":"Rebound","floor":10},{"not_picked":["Scrape","Undo"],"picked":"Hello World","floor":12},{"not_picked":["Turbo","Self Repair"],"picked":"Gash","floor":13},{"not_picked":["Go for the Eyes","Streamline"],"picked":"Melter","floor":14},{"not_picked":["Hyperbeam","Electrodynamics"],"picked":"Echo Form","floor":16},{"not_picked":["Capacitor","Sweeping Beam"],"picked":"Leap","floor":18},{"not_picked":["Compile Driver","Sunder+1"],"picked":"FTL","floor":19},{"not_picked":["Chaos","Barrage"],"picked":"Coolheaded","floor":20},{"not_picked":["Darkness","Rebound+1"],"picked":"Gash","floor":24},{"not_picked":["Genetic Algorithm","Redo"],"picked":"Loop","floor":27},{"not_picked":["Compile Driver+1","Lockon+1"],"picked":"Leap","floor":28},{"not_picked":["Capacitor","Storm"],"picked":"Go for the Eyes+1","floor":29},{"not_picked":["Steam Power","Seek"],"picked":"Beam Cell","floor":30},{"not_picked":["Streamline","Barrage"],"picked":"Conserve Battery","floor":31}],"player_experience":74370,"relics_obtained":[{"floor":7,"key":"MawBank"},{"floor":9,"key":"Lantern"},{"floor":14,"key":"Vajra"},{"floor":19,"key":"Red Mask"},{"floor":24,"key":"Shuriken"},{"floor":27,"key":"Orichalcum"}],"event_choices":[{"damage_healed":0,"gold_gain":0,"cards_transformed":["Zap"],"player_choice":"Change","damage_taken":0,"max_hp_gain":0,"max_hp_loss":0,"event_name":"Living Wall","floor":2,"gold_loss":0,"cards_obtained":["Meteor Strike"]},{"damage_healed":0,"gold_gain":0,"player_choice":"Cursed","damage_taken":0,"max_hp_gain":0,"max_hp_loss":0,"event_name":"Wheel of Change","floor":5,"gold_loss":0,"cards_obtained":["Decay"]},{"damage_healed":0,"gold_gain":0,"player_choice":"Fought Bandits","damage_taken":0,"max_hp_gain":0,"max_hp_loss":0,"event_name":"Masked Bandits","floor":19,"gold_loss":0},{"damage_healed":0,"gold_gain":0,"player_choice":"Got Potions","damage_taken":0,"max_hp_gain":0,"max_hp_loss":0,"event_name":"Lab","floor":21,"gold_loss":0}],"is_beta":false,"boss_relics":[{"not_picked":["Lizard Tail","Runic Pyramid"],"picked":"Philosopher\u0027s Stone"}],"items_purged_floors":[],"is_endless":false,"potions_floor_spawned":[3,7,13,14,16,18,19,30],"killed_by":"Automaton","ascension_level":2}