{"gold_per_floor":[109,109,125,50,50,50,78,152,175,175,209,229,229,243,243,374,374,387,418,169,349,370,370,370,413,413,444,359,359,284,308,308,308],"floor_reached":33,"playtime":2232,"items_purged":["Defend_R","Strike_R"],"score":314,"play_id":"ff305aae-41ac-4389-8ec5-32fb4fa6ade1","local_time":"20190112000401","is_ascension_mode":false,"campfire_choices":[{"floor":6.0,"key":"RECALL"},{"floor":15.0,"key":"REST"},{"data":"Armaments","floor":23,"key":"SMITH"},{"floor":29,"key":"REST"},{"floor":32,"key":"REST"}],"neow_cost":"NONE","seed_source_timestamp":368875973419,"circlet_count":0,"master_deck":["Strike_R","Defend_R","Bash","Ghostly Armor","Armaments+1","Thunderclap+1","Cleave+1","Headbutt+1","Dropkick+1","Immolate+1","Sword Boomerang+1","Inflame+1","Intimidate+1","Whirlwind+1","Dual Wield+1","Fire Breathing+1","Flame Barrier","Inflame"],"special_seed":0,"relics":["Burning Blood","Orichalcum","Molten Egg 2","Dream Catcher","Golden Idol","Astrolabe","Red Mask","Anchor","Strawberry","Bottled Lightning","Happy Flower","WingedGreaves"],"potions_floor_usage":[19,19],"damage_taken":[{"damage":3.0,"enemies":"Small Slimes","floor":1.0,"turns":3.0},{"damage":11.0,"enemies":"Jaw Worm","floor":3.0,"turns":3.0},{"damage":47.0,"enemies":"Gremlin Nob","floor":7.0,"turns":6.0},{"damage":16.0,"enemies":"Lagavulin","floor":11.0,"turns":12.0},{"damage":1.0,"enemies":"Cultist","floor":12.0,"turns":3.0},{"damage":5.0,"enemies":"Looter","floor":14.0,"turns":3.0},{"damage":16,"enemies":"Slime Boss","floor":16,"turns":10},{"damage":4,"enemies":"Spheric Guardian","floor":18,"turns":3},{"damage":0,"enemies":"Masked Bandits","floor":19,"turns":2},{"damage":3,"enemies":"Shell Parasite","floor":22,"turns":4},{"damage":13,"enemies":"Slavers","floor":25,"turns":3},{"damage":59,"enemies":"Book of Stabbing","floor":27,"turns":7},{"damage":15,"enemies":"Centurion and Healer","floor":31,"turns":5},{"damage":71,"enemies":"Collector","floor":33,"turns":7}],"seed_played":"7063956502946157259","potions_obtained":[{"floor":0.0,"key":"GamblersBrew"},{"floor":0.0,"key":"Ancient Potion"},{"floor":0.0,"key":"Energy Potion"},{"floor":7.0,"key":"EssenceOfSteel"},{"floor":11.0,"key":"SkillPotion"},{"floor":18,"key":"Fruit Juice"}],"is_trial":false,"path_per_floor":["M","?","M","$","?","R","E","T","T","?","E","M","?","M","R","B",null,"M","?","$","?","M","R","?","E","T","E","?","R","?","M","R","B"],"character_chosen":"IRONCLAD","items_purchased":["Anchor"],"campfire_rested":3,"item_purchase_floors":[20],"current_hp_per_floor":[80,85,80,80,80,80,39,39,39,32,22,27,6,7,32,22,85,85,90,90,63,66,66,66,66,66,13,13,42,42,33,62,0],"gold":308,"neow_bonus":"THREE_SMALL_POTIONS","is_prod":false,"is_daily":false,"chose_seed":false,"campfire_upgraded":1,"win_rate":0,"timestamp":1547273041,"path_taken":["M","?","M","$","?","R","E","?","T","?","E","?","?","M","R","BOSS","M","?","$","?","?","R","?","E","T","E","?","R","?","M","R","BOSS"],"build_version":"2019-01-10","purchased_purges":2,"victory":false,"max_hp_per_floor":[80,85,85,85,85,85,85,85,85,85,85,85,85,85,85,85,85,85,90,90,90,90,90,90,97,97,97,97,97,97,97,97,97],"card_choices":[{"not_picked":["Entrench","Twin Strike","Intimidate"],"picked":"SKIP","floor":1.0},{"not_picked":["Sentinel","Sword Boomerang"],"picked":"Ghostly Armor","floor":3.0},{"not_picked":["Body Slam","Clothesline"],"picked":"Armaments","floor":7.0},{"not_picked":["Corruption","Armaments"],"picked":"Thunderclap+1","floor":11.0},{"not_picked":["Power Through","Second Wind"],"picked":"Cleave+1","floor":12.0},{"not_picked":["Iron Wave+1","True Grit"],"picked":"Headbutt+1","floor":14.0},{"not_picked":["Reckless Charge+1","Evolve"],"picked":"Dropkick+1","floor":15.0},{"not_picked":["Brutality","Exhume"],"picked":"Immolate+1","floor":16},{"not_picked":["Sword Boomerang+1","Pommel Strike+1"],"picked":"Whirlwind+1","floor":18},{"not_picked":["Headbutt+1","Clothesline+1"],"picked":"Dual Wield+1","floor":19},{"not_picked":["Searing Blow+1","Cleave+1"],"picked":"Fire Breathing+1","floor":22},{"not_picked":["Exhume","Sword Boomerang+1"],"picked":"Flame Barrier","floor":25},{"not_picked":["Havoc","Offering"],"picked":"Inflame","floor":27},{"not_picked":["Feel No Pain+1","Headbutt+1","Blood for Blood+1"],"picked":"SKIP","floor":31}],"player_experience":232544,"relics_obtained":[{"floor":7.0,"key":"Orichalcum"},{"floor":8.0,"key":"Molten Egg 2"},{"floor":11.0,"key":"Dream Catcher"},{"floor":19,"key":"Red Mask"},{"floor":25,"key":"Strawberry"},{"floor":26,"key":"Bottled Lightning"},{"floor":27,"key":"Happy Flower"}],"event_choices":[{"damage_healed":0.0,"max_hp_gain":5.0,"max_hp_loss":0.0,"gold_gain":0.0,"event_name":"Big Fish","player_choice":"Donut","floor":2.0,"gold_loss":0.0,"damage_taken":0.0},{"damage_healed":0.0,"max_hp_gain":0.0,"max_hp_loss":0.0,"gold_gain":0.0,"event_name":"Liars Game","player_choice":"Ignored","floor":5.0,"gold_loss":0.0,"damage_taken":0.0},{"cards_removed":["Defend_R"],"damage_healed":0.0,"max_hp_gain":0.0,"max_hp_loss":0.0,"gold_gain":0.0,"event_name":"Golden Wing","player_choice":"Card Removal","floor":10.0,"gold_loss":0.0,"damage_taken":7.0},{"damage_healed":0.0,"max_hp_gain":0.0,"max_hp_loss":0.0,"gold_gain":0.0,"event_name":"Golden Idol","player_choice":"Take Damage","floor":13.0,"gold_loss":0.0,"damage_taken":21.0,"relics_obtained":["Golden Idol"]},{"damage_healed":0,"gold_gain":0,"player_choice":"Fought Bandits","damage_taken":0,"max_hp_gain":0,"max_hp_loss":0,"event_name":"Masked Bandits","floor":19,"gold_loss":0},{"damage_healed":0,"gold_gain":180,"player_choice":"GOLD GOLD ","damage_taken":27,"max_hp_gain":0,"max_hp_loss":0,"event_name":"Knowing Skull","floor":21,"potions_obtained":[],"gold_loss":0,"cards_obtained":[]},{"damage_healed":0,"gold_gain":0,"player_choice":"Ignored","damage_taken":0,"max_hp_gain":0,"max_hp_loss":0,"event_name":"Vampires","floor":24,"gold_loss":0},{"damage_healed":0,"gold_gain":0,"player_choice":"Obtained Relic","damage_taken":0,"relics_obtained":["WingedGreaves"],"max_hp_gain":0,"max_hp_loss":0,"event_name":"Addict","floor":28,"gold_loss":85},{"cards_removed":["Strike_R"],"damage_healed":0,"gold_gain":0,"player_choice":"Gave Gold","damage_taken":0,"max_hp_gain":0,"max_hp_loss":0,"event_name":"Beggar","floor":30,"gold_loss":75}],"is_beta":false,"boss_relics":[{"not_picked":["Pandora\u0027s Box","Coffee Dripper"],"picked":"Astrolabe"}],"items_purged_floors":[4,20],"is_endless":false,"potions_floor_spawned":[3,7,11,18],"killed_by":"Collector","ascension_level":0}