{"gold_per_floor":[119,137,156,172,23,23,23,23,23,40,40,40,70,70,70,166,166,183,194,194,109,31,31,31,31,31,48,48,60,95,107,107,206,206,221,221,233,158,176,176,195,95,95,126,1,1,15,25,25,25],"floor_reached":51,"playtime":3487,"items_purged":["Strike_B","Strike_B","Strike_B"],"score":988,"play_id":"c8b4dfa8-780b-4682-98f2-24d402fa501f","local_time":"20181115181910","is_ascension_mode":true,"campfire_choices":[{"data":"Zap","floor":6.0,"key":"SMITH"},{"data":"Dualcast","floor":12.0,"key":"SMITH"},{"floor":15.0,"key":"REST"},{"data":"Redo","floor":23.0,"key":"SMITH"},{"data":"Force Field","floor":25.0,"key":"SMITH"},{"data":"Coolheaded","floor":28.0,"key":"SMITH"},{"data":"Force Field","floor":32.0,"key":"SMITH"},{"data":"Meteor Strike","floor":40,"key":"SMITH"},{"floor":46,"key":"REST"},{"floor":49,"key":"REST"}],"neow_cost":"NONE","seed_source_timestamp":409904226331590,"circlet_count":0,"master_deck":["Defend_B","Defend_B","Defend_B","Defend_B","Zap+1","Dualcast+1","Sweeping Beam","Coolheaded+1","White Noise+1","Melter","Capacitor","Thunder Strike+1","Conserve Battery","Echo Form+1","Force Field+1","Redo+1","Ball Lightning","Conserve Battery","Self Repair+1","Meteor Strike+1","Electrodynamics+1","Hologram+1","Force Field+1","Conserve Battery","Rainbow","Echo Form+1","Defragment+1","Leap+1","Storm+1","Conserve Battery+1","Coolheaded+1","Hologram+1","Defragment+1"],"special_seed":0,"relics":["Cracked Core","Anchor","Prayer Wheel","Ginger","Frozen Egg 2","Dead Branch","Velvet Choker","Dodecahedron","Question Card","Unceasing Top","Bottled Tornado","Snecko Eye","FaceOfCleric","Mercury Hourglass","Juzu Bracelet"],"potions_floor_usage":[39,39,47,50,50],"damage_taken":[{"damage":0.0,"enemies":"2 Louse","floor":1.0,"turns":2.0},{"damage":0.0,"enemies":"Jaw Worm","floor":2.0,"turns":3.0},{"damage":0.0,"enemies":"Cultist","floor":3.0,"turns":3.0},{"damage":15.0,"enemies":"Looter","floor":4.0,"turns":4.0},{"damage":4.0,"enemies":"3 Louse","floor":10.0,"turns":3.0},{"damage":21.0,"enemies":"Gremlin Nob","floor":13.0,"turns":4.0},{"damage":27.0,"enemies":"The Guardian","floor":16.0,"turns":11.0},{"damage":8.0,"enemies":"Shell Parasite","floor":18.0,"turns":6.0},{"damage":0.0,"enemies":"Spheric Guardian","floor":19.0,"turns":2.0},{"damage":22.0,"enemies":"Centurion and Healer","floor":27.0,"turns":7.0},{"damage":0.0,"enemies":"Sentry and Sphere","floor":29.0,"turns":2.0},{"damage":19.0,"enemies":"Slavers","floor":30.0,"turns":2.0},{"damage":2.0,"enemies":"3 Cultists","floor":31.0,"turns":3.0},{"damage":24.0,"enemies":"Automaton","floor":33.0,"turns":8.0},{"damage":24.0,"enemies":"3 Shapes","floor":35.0,"turns":3.0},{"damage":0.0,"enemies":"Orb Walker","floor":37.0,"turns":2.0},{"damage":28,"enemies":"Sphere and 2 Shapes","floor":39,"turns":3},{"damage":11,"enemies":"Transient","floor":41,"turns":5},{"damage":9,"enemies":"Reptomancer","floor":44,"turns":4},{"damage":0,"enemies":"3 Darklings","floor":47,"turns":2},{"damage":0,"enemies":"Writhing Mass","floor":48,"turns":4},{"damage":16,"enemies":"Time Eater","floor":50,"turns":5}],"seed_played":"6274213821358553346","potions_obtained":[{"floor":3.0,"key":"SneckoOil"},{"floor":4.0,"key":"Weak Potion"},{"floor":18.0,"key":"Explosive Potion"},{"floor":27.0,"key":"Energy Potion"},{"floor":33.0,"key":"Explosive Potion"},{"floor":35.0,"key":"AttackPotion"},{"floor":44,"key":"Energy Potion"},{"floor":47,"key":"EssenceOfSteel"},{"floor":48,"key":"FocusPotion"}],"is_trial":false,"path_per_floor":["M","M","M","M","$","R","?","?","T","M","T","R","E","?","R","B",null,"M","M","T","?","$","R","?","R","T","M","R","M","E","M","R","B",null,"M","?","M","$","M","R","M","$","T","E","$","R","M","M","R","B",null],"character_chosen":"DEFECT","items_purchased":["Anchor","Self Repair+1"],"campfire_rested":3,"item_purchase_floors":[5,22],"current_hp_per_floor":[75,75,75,60,60,60,53,53,53,49,49,49,28,28,52,25,68,60,60,60,60,60,60,60,60,60,58,58,58,49,57,57,43,72,48,48,49,49,22,22,22,22,22,14,14,39,50,71,88,73],"gold":25,"neow_bonus":"TEN_PERCENT_HP_BONUS","is_prod":false,"is_daily":false,"chose_seed":false,"campfire_upgraded":7,"win_rate":0,"timestamp":1542302350,"path_taken":["M","M","M","M","$","R","?","?","T","M","?","R","E","?","R","BOSS","M","M","?","?","$","R","?","R","T","M","R","?","E","M","R","BOSS","M","?","M","$","M","R","M","$","T","E","$","R","M","M","R","BOSS"],"build_version":"2018-11-08","purchased_purges":3,"victory":true,"max_hp_per_floor":[82,82,82,82,82,82,82,82,82,82,82,82,82,82,82,82,82,82,82,82,82,82,82,82,82,82,82,82,82,82,82,82,82,82,82,82,83,83,84,84,85,85,85,86,86,86,87,88,88,89],"card_choices":[{"not_picked":["Ball Lightning","Turbo"],"picked":"Sweeping Beam","floor":1.0},{"not_picked":["Skim","Redo"],"picked":"Coolheaded","floor":2.0},{"not_picked":["Hello World","Scrape"],"picked":"White Noise","floor":3.0},{"not_picked":["Hello World","Barrage"],"picked":"Melter","floor":4.0},{"not_picked":["Turbo","Darkness"],"picked":"Capacitor","floor":10.0},{"not_picked":["Glacier","FTL"],"picked":"Thunder Strike","floor":10.0},{"not_picked":["Ball Lightning","Rebound"],"picked":"Conserve Battery","floor":13.0},{"not_picked":["Hyperbeam","Thunder Strike"],"picked":"Echo Form+1","floor":16.0},{"not_picked":["Compile Driver","Aggregate"],"picked":"Force Field","floor":18.0},{"not_picked":["Rebound","Gash"],"picked":"Redo","floor":18.0},{"not_picked":["Gash+1","Sweeping Beam"],"picked":"Ball Lightning","floor":19.0},{"not_picked":["Rebound","Sweeping Beam"],"picked":"Conserve Battery","floor":19.0},{"not_picked":["Recycle","Consume","BootSequence"],"picked":"Electrodynamics+1","floor":27.0},{"not_picked":["Gash","Barrage","Aggregate","Stack+1"],"picked":"SKIP","floor":27.0},{"not_picked":["Chaos","Steam Power","Redo"],"picked":"Hologram+1","floor":29.0},{"not_picked":["Beam Cell","Lockon","Stack","Tempest"],"picked":"SKIP","floor":29.0},{"not_picked":["Gash+1","Coolheaded","Beam Cell"],"picked":"Force Field","floor":30.0},{"not_picked":["Genetic Algorithm+1","Rebound+1","Beam Cell"],"picked":"Conserve Battery","floor":31.0},{"not_picked":["Turbo","Sweeping Beam+1","Genetic Algorithm"],"picked":"Rainbow","floor":31.0},{"not_picked":["Hyperbeam","Meteor Strike","Seek"],"picked":"Echo Form+1","floor":33.0},{"not_picked":["Recycle+1","Sweeping Beam","Redo"],"picked":"Defragment+1","floor":35.0},{"not_picked":["Scrape+1","Ball Lightning+1","Steam+1","Cold Snap"],"picked":"SKIP","floor":35.0},{"not_picked":["Ball Lightning+1","Doom and Gloom+1","Cold Snap"],"picked":"Leap+1","floor":37.0},{"not_picked":["Barrage+1","Compile Driver","White Noise","Streamline+1"],"picked":"SKIP","floor":37.0},{"not_picked":["Capacitor+1","Turbo+1","Gash+1"],"picked":"Storm+1","floor":39},{"not_picked":["Ball Lightning+1","Steam","Beam Cell+1","Doom and Gloom"],"picked":"SKIP","floor":39},{"not_picked":["Hologram","Cold Snap","Melter"],"picked":"Conserve Battery+1","floor":41},{"not_picked":["Recycle","Gash+1","Steam+1","Rebound"],"picked":"SKIP","floor":41},{"not_picked":["Conserve Battery","Streamline","Compile Driver"],"picked":"Coolheaded+1","floor":44},{"not_picked":["Reinforced Body","BootSequence+1","Sweeping Beam"],"picked":"Hologram+1","floor":47},{"not_picked":["Steam Power","Conserve Battery+1","Seek","Cold Snap"],"picked":"SKIP","floor":47},{"not_picked":["Static Discharge+1","Cold Snap","Turbo"],"picked":"Defragment+1","floor":48},{"not_picked":["Rebound+1","Coolheaded","Static Discharge+1","Beam Cell+1"],"picked":"SKIP","floor":48}],"player_experience":520958,"relics_obtained":[{"floor":9.0,"key":"Ginger"},{"floor":11.0,"key":"Frozen Egg 2"},{"floor":13.0,"key":"Dead Branch"},{"floor":20.0,"key":"Dodecahedron"},{"floor":26.0,"key":"Unceasing Top"},{"floor":30.0,"key":"Bottled Tornado"},{"floor":43,"key":"Mercury Hourglass"},{"floor":44,"key":"Juzu Bracelet"}],"event_choices":[{"damage_healed":0.0,"max_hp_gain":0.0,"max_hp_loss":0.0,"gold_gain":0.0,"event_name":"Scrap Ooze","player_choice":"Success","floor":7.0,"gold_loss":0.0,"damage_taken":7.0,"relics_obtained":["Prayer Wheel"]},{"damage_healed":0.0,"max_hp_gain":0.0,"max_hp_loss":0.0,"gold_gain":0.0,"event_name":"Living Wall","player_choice":"Grow","floor":8.0,"gold_loss":0.0,"damage_taken":0.0,"cards_upgraded":["White Noise"]},{"damage_healed":0.0,"max_hp_gain":0.0,"max_hp_loss":0.0,"gold_gain":0.0,"event_name":"Upgrade Shrine","player_choice":"Upgraded","floor":14.0,"gold_loss":0.0,"damage_taken":0.0,"cards_upgraded":["Thunder Strike"]},{"damage_healed":0.0,"max_hp_gain":0.0,"max_hp_loss":0.0,"gold_gain":0.0,"event_name":"Addict","player_choice":"Obtained Relic","floor":21.0,"gold_loss":85.0,"damage_taken":0.0,"relics_obtained":["Question Card"]},{"damage_healed":0.0,"max_hp_gain":0.0,"max_hp_loss":0.0,"gold_gain":0.0,"cards_transformed":["Strike_B"],"event_name":"Transmorgrifier","player_choice":"Transformed","floor":24.0,"gold_loss":0.0,"damage_taken":0.0,"cards_obtained":["Meteor Strike"]},{"damage_healed":0.0,"max_hp_gain":0.0,"max_hp_loss":0.0,"gold_gain":0.0,"event_name":"FaceTrader","player_choice":"Trade","floor":36.0,"gold_loss":0.0,"damage_taken":0.0,"relics_obtained":["FaceOfCleric"]}],"is_beta":false,"boss_relics":[{"not_picked":["Black Star","Runic Pyramid"],"picked":"Velvet Choker"},{"not_picked":["Empty Cage","Inserter"],"picked":"Snecko Eye"}],"items_purged_floors":[38,42,45],"is_endless":false,"potions_floor_spawned":[3,4,18,27,33,35,44,47,48],"ascension_level":9}