{"gold_per_floor":[111,111,122,135,135,135,175,233,259,259,283,303,8,23,23,23],"floor_reached":16,"playtime":1468,"items_purged":[],"score":102,"play_id":"45eb4af6-98bf-448f-a4bf-bd52d2e07864","local_time":"20190123211711","is_ascension_mode":false,"campfire_choices":[{"floor":6,"key":"REST"},{"floor":15,"key":"REST"}],"neow_cost":"NONE","seed_source_timestamp":1223949342541128,"circlet_count":0,"master_deck":["Defend_G","Defend_G","Defend_G","Defend_G","Strike_G","Strike_G","Strike_G","Strike_G","Strike_G","Survivor","Neutralize","Outmaneuver","Dash+1","Dodge and Roll","Tactician","Quick Slash","Infinite Blades","Distraction+1","Dodge and Roll+1"],"relics":["Ring of the Snake","Golden Idol","Bag of Preparation","Bag of Marbles","Toxic Egg 2"],"potions_floor_usage":[],"damage_taken":[{"damage":0,"enemies":"Cultist","floor":1,"turns":4},{"damage":9,"enemies":"Jaw Worm","floor":3,"turns":6},{"damage":0,"enemies":"Small Slimes","floor":4,"turns":4},{"damage":36,"enemies":"3 Sentries","floor":7,"turns":18},{"damage":1,"enemies":"Blue Slaver","floor":11,"turns":4},{"damage":0,"enemies":"3 Louse","floor":12,"turns":4},{"damage":0,"enemies":"Exordium Wildlife","floor":14,"turns":3},{"damage":61,"enemies":"Hexaghost","floor":16,"turns":16}],"seed_played":"-7739791936403794143","potions_obtained":[{"floor":3,"key":"AttackPotion"},{"floor":4,"key":"Swift Potion"},{"floor":7,"key":"Poison Potion"},{"floor":12,"key":"PowerPotion"}],"is_trial":false,"path_per_floor":["M","?","M","M","?","R","E","?","T","?","M","M","$","M","R","B"],"character_chosen":"THE_SILENT","items_purchased":["Toxic Egg 2","Distraction+1"],"campfire_rested":2,"item_purchase_floors":[13,13],"current_hp_per_floor":[77,77,68,68,49,72,36,36,36,36,35,35,35,35,58,0],"gold":23,"neow_bonus":"TEN_PERCENT_HP_BONUS","is_prod":false,"is_daily":false,"chose_seed":false,"campfire_upgraded":0,"win_rate":0.0,"timestamp":1548285431,"path_taken":["M","?","?","M","?","R","E","?","T","?","M","M","?","M","R","BOSS"],"build_version":"2019-01-23","purchased_purges":0,"victory":false,"max_hp_per_floor":[77,77,77,77,77,77,77,77,77,77,77,77,77,77,77,77],"card_choices":[{"not_picked":["Sucker Punch","All Out Attack"],"picked":"Outmaneuver","floor":1},{"not_picked":["Slice","Acrobatics"],"picked":"Dash","floor":3},{"not_picked":["Outmaneuver","Slice"],"picked":"Dodge and Roll","floor":4},{"not_picked":["Acrobatics","Slice"],"picked":"Tactician","floor":7},{"not_picked":["Expertise","Underhanded Strike"],"picked":"Quick Slash","floor":11},{"not_picked":["Reflex","Deadly Poison"],"picked":"Infinite Blades","floor":12},{"not_picked":["PiercingWail+1","Outmaneuver+1"],"picked":"Dodge and Roll+1","floor":14}],"player_experience":3610,"relics_obtained":[{"floor":7,"key":"Bag of Preparation"},{"floor":9,"key":"Bag of Marbles"}],"event_choices":[{"cards_removed":["Defend_G"],"damage_healed":0,"gold_gain":0,"player_choice":"Offered Basic","damage_taken":0,"max_hp_gain":0,"max_hp_loss":0,"event_name":"Bonfire Elementals","floor":2,"gold_loss":0},{"damage_healed":0,"gold_gain":0,"player_choice":"Take Damage","damage_taken":19,"relics_obtained":["Golden Idol"],"max_hp_gain":0,"max_hp_loss":0,"event_name":"Golden Idol","floor":5,"gold_loss":0},{"damage_healed":0,"gold_gain":58,"player_choice":"Gained Gold","damage_taken":0,"max_hp_gain":0,"max_hp_loss":0,"event_name":"Golden Wing","floor":8,"gold_loss":0},{"damage_healed":0,"gold_gain":0,"player_choice":"Grow","damage_taken":0,"max_hp_gain":0,"max_hp_loss":0,"event_name":"Living Wall","floor":10,"gold_loss":0,"cards_upgraded":["Dash"]}],"is_beta":false,"boss_relics":[],"items_purged_floors":[],"is_endless":false,"potions_floor_spawned":[3,4,7,12],"killed_by":"Hexaghost","ascension_level":0}