{"gold_per_floor":[118,118,137,102,120,135,135,164,219,233,233],"floor_reached":11,"playtime":869,"items_purged":[],"score":143,"play_id":"d5e232e2-2399-4236-aee6-5605eeab06ed","local_time":"20190128211445","is_ascension_mode":true,"campfire_choices":[{"data":"Bash","floor":7,"key":"SMITH"}],"neow_cost":"NONE","seed_source_timestamp":544352537487661,"circlet_count":0,"master_deck":["AscendersBane","Strike_R+1","Strike_R","Strike_R+1","Strike_R","Defend_R","Defend_R","Defend_R","Defend_R","Bash+1","Headbutt","Wild Strike","Clothesline","Disarm"],"relics":["Burning Blood","Omamori","Whetstone","Tiny Chest"],"potions_floor_usage":[6,11],"damage_taken":[{"damage":16,"enemies":"Jaw Worm","floor":1,"turns":5},{"damage":2,"enemies":"2 Louse","floor":3,"turns":3},{"damage":1,"enemies":"Cultist","floor":5,"turns":3},{"damage":24,"enemies":"Exordium Thugs","floor":6,"turns":6},{"damage":30,"enemies":"Lagavulin","floor":8,"turns":6},{"damage":14,"enemies":"Blue Slaver","floor":10,"turns":4},{"damage":44,"enemies":"Gremlin Nob","floor":11,"turns":4}],"seed_played":"4585336313539902536","potions_obtained":[{"floor":3,"key":"SkillPotion"},{"floor":5,"key":"Swift Potion"},{"floor":8,"key":"SpeedPotion"}],"is_trial":false,"path_per_floor":["M","?","M","?","M","M","R","E","T","M","E"],"character_chosen":"IRONCLAD","items_purchased":[],"campfire_rested":0,"item_purchase_floors":[],"current_hp_per_floor":[58,47,51,69,74,56,56,32,32,24,0],"gold":233,"neow_bonus":"REMOVE_CARD","is_prod":false,"is_daily":false,"chose_seed":false,"campfire_upgraded":1,"win_rate":0,"timestamp":1548706485,"path_taken":["M","?","M","?","M","M","R","E","T","M","E"],"build_version":"2019-01-23","purchased_purges":0,"victory":false,"max_hp_per_floor":[75,75,75,75,75,75,75,75,75,75,75],"card_choices":[{"not_picked":["Body Slam","Heavy Blade"],"picked":"Headbutt","floor":1},{"not_picked":["Evolve","Body Slam","Heavy Blade"],"picked":"SKIP","floor":3},{"not_picked":["Clash","Cleave"],"picked":"Wild Strike","floor":5},{"not_picked":["Shockwave","Twin Strike","Sword Boomerang"],"picked":"SKIP","floor":6},{"not_picked":["Thunderclap","Entrench"],"picked":"Clothesline","floor":8},{"not_picked":["Barricade","Reckless Charge"],"picked":"Disarm","floor":10}],"player_experience":1049577,"relics_obtained":[{"floor":8,"key":"Whetstone"},{"floor":9,"key":"Tiny Chest"}],"event_choices":[{"damage_healed":0,"gold_gain":0,"player_choice":"Success","damage_taken":11,"relics_obtained":["Omamori"],"max_hp_gain":0,"max_hp_loss":0,"event_name":"Scrap Ooze","floor":2,"gold_loss":0},{"damage_healed":18,"gold_gain":0,"player_choice":"Healed","damage_taken":0,"max_hp_gain":0,"max_hp_loss":0,"event_name":"The Cleric","floor":4,"gold_loss":35}],"is_beta":false,"boss_relics":[],"items_purged_floors":[],"is_endless":false,"potions_floor_spawned":[3,5,8],"killed_by":"Gremlin Nob","ascension_level":18}