{"gold_per_floor":[111,111,130,60,72,72,102,33,33,8,23,40,40,51,51,147,147,133,151,151,151,165,228,228,244,244,244,262,262,4,4,4,4],"floor_reached":33,"playtime":1152,"items_purged":[],"score":267,"play_id":"fb799b58-ea91-4dfd-ae7d-79f52f0137fb","local_time":"20190203042413","is_ascension_mode":false,"campfire_choices":[{"data":"Uppercut","floor":6,"key":"SMITH"},{"data":"Clothesline","floor":13,"key":"SMITH"},{"data":"Shockwave","floor":15,"key":"SMITH"},{"data":"Flame Barrier","floor":24,"key":"SMITH"},{"floor":27,"key":"REST"},{"floor":32,"key":"REST"}],"neow_cost":"NONE","seed_source_timestamp":525623284203627,"circlet_count":0,"master_deck":["Strike_R","Strike_R","Strike_R","Strike_R","Defend_R","Defend_R","Defend_R","Defend_R","Bash","Cleave","Heavy Blade","Heavy Blade","Uppercut+1","Shrug It Off","Pommel Strike","Flame Barrier+1","Shrug It Off","Flame Barrier","Clothesline+1","Shockwave+1","Limit Break","Heavy Blade+1","Iron Wave"],"relics":["Burning Blood","Dream Catcher","Matryoshka","Bronze Scales","Gremlin Horn","Runic Pyramid","GremlinMask","Tiny Chest","Juzu Bracelet","Ornamental Fan","Meat on the Bone"],"potions_floor_usage":[16,23,33,33],"damage_taken":[{"damage":6,"enemies":"2 Louse","floor":1,"turns":3},{"damage":6,"enemies":"Cultist","floor":3,"turns":3},{"damage":6,"enemies":"Jaw Worm","floor":5,"turns":2},{"damage":18,"enemies":"Gremlin Nob","floor":7,"turns":4},{"damage":3,"enemies":"Lots of Slimes","floor":11,"turns":2},{"damage":7,"enemies":"Exordium Wildlife","floor":12,"turns":4},{"damage":7,"enemies":"Looter","floor":14,"turns":2},{"damage":60,"enemies":"Hexaghost","floor":16,"turns":11},{"damage":21,"enemies":"2 Thieves","floor":18,"turns":5},{"damage":24,"enemies":"Spheric Guardian","floor":19,"turns":5},{"damage":10,"enemies":"Snecko","floor":22,"turns":6},{"damage":42,"enemies":"Slavers","floor":23,"turns":5},{"damage":20,"enemies":"Snake Plant","floor":25,"turns":5},{"damage":39,"enemies":"Sentry and Sphere","floor":28,"turns":8},{"damage":40,"enemies":"Automaton","floor":33,"turns":4}],"seed_played":"-7748559988902462614","potions_obtained":[{"floor":11,"key":"Weak Potion"},{"floor":12,"key":"SkillPotion"},{"floor":14,"key":"Weak Potion"},{"floor":16,"key":"Swift Potion"},{"floor":19,"key":"Block Potion"},{"floor":23,"key":"Ancient Potion"}],"is_trial":false,"path_per_floor":["M","?","M","$","M","R","E","$","T","$","M","M","R","M","R","B",null,"M","M","?","?","M","E","R","M","T","R","M","?","$","?","R","B"],"character_chosen":"IRONCLAD","items_purchased":["Uppercut","Flame Barrier","Shrug It Off","Meat on the Bone"],"campfire_rested":2,"item_purchase_floors":[4,8,10,30],"current_hp_per_floor":[80,80,80,80,80,80,68,68,68,68,71,70,70,69,69,15,80,65,47,73,73,69,33,33,19,19,43,10,10,10,10,34,0],"gold":4,"neow_bonus":"RANDOM_COMMON_RELIC","is_prod":false,"is_daily":false,"chose_seed":false,"campfire_upgraded":4,"win_rate":0,"timestamp":1549185853,"path_taken":["M","?","M","$","M","R","E","?","T","$","?","?","R","M","R","BOSS","M","M","?","?","M","E","R","?","T","R","M","?","?","?","R","BOSS"],"build_version":"2019-01-23","purchased_purges":0,"victory":false,"max_hp_per_floor":[80,80,80,80,80,80,80,80,80,80,80,80,80,80,80,80,80,80,80,80,80,80,80,80,80,80,80,80,80,80,80,80,80],"card_choices":[{"not_picked":["Sever Soul","True Grit"],"picked":"Cleave","floor":1},{"not_picked":["Thunderclap","Clothesline"],"picked":"Heavy Blade","floor":3},{"not_picked":["Anger","Warcry"],"picked":"Shrug It Off","floor":5},{"not_picked":["Ghostly Armor","Pummel"],"picked":"Pommel Strike","floor":7},{"not_picked":["Searing Blow","Warcry"],"picked":"Flame Barrier","floor":11},{"not_picked":["Thunderclap","Seeing Red"],"picked":"Clothesline","floor":12},{"not_picked":["Armaments","Brutality"],"picked":"Shockwave","floor":14},{"not_picked":["Bludgeon","Fiend Fire"],"picked":"Limit Break","floor":16},{"not_picked":["Perfected Strike","Sentinel+1"],"picked":"Heavy Blade+1","floor":18},{"not_picked":["True Grit+1","Perfected Strike","Warcry"],"picked":"SKIP","floor":19},{"not_picked":["Clothesline","Feel No Pain","Anger"],"picked":"SKIP","floor":22},{"not_picked":["Shrug It Off","Intimidate","Sword Boomerang"],"picked":"SKIP","floor":23},{"not_picked":["Feel No Pain+1","Shrug It Off"],"picked":"Iron Wave","floor":25},{"not_picked":["Shrug It Off","Pummel","Burning Pact"],"picked":"SKIP","floor":28}],"player_experience":47770,"relics_obtained":[{"floor":7,"key":"Matryoshka"},{"floor":9,"key":"Bronze Scales"},{"floor":9,"key":"Gremlin Horn"},{"floor":23,"key":"Tiny Chest"},{"floor":26,"key":"Juzu Bracelet"},{"floor":26,"key":"Ornamental Fan"}],"event_choices":[{"damage_healed":0,"gold_gain":0,"cards_transformed":["Strike_R"],"player_choice":"Transformed","damage_taken":0,"max_hp_gain":0,"max_hp_loss":0,"event_name":"Transmorgrifier","floor":2,"gold_loss":0,"cards_obtained":["Heavy Blade"]},{"damage_healed":26,"gold_gain":0,"player_choice":"Heal","damage_taken":0,"max_hp_gain":0,"max_hp_loss":0,"event_name":"The Library","floor":20,"gold_loss":0},{"damage_healed":0,"gold_gain":0,"player_choice":"Trade","damage_taken":0,"relics_obtained":["GremlinMask"],"max_hp_gain":0,"max_hp_loss":0,"event_name":"FaceTrader","floor":21,"gold_loss":0},{"damage_healed":0,"gold_gain":0,"player_choice":"Ignored","damage_taken":0,"max_hp_gain":0,"max_hp_loss":0,"event_name":"NoteForYourself","floor":29,"gold_loss":0},{"damage_healed":0,"gold_gain":0,"player_choice":"Ignored","damage_taken":0,"max_hp_gain":0,"max_hp_loss":0,"event_name":"N\u0027loth","floor":31,"gold_loss":0}],"is_beta":false,"boss_relics":[{"not_picked":["Pandora\u0027s Box","Ectoplasm"],"picked":"Runic Pyramid"}],"items_purged_floors":[],"is_endless":false,"potions_floor_spawned":[11,12,14,16,19,23,28],"killed_by":"Automaton","ascension_level":0}