{"gold_per_floor":[109,109,109,127,143,143,143,178,225,241,241,241,258,273,273,273],"floor_reached":16,"playtime":905,"items_purged":[],"score":122,"play_id":"a51d2e16-ba32-4bf3-bf9b-f5d65638e3c7","local_time":"20190201172910","is_ascension_mode":true,"campfire_choices":[{"data":"Footwork","floor":6,"key":"SMITH"},{"floor":11,"key":"REST"},{"data":"Sucker Punch","floor":15,"key":"SMITH"}],"neow_cost":"NONE","seed_source_timestamp":16800248120967,"circlet_count":0,"master_deck":["Defend_G","Defend_G","Defend_G","Defend_G","Defend_G","Strike_G","Strike_G+1","Strike_G","Strike_G","Strike_G","Survivor","Neutralize+1","Footwork+1","Dagger Spray","Sucker Punch+1","Regret","Grand Finale","Distraction","Expertise","Tactician"],"relics":["Ring of the Snake","Vajra","Anchor","Regal Pillow","Dream Catcher","Bronze Scales"],"potions_floor_usage":[],"damage_taken":[{"damage":0,"enemies":"Small Slimes","floor":1,"turns":3},{"damage":0,"enemies":"2 Louse","floor":4,"turns":2},{"damage":0,"enemies":"Cultist","floor":5,"turns":3},{"damage":35,"enemies":"3 Sentries","floor":8,"turns":13},{"damage":2,"enemies":"Looter","floor":10,"turns":4},{"damage":2,"enemies":"Blue Slaver","floor":13,"turns":3},{"damage":3,"enemies":"Exordium Wildlife","floor":14,"turns":2},{"damage":54,"enemies":"Hexaghost","floor":16,"turns":16}],"seed_played":"4021525230523952271","potions_obtained":[{"floor":4,"key":"Energy Potion"},{"floor":8,"key":"SpeedPotion"},{"floor":10,"key":"SpeedPotion"}],"is_trial":false,"path_per_floor":["M","?","?","M","M","R","?","E","T","M","R","?","M","M","R","B"],"character_chosen":"THE_SILENT","items_purchased":[],"campfire_rested":1,"item_purchase_floors":[],"current_hp_per_floor":[77,70,55,55,55,55,55,20,20,18,56,56,54,51,51,0],"gold":273,"neow_bonus":"TEN_PERCENT_HP_BONUS","is_prod":false,"is_daily":false,"chose_seed":false,"campfire_upgraded":2,"win_rate":0,"timestamp":1549038550,"path_taken":["M","?","?","M","M","R","?","E","T","M","R","?","M","M","R","BOSS"],"build_version":"2019-01-23","purchased_purges":0,"victory":false,"max_hp_per_floor":[77,77,77,77,77,77,77,77,77,77,77,77,77,77,77,77],"card_choices":[{"not_picked":["Underhanded Strike","Flying Knee"],"picked":"Footwork","floor":1},{"not_picked":["Flying Knee","Accuracy"],"picked":"Dagger Spray","floor":4},{"not_picked":["Quick Slash","Outmaneuver"],"picked":"Sucker Punch","floor":5},{"not_picked":["Poisoned Stab","Slice"],"picked":"Grand Finale","floor":8},{"not_picked":["Deadly Poison","Blade Dance","Bouncing Flask"],"picked":"SKIP","floor":10},{"not_picked":["Eviscerate","Dagger Throw"],"picked":"Distraction","floor":11},{"not_picked":["Dagger Throw","Footwork"],"picked":"Expertise","floor":13},{"not_picked":["Poisoned Stab","Outmaneuver"],"picked":"Tactician","floor":14}],"player_experience":490976,"relics_obtained":[{"floor":8,"key":"Regal Pillow"},{"floor":9,"key":"Dream Catcher"}],"event_choices":[{"damage_healed":0,"gold_gain":0,"player_choice":"Success","damage_taken":7,"relics_obtained":["Vajra"],"max_hp_gain":0,"max_hp_loss":0,"event_name":"Scrap Ooze","floor":2,"gold_loss":0},{"damage_healed":0,"gold_gain":0,"player_choice":"Entered Light","damage_taken":15,"max_hp_gain":0,"max_hp_loss":0,"event_name":"Shining Light","floor":3,"gold_loss":0,"cards_upgraded":["Neutralize","Strike_G"]},{"damage_healed":0,"gold_gain":0,"player_choice":"Box","damage_taken":0,"relics_obtained":["Anchor"],"max_hp_gain":0,"max_hp_loss":0,"event_name":"Big Fish","floor":7,"gold_loss":0,"cards_obtained":["Regret"]},{"damage_healed":0,"gold_gain":0,"player_choice":"Searched \u00272\u0027 times","damage_taken":0,"relics_obtained":["Bronze Scales"],"max_hp_gain":0,"max_hp_loss":0,"event_name":"Dead Adventurer","floor":12,"gold_loss":0}],"is_beta":false,"boss_relics":[],"items_purged_floors":[],"is_endless":false,"potions_floor_spawned":[4,8,10],"killed_by":"Hexaghost","ascension_level":4}