{"gold_per_floor":[117,67,87,107,107,107,141,141,141,151,184,184,36,54,54,154,154,174,174,188,188,198,198,225,19,42,57,57,67,67,93,93,93],"floor_reached":33,"playtime":919,"items_purged":["Defend_R"],"score":395,"play_id":"5f3d4cee-b01d-4623-8f69-702ceef95755","local_time":"20190117153208","is_ascension_mode":false,"campfire_choices":[{"data":"Bash","floor":6.0,"key":"SMITH"},{"data":"Uppercut","floor":8.0,"key":"SMITH"},{"data":"Fire Breathing","floor":15.0,"key":"SMITH"},{"data":"Dark Embrace","floor":23.0,"key":"SMITH"},{"data":"Pommel Strike","floor":28,"key":"SMITH"},{"data":"Rage","floor":30,"key":"SMITH"},{"data":"Pummel","floor":32,"key":"SMITH"}],"neow_cost":"NONE","seed_source_timestamp":166710083457198,"circlet_count":0,"master_deck":["Strike_R+1","Strike_R+1","Strike_R+1","Strike_R+1","Strike_R+1","Defend_R+1","Defend_R+1","Bash+1","Fire Breathing+1","Iron Wave","Battle Trance","Uppercut+1","Wild Strike","Pummel+1","Dark Embrace+1","Headbutt","Cleave+1","Pommel Strike+1","Rage+1","Pommel Strike"],"special_seed":0,"relics":["Coffee Dripper","Dead Branch","Gremlin Horn","Sundial","Red Skull","Runic Dome","Regal Pillow","Medical Kit","Vajra","Anchor"],"potions_floor_usage":[],"damage_taken":[{"damage":1.0,"enemies":"Cultist","floor":1.0,"turns":3.0},{"damage":8.0,"enemies":"2 Louse","floor":3.0,"turns":2.0},{"damage":2.0,"enemies":"Small Slimes","floor":4.0,"turns":3.0},{"damage":6.0,"enemies":"Gremlin Nob","floor":7.0,"turns":3.0},{"damage":9.0,"enemies":"Blue Slaver","floor":10.0,"turns":3.0},{"damage":13.0,"enemies":"3 Sentries","floor":11.0,"turns":5.0},{"damage":0.0,"enemies":"2 Fungi Beasts","floor":14.0,"turns":2.0},{"damage":37.0,"enemies":"The Guardian","floor":16.0,"turns":6.0},{"damage":8.0,"enemies":"3 Byrds","floor":18.0,"turns":4.0},{"damage":0.0,"enemies":"Spheric Guardian","floor":20.0,"turns":3.0},{"damage":8.0,"enemies":"Centurion and Healer","floor":22.0,"turns":4.0},{"damage":25.0,"enemies":"Slavers","floor":24.0,"turns":3.0},{"damage":5,"enemies":"Chosen and Byrds","floor":27,"turns":3},{"damage":10,"enemies":"Cultist and Chosen","floor":29,"turns":2},{"damage":12,"enemies":"Book of Stabbing","floor":31,"turns":3},{"damage":14,"enemies":"Automaton","floor":33,"turns":2}],"seed_played":"-8310462227614447329","potions_obtained":[{"floor":1.0,"key":"Block Potion"},{"floor":4.0,"key":"Regen Potion"},{"floor":11.0,"key":"GamblersBrew"},{"floor":18.0,"key":"Explosive Potion"},{"floor":29,"key":"Energy Potion"},{"floor":31,"key":"EssenceOfSteel"}],"is_trial":false,"path_per_floor":["M","$","M","M","?","R","E","R","T","M","E","?","$","M","R","B",null,"M","?","M","?","M","R","E","$","T","M","R","M","R","E","R","B"],"character_chosen":"IRONCLAD","items_purchased":["Iron Wave","Regen Potion","Medical Kit"],"campfire_rested":0,"item_purchase_floors":[2,13,25],"current_hp_per_floor":[79,79,71,69,69,69,75,75,75,66,53,46,46,46,46,21,80,72,72,72,72,64,64,39,39,39,34,34,24,24,12,12,0],"gold":93,"neow_bonus":"BOSS_RELIC","is_prod":false,"is_daily":false,"chose_seed":false,"campfire_upgraded":7,"win_rate":0,"timestamp":1547735528,"path_taken":["M","$","?","M","?","R","E","R","T","?","E","?","$","M","R","BOSS","M","?","M","?","M","R","E","?","T","M","R","M","R","E","R","BOSS"],"build_version":"2019-01-10","purchased_purges":1,"victory":false,"max_hp_per_floor":[80,80,80,80,80,80,80,80,80,80,80,80,80,80,80,80,80,80,80,80,80,80,80,80,80,80,80,80,80,80,80,80,80],"card_choices":[{"not_picked":["Wild Strike","Hemokinesis"],"picked":"Fire Breathing","floor":1.0},{"not_picked":["Clash","Sword Boomerang","Fire Breathing"],"picked":"SKIP","floor":3.0},{"not_picked":["Whirlwind","Clothesline"],"picked":"Battle Trance","floor":4.0},{"not_picked":["Inflame","Pommel Strike"],"picked":"Uppercut","floor":7.0},{"not_picked":["Havoc","Spot Weakness"],"picked":"Wild Strike","floor":10.0},{"not_picked":["Carnage","Reaper"],"picked":"Pummel","floor":11.0},{"not_picked":["Shrug It Off","Sword Boomerang","Iron Wave"],"picked":"SKIP","floor":14.0},{"not_picked":["Offering","Demon Form"],"picked":"Dark Embrace","floor":16.0},{"not_picked":["Searing Blow","Entrench"],"picked":"Headbutt","floor":18.0},{"not_picked":["Flame Barrier","Heavy Blade+1","Iron Wave"],"picked":"SKIP","floor":20.0},{"not_picked":["Clash","True Grit","Seeing Red"],"picked":"SKIP","floor":22.0},{"not_picked":["Berserk","Headbutt+1"],"picked":"Cleave+1","floor":24.0},{"not_picked":["Combust","Sever Soul+1"],"picked":"Pommel Strike","floor":27},{"not_picked":["Anger","Clash"],"picked":"Rage","floor":29},{"not_picked":["Iron Wave","Headbutt"],"picked":"Pommel Strike","floor":31}],"player_experience":907038,"relics_obtained":[{"floor":7.0,"key":"Gremlin Horn"},{"floor":9.0,"key":"Sundial"},{"floor":11.0,"key":"Red Skull"},{"floor":24.0,"key":"Regal Pillow"},{"floor":26.0,"key":"Vajra"},{"floor":31,"key":"Anchor"}],"event_choices":[{"damage_healed":0.0,"max_hp_gain":0.0,"max_hp_loss":0.0,"gold_gain":0.0,"event_name":"WeMeetAgain","player_choice":"Gave Potion","floor":5.0,"gold_loss":0.0,"damage_taken":0.0,"relics_obtained":["Dead Branch"]},{"cards_removed":["Defend_R"],"damage_healed":0.0,"max_hp_gain":0.0,"max_hp_loss":0.0,"gold_gain":0.0,"event_name":"Golden Wing","player_choice":"Card Removal","floor":12.0,"gold_loss":0.0,"damage_taken":7.0},{"damage_healed":0.0,"max_hp_gain":0.0,"max_hp_loss":0.0,"gold_gain":0.0,"event_name":"Back to Basics","player_choice":"Simplicity","floor":19.0,"gold_loss":0.0,"damage_taken":0.0,"cards_upgraded":["Strike_R","Strike_R","Strike_R","Strike_R","Strike_R","Defend_R","Defend_R"]},{"damage_healed":0.0,"max_hp_gain":0.0,"max_hp_loss":0.0,"gold_gain":0.0,"event_name":"The Mausoleum","player_choice":"Ignored","floor":21.0,"gold_loss":0.0,"damage_taken":0.0}],"is_beta":false,"boss_relics":[{"not_picked":["Pandora\u0027s Box","Calling Bell"],"picked":"Runic Dome"}],"items_purged_floors":[13],"is_endless":false,"potions_floor_spawned":[1,4,11,18,29,31],"killed_by":"Automaton","ascension_level":0}