{"gold_per_floor":[14,32,32,32,32,58,58,77,104,130,55,55,66,66],"floor_reached":14,"playtime":850,"items_purged":["Defend_B"],"score":103,"play_id":"2b097d2b-03e4-42e1-9658-0a9b03e359b9","local_time":"20190203132616","is_ascension_mode":true,"campfire_choices":[{"floor":12,"key":"RECALL"}],"neow_cost":"NO_GOLD","seed_source_timestamp":20930464747236,"circlet_count":0,"master_deck":["Strike_B","Defend_B","Defend_B","Zap","Dualcast","Cold Snap","Streamline","Hello World","Ball Lightning","Cold Snap"],"relics":["Cracked Core","Juzu Bracelet","Bird Faced Urn","Dodecahedron"],"potions_floor_usage":[6],"damage_taken":[{"damage":0,"enemies":"Small Slimes","floor":1,"turns":3},{"damage":6,"enemies":"Jaw Worm","floor":2,"turns":3},{"damage":16,"enemies":"Lagavulin","floor":6,"turns":6},{"damage":0,"enemies":"Cultist","floor":8,"turns":3},{"damage":6,"enemies":"Gremlin Nob","floor":10,"turns":3},{"damage":15,"enemies":"Gremlin Gang","floor":13,"turns":4},{"damage":20,"enemies":"The Mushroom Lair","floor":14,"turns":2}],"seed_played":"798598717452052511","potions_obtained":[{"floor":2,"key":"Strength Potion"},{"floor":8,"key":"Dexterity Potion"},{"floor":10,"key":"SteroidPotion"},{"floor":13,"key":"FocusPotion"}],"is_trial":false,"path_per_floor":["M","M","?","?","?","E","?","M","T","E","$","R","M","?"],"character_chosen":"DEFECT","items_purchased":[],"campfire_rested":0,"item_purchase_floors":[],"current_hp_per_floor":[75,69,69,57,57,41,34,36,36,32,32,32,17,0],"gold":66,"neow_bonus":"REMOVE_TWO","is_prod":false,"is_daily":false,"chose_seed":false,"campfire_upgraded":0,"win_rate":0,"timestamp":1549196776,"path_taken":["M","M","?","?","?","E","?","M","T","E","$","R","M","?"],"build_version":"2019-01-23","purchased_purges":1,"victory":false,"max_hp_per_floor":[75,75,75,75,75,75,75,75,75,75,75,75,75,75],"card_choices":[{"not_picked":["Tempest","Streamline"],"picked":"Cold Snap","floor":1},{"not_picked":["Doom and Gloom","Tempest"],"picked":"Streamline","floor":2},{"not_picked":["Undo","Tempest"],"picked":"Hello World","floor":6},{"not_picked":["Chaos","Streamline"],"picked":"Ball Lightning","floor":8},{"not_picked":["Stack","Hello World"],"picked":"Cold Snap","floor":10},{"not_picked":["Rebound","Heatsinks","Beam Cell"],"picked":"SKIP","floor":13}],"player_experience":90070,"relics_obtained":[{"floor":6,"key":"Bird Faced Urn"},{"floor":10,"key":"Dodecahedron"}],"event_choices":[{"cards_removed":["Strike_B"],"damage_healed":0,"gold_gain":0,"player_choice":"Forget","damage_taken":0,"max_hp_gain":0,"max_hp_loss":0,"event_name":"Living Wall","floor":3,"gold_loss":0},{"damage_healed":0,"gold_gain":0,"player_choice":"Success","damage_taken":12,"relics_obtained":["Juzu Bracelet"],"max_hp_gain":0,"max_hp_loss":0,"event_name":"Scrap Ooze","floor":4,"gold_loss":0},{"damage_healed":0,"gold_gain":0,"player_choice":"Ignored","damage_taken":0,"max_hp_gain":0,"max_hp_loss":0,"event_name":"Liars Game","floor":5,"gold_loss":0},{"cards_removed":["Defend_B"],"damage_healed":0,"gold_gain":0,"player_choice":"Card Removal","damage_taken":7,"max_hp_gain":0,"max_hp_loss":0,"event_name":"Golden Wing","floor":7,"gold_loss":0},{"damage_healed":0,"gold_gain":0,"player_choice":"Fought Mushrooms","damage_taken":0,"max_hp_gain":0,"max_hp_loss":0,"event_name":"Mushrooms","floor":14,"gold_loss":0}],"is_beta":false,"boss_relics":[],"items_purged_floors":[11],"is_endless":false,"potions_floor_spawned":[2,8,10,13],"killed_by":"The Mushroom Lair","ascension_level":1}