{"gold_per_floor":[368,387,43,56,71,105,105,121,170,182,194,241,253],"floor_reached":13,"playtime":854,"items_purged":["Normality"],"score":95,"play_id":"1307e397-5eb9-4cdf-967d-9f6854db3f2d","local_time":"20181022114440","is_ascension_mode":false,"campfire_choices":[{"data":"Tempest","floor":7,"key":"SMITH"},{"floor":11,"key":"REST"}],"neow_cost":"CURSE","seed_source_timestamp":755728319509916,"circlet_count":0,"master_deck":["Strike_B","Strike_B","Strike_B","Strike_B","Defend_B","Defend_B","Defend_B","Defend_B","Zap","Dualcast","Coolheaded","Hologram","Capacitor","Tempest+1","Melter","Loop","Loop","Doom and Gloom","Seek"],"relics":["Cracked Core","Chemical X","Dream Catcher","MawBank","Golden Idol","Sundial"],"potions_floor_usage":[13],"damage_taken":[{"damage":8,"enemies":"Jaw Worm","floor":1,"turns":4},{"damage":5,"enemies":"Small Slimes","floor":2,"turns":3},{"damage":10,"enemies":"2 Louse","floor":4,"turns":3},{"damage":4,"enemies":"Large Slime","floor":5,"turns":5},{"damage":32,"enemies":"Gremlin Nob","floor":6,"turns":4},{"damage":0,"enemies":"3 Louse","floor":8,"turns":3},{"damage":16,"enemies":"Lagavulin","floor":12,"turns":5},{"damage":25,"enemies":"The Mushroom Lair","floor":13,"turns":3}],"seed_played":"191776597992537088","potions_obtained":[{"floor":2,"key":"AttackPotion"},{"floor":8,"key":"GamblersBrew"},{"floor":12,"key":"GamblersBrew"}],"is_trial":false,"path_per_floor":["M","M","$","M","M","E","R","M","T","?","R","E"],"character_chosen":"DEFECT","items_purchased":["Capacitor","Chemical X"],"campfire_rested":1,"item_purchase_floors":[3,3],"current_hp_per_floor":[67,62,62,52,48,16,16,16,16,16,36,20,0],"gold":253,"neow_bonus":"TWO_FIFTY_GOLD","is_prod":false,"is_daily":false,"chose_seed":false,"campfire_upgraded":1,"win_rate":0.0,"timestamp":1540201480,"path_taken":["M","M","$","M","M","E","R","M","T","?","R","E","?"],"build_version":"2018-10-18","purchased_purges":1,"victory":false,"max_hp_per_floor":[75,75,75,75,75,75,75,75,75,69,69,69,69],"card_choices":[{"not_picked":["Steam","Gash"],"picked":"Coolheaded","floor":1},{"not_picked":["Fusion","Force Field"],"picked":"Hologram","floor":2},{"not_picked":["Storm","Hologram"],"picked":"Tempest","floor":4},{"not_picked":["BootSequence","Cold Snap"],"picked":"Melter","floor":5},{"not_picked":["Auto Shields","Chill"],"picked":"Loop","floor":6},{"not_picked":["Redo","Leap"],"picked":"Loop","floor":8},{"not_picked":["Aggregate","Go for the Eyes"],"picked":"Doom and Gloom","floor":11},{"not_picked":["FTL","Steam"],"picked":"Seek","floor":12}],"player_experience":222551,"relics_obtained":[{"floor":6,"key":"Dream Catcher"},{"floor":9,"key":"MawBank"},{"floor":12,"key":"Sundial"}],"event_choices":[{"damage_healed":0,"gold_gain":0,"player_choice":"Lose Max HP","damage_taken":0,"relics_obtained":["Golden Idol"],"max_hp_gain":0,"max_hp_loss":6,"event_name":"Golden Idol","floor":10,"gold_loss":0},{"damage_healed":0,"gold_gain":0,"player_choice":"Fought Mushrooms","damage_taken":0,"max_hp_gain":0,"max_hp_loss":0,"event_name":"Mushrooms","floor":13,"gold_loss":0}],"is_beta":false,"boss_relics":[],"items_purged_floors":[3],"is_endless":false,"potions_floor_spawned":[2,8,12],"killed_by":"The Mushroom Lair","ascension_level":0}