{"gold_per_floor":[116,116,116,116,41,41,75,75,75,350,369,389,401,419,419,514,514,532,532,544,308,308,308,334,347,347,122,157,157,177,177,177,278,278,292,303,303,79,90,90,138,138,138,64,95,95,95,111,111,111],"floor_reached":51,"playtime":988,"items_purged":["Regret","Regret","Writhe","Shame"],"score":764,"play_id":"33324f4e-6662-48d6-80ad-6220a95ac438","local_time":"20190201002111","is_ascension_mode":false,"campfire_choices":[{"data":"Bash","floor":6,"key":"SMITH"},{"data":"Spot Weakness","floor":8,"key":"SMITH"},{"data":"Heavy Blade","floor":15,"key":"SMITH"},{"data":"Limit Break","floor":23,"key":"SMITH"},{"floor":32,"key":"REST"},{"data":"Uppercut","floor":42,"key":"SMITH"},{"data":"True Grit","floor":46,"key":"SMITH"},{"floor":49,"key":"REST"}],"neow_cost":"NONE","seed_source_timestamp":10952766375234,"circlet_count":0,"master_deck":["Strike_R+1","Strike_R+1","Strike_R+1","Strike_R+1","Strike_R+1","Defend_R+1","Defend_R+1","Defend_R+1","Defend_R+1","Spot Weakness+1","Heavy Blade+1","Twin Strike","Limit Break+1","Whirlwind+1","True Grit+1","Armaments","Panacea","Infernal Blade+1","Exhume","Sword Boomerang","Havoc+1","Flex","Shrug It Off","Twin Strike+1","Shame","Sword Boomerang+1"],"relics":["Burning Blood","NeowsBlessing","Orichalcum","Torii","Ginger","Meat on the Bone","Runic Dome","MawBank","Membership Card","Art of War","Bronze Scales","Brimstone","PreservedInsect","Regal Pillow","Velvet Choker","Juzu Bracelet","Tiny Chest","Pocketwatch","Boot","Red Skull","Lantern"],"potions_floor_usage":[14,28,28,48,50,50],"damage_taken":[{"damage":0,"enemies":"Small Slimes","floor":1,"turns":1},{"damage":0,"enemies":"Gremlin Nob","floor":7,"turns":1},{"damage":0,"enemies":"Jaw Worm","floor":11,"turns":1},{"damage":0,"enemies":"Cultist","floor":12,"turns":3},{"damage":14,"enemies":"Large Slime","floor":13,"turns":5},{"damage":20,"enemies":"Exordium Wildlife","floor":14,"turns":5},{"damage":49,"enemies":"Slime Boss","floor":16,"turns":12},{"damage":14,"enemies":"Spheric Guardian","floor":18,"turns":4},{"damage":1,"enemies":"Chosen","floor":25,"turns":3},{"damage":12,"enemies":"Book of Stabbing","floor":28,"turns":3},{"damage":15,"enemies":"Snake Plant","floor":30,"turns":2},{"damage":24,"enemies":"Champ","floor":33,"turns":4},{"damage":1,"enemies":"Orb Walker","floor":35,"turns":2},{"damage":0,"enemies":"3 Shapes","floor":36,"turns":2},{"damage":22,"enemies":"Maw","floor":39,"turns":4},{"damage":35,"enemies":"2 Orb Walkers","floor":41,"turns":3},{"damage":1,"enemies":"Giant Head","floor":45,"turns":5},{"damage":41,"enemies":"Writhing Mass","floor":48,"turns":4},{"damage":53,"enemies":"Awakened One","floor":50,"turns":6}],"seed_played":"-1680068340616685276","potions_obtained":[{"floor":7,"key":"Poison Potion"},{"floor":11,"key":"LiquidBronze"},{"floor":16,"key":"GamblersBrew"},{"floor":25,"key":"Energy Potion"},{"floor":35,"key":"GamblersBrew"},{"floor":36,"key":"BloodPotion"},{"floor":41,"key":"AttackPotion"}],"is_trial":false,"path_per_floor":["M","?","$","?","$","R","E","R","T","?","M","M","M","M","R","B",null,"M","?","?","$","?","R","T","M","T","$","E","?","M","?","R","B",null,"M","M","?","$","M","?","?","R","T","$","E","R","?","M","R","B",null],"character_chosen":"IRONCLAD","items_purchased":["Membership Card","Brimstone","Uppercut","Panacea","Juzu Bracelet","Tiny Chest","Flex","Red Skull"],"campfire_rested":2,"item_purchase_floors":[21,27,27,27,38,38,38,44],"current_hp_per_floor":[80,77,77,77,77,77,80,80,80,80,80,80,72,58,58,27,80,72,72,72,72,57,57,57,62,62,62,56,56,59,59,85,67,85,85,85,85,85,69,69,52,52,52,52,57,57,57,42,82,47],"gold":111,"neow_bonus":"THREE_ENEMY_KILL","is_prod":false,"is_daily":false,"chose_seed":false,"campfire_upgraded":6,"win_rate":0,"timestamp":1549002071,"path_taken":["M","?","$","?","$","R","E","R","T","?","M","?","M","M","R","BOSS","M","?","?","?","?","R","?","?","T","$","E","?","M","?","R","BOSS","M","M","?","$","M","?","?","R","T","$","E","R","?","M","R","BOSS"],"build_version":"2019-01-23","purchased_purges":4,"victory":true,"max_hp_per_floor":[80,80,80,80,80,80,80,80,80,80,80,80,80,80,80,80,80,80,80,80,80,85,85,85,85,85,85,85,85,85,85,85,85,85,85,85,85,85,85,85,85,85,85,85,85,85,85,85,85,85],"card_choices":[{"not_picked":["Sword Boomerang","Blood for Blood","Anger"],"picked":"SKIP","floor":1},{"not_picked":["Carnage","Pommel Strike"],"picked":"Spot Weakness","floor":7},{"not_picked":["Twin Strike","Clothesline"],"picked":"Heavy Blade","floor":11},{"not_picked":["Reckless Charge","Sentinel","Dropkick"],"picked":"SKIP","floor":12},{"not_picked":["Warcry","Perfected Strike"],"picked":"Twin Strike","floor":13},{"not_picked":["Cleave","Clash","Entrench"],"picked":"SKIP","floor":14},{"not_picked":["Fiend Fire","Dark Embrace"],"picked":"Limit Break","floor":16},{"not_picked":["Second Wind","Carnage"],"picked":"Whirlwind+1","floor":18},{"not_picked":["Iron Wave","Wild Strike"],"picked":"Armaments","floor":25},{"not_picked":["Havoc","Pommel Strike+1"],"picked":"Infernal Blade+1","floor":28},{"not_picked":["Second Wind+1","Clash+1","Warcry+1"],"picked":"SKIP","floor":30},{"not_picked":["Demon Form","Berserk"],"picked":"Exhume","floor":33},{"not_picked":["Armaments","Clash+1"],"picked":"Sword Boomerang","floor":35},{"not_picked":["Havoc+1","Body Slam+1","Cleave"],"picked":"SKIP","floor":36},{"not_picked":["Body Slam+1","Cleave"],"picked":"Havoc+1","floor":36},{"not_picked":["Shrug It Off","Infernal Blade","Pommel Strike"],"picked":"SKIP","floor":39},{"not_picked":["Infernal Blade","Pommel Strike"],"picked":"Shrug It Off","floor":39},{"not_picked":["Body Slam+1","Warcry+1"],"picked":"Twin Strike+1","floor":41},{"not_picked":["Havoc","Iron Wave","Body Slam"],"picked":"SKIP","floor":45},{"not_picked":["Inflame","Sever Soul"],"picked":"Sword Boomerang+1","floor":48}],"player_experience":688438,"relics_obtained":[{"floor":7,"key":"Ginger"},{"floor":9,"key":"Meat on the Bone"},{"floor":24,"key":"Art of War"},{"floor":26,"key":"Bronze Scales"},{"floor":28,"key":"PreservedInsect"},{"floor":41,"key":"Pocketwatch"},{"floor":43,"key":"Boot"},{"floor":45,"key":"Lantern"}],"event_choices":[{"damage_healed":0,"gold_gain":0,"player_choice":"Success","damage_taken":3,"relics_obtained":["Orichalcum"],"max_hp_gain":0,"max_hp_loss":0,"event_name":"Scrap Ooze","floor":2,"gold_loss":0},{"damage_healed":0,"gold_gain":0,"player_choice":"Box","damage_taken":0,"relics_obtained":["Torii"],"max_hp_gain":0,"max_hp_loss":0,"event_name":"Big Fish","floor":4,"gold_loss":0,"cards_obtained":["Regret"]},{"damage_healed":0,"gold_gain":275,"player_choice":"Desecrate","damage_taken":0,"max_hp_gain":0,"max_hp_loss":0,"event_name":"Golden Shrine","floor":10,"gold_loss":0,"cards_obtained":["Regret"]},{"damage_healed":0,"gold_gain":0,"player_choice":"Opened","damage_taken":0,"relics_obtained":["MawBank"],"max_hp_gain":0,"max_hp_loss":0,"event_name":"The Mausoleum","floor":19,"gold_loss":0,"cards_obtained":["Writhe"]},{"damage_healed":0,"gold_gain":0,"player_choice":"Read","damage_taken":0,"max_hp_gain":0,"max_hp_loss":0,"event_name":"The Library","floor":20,"gold_loss":0,"cards_obtained":["True Grit"]},{"damage_healed":0,"gold_gain":0,"player_choice":"Shed Blood","damage_taken":20,"max_hp_gain":5,"max_hp_loss":0,"event_name":"Forgotten Altar","floor":22,"gold_loss":0},{"damage_healed":0,"gold_gain":0,"player_choice":"Stole Relic","damage_taken":0,"relics_obtained":["Regal Pillow"],"max_hp_gain":0,"max_hp_loss":0,"event_name":"Addict","floor":29,"gold_loss":0,"cards_obtained":["Shame"]},{"damage_healed":0,"gold_gain":0,"player_choice":"Simplicity","damage_taken":0,"max_hp_gain":0,"max_hp_loss":0,"event_name":"Back to Basics","floor":31,"gold_loss":0,"cards_upgraded":["Strike_R","Strike_R","Strike_R","Strike_R","Strike_R","Defend_R","Defend_R","Defend_R","Defend_R"]},{"damage_healed":0,"gold_gain":0,"player_choice":"Ignored","damage_taken":0,"max_hp_gain":0,"max_hp_loss":0,"event_name":"Tomb of Lord Red Mask","floor":37,"gold_loss":0},{"cards_removed":["Bash"],"damage_healed":0,"gold_gain":0,"player_choice":"Removed Attack","damage_taken":0,"max_hp_gain":0,"max_hp_loss":0,"event_name":"Falling","floor":40,"gold_loss":0},{"damage_healed":0,"gold_gain":0,"player_choice":"Fight","damage_taken":0,"max_hp_gain":0,"max_hp_loss":0,"event_name":"Mysterious Sphere","floor":41,"gold_loss":0},{"cards_removed":["Uppercut"],"damage_healed":0,"gold_gain":0,"player_choice":"Took Card","damage_taken":0,"max_hp_gain":0,"max_hp_loss":0,"event_name":"NoteForYourself","floor":47,"gold_loss":0,"cards_obtained":["Shame"]}],"is_beta":false,"boss_relics":[{"not_picked":["Tiny House","Eternal Feather"],"picked":"Runic Dome"},{"not_picked":["White Beast Statue","Astrolabe"],"picked":"Velvet Choker"}],"items_purged_floors":[5,21,27,38],"is_endless":false,"potions_floor_spawned":[7,11,16,25,35,36,41],"ascension_level":0}