{"gold_per_floor":[128,140,169,197,284,296,342,370,382,394,419,444,456,478,490,607,619,644,39,39,39,49,49,79,79,105,159,159,59,71,87,87,182,232,247,247,266,266,285,285,303,303,380,412,424,424,443,152,152,152],"floor_reached":51,"playtime":8722,"items_purged":[],"score":724,"play_id":"36cf1201-78fa-4618-a0f5-dbfc24a7029a","local_time":"20190125231425","is_ascension_mode":false,"campfire_choices":[{"data":"Noxious Fumes","floor":6,"key":"SMITH"},{"floor":13,"key":"REST"},{"floor":15,"key":"REST"},{"data":"Backstab","floor":23,"key":"SMITH"},{"floor":25,"key":"REST"},{"data":"1","floor":28,"key":"LIFT"},{"data":"2","floor":32,"key":"LIFT"},{"floor":40,"key":"REST"},{"data":"3","floor":42,"key":"LIFT"},{"floor":46,"key":"REST"},{"data":"Discovery","floor":49,"key":"SMITH"}],"neow_cost":"NONE","seed_source_timestamp":1396524393557743,"circlet_count":0,"master_deck":["Defend_G+1","Defend_G","Defend_G","Defend_G","Defend_G","Strike_G","Strike_G","Strike_G","Strike_G","Strike_G","Survivor","Neutralize","Noxious Fumes+1","PiercingWail","Adrenaline","Finisher+1","Deadly Poison","Backstab+1","Infinite Blades","Adrenaline","PiercingWail","Quick Slash+1","Escape Plan","Dash+1","PiercingWail+1","Venomology","Escape Plan","Bane+1","Madness","Madness","Sucker Punch","Discovery+1","Poisoned Stab","Slice","Quick Slash","PiercingWail","Poisoned Stab+1","Infinite Blades"],"relics":["Ring of the Snake","MawBank","Bottled Lightning","Bottled Tornado","Question Card","Philosopher\u0027s Stone","Tiny Chest","Thread and Needle","Membership Card","MutagenicStrength","Girya","Orichalcum","Whetstone","Oddly Smooth Stone","Anchor","Tiny House","Sundial","Boot","Centennial Puzzle","Lee\u0027s Waffle","Bag of Preparation"],"potions_floor_usage":[7,8,33,33,33,39,39,45,47,47,50,50,50,50,50,50,50],"damage_taken":[{"damage":0,"enemies":"Small Slimes","floor":1,"turns":3},{"damage":0,"enemies":"Jaw Worm","floor":3,"turns":6},{"damage":1,"enemies":"2 Louse","floor":4,"turns":4},{"damage":2,"enemies":"3 Sentries","floor":7,"turns":7},{"damage":16,"enemies":"Exordium Thugs","floor":8,"turns":4},{"damage":0,"enemies":"Large Slime","floor":11,"turns":5},{"damage":3,"enemies":"Exordium Wildlife","floor":12,"turns":3},{"damage":4,"enemies":"Blue Slaver","floor":14,"turns":4},{"damage":44,"enemies":"The Guardian","floor":16,"turns":9},{"damage":0,"enemies":"Chosen","floor":18,"turns":4},{"damage":3,"enemies":"Spheric Guardian","floor":22,"turns":4},{"damage":16,"enemies":"Gremlin Leader","floor":24,"turns":6},{"damage":0,"enemies":"Snake Plant","floor":30,"turns":3},{"damage":1,"enemies":"Centurion and Healer","floor":31,"turns":4},{"damage":4,"enemies":"Collector","floor":33,"turns":6},{"damage":9,"enemies":"3 Shapes","floor":35,"turns":3},{"damage":3,"enemies":"Orb Walker","floor":37,"turns":3},{"damage":0,"enemies":"Sphere and 2 Shapes","floor":39,"turns":3},{"damage":3,"enemies":"Jaw Worm Horde","floor":41,"turns":4},{"damage":3,"enemies":"Giant Head","floor":44,"turns":7},{"damage":18,"enemies":"Writhing Mass","floor":45,"turns":5},{"damage":1,"enemies":"Transient","floor":47,"turns":5},{"damage":45,"enemies":"Awakened One","floor":50,"turns":10}],"seed_played":"-6614672433684422159","potions_obtained":[{"floor":3,"key":"Fire Potion"},{"floor":4,"key":"Poison Potion"},{"floor":16,"key":"Energy Potion"},{"floor":18,"key":"Weak Potion"},{"floor":24,"key":"SkillPotion"},{"floor":33,"key":"SteroidPotion"},{"floor":34,"key":"Explosive Potion"},{"floor":37,"key":"Ancient Potion"},{"floor":44,"key":"Regen Potion"},{"floor":47,"key":"Regen Potion"}],"is_trial":false,"path_per_floor":["M","?","M","M","?","R","E","M","T","?","M","M","R","M","R","B",null,"M","$","?","T","M","R","E","R","T","T","R","$","M","M","R","B",null,"M","?","M","?","M","R","M","R","T","E","M","R","M","$","R","B",null],"character_chosen":"THE_SILENT","items_purchased":["Tiny Chest","Thread and Needle","Membership Card","Anchor","Poison Potion","Centennial Puzzle","Lee\u0027s Waffle","Bag of Preparation","Infinite Blades"],"campfire_rested":5,"item_purchase_floors":[19,19,19,29,29,48,48,48,48],"current_hp_per_floor":[70,70,70,69,58,58,56,40,40,33,33,30,51,47,68,24,70,70,70,70,70,67,67,51,70,70,70,70,70,70,69,69,65,75,66,57,54,54,54,75,72,72,72,69,60,75,74,82,82,42],"gold":152,"neow_bonus":"RANDOM_COMMON_RELIC","is_prod":false,"is_daily":false,"chose_seed":false,"campfire_upgraded":3,"win_rate":0.0,"timestamp":1548465265,"path_taken":["M","?","M","M","?","R","E","M","T","?","M","M","R","?","R","BOSS","M","$","?","?","M","R","E","R","T","?","R","$","?","M","R","BOSS","M","?","M","?","M","R","M","R","T","E","M","R","M","$","R","BOSS"],"build_version":"2019-01-23","purchased_purges":0,"victory":true,"max_hp_per_floor":[70,70,70,70,70,70,70,70,70,70,70,70,70,70,70,70,70,70,70,70,70,70,70,70,70,70,70,70,70,70,70,70,70,75,75,75,75,75,75,75,75,75,75,75,75,75,75,82,82,82],"card_choices":[{"not_picked":["Flying Knee","Poisoned Stab"],"picked":"Noxious Fumes","floor":1},{"not_picked":["Expertise","Cloak And Dagger"],"picked":"PiercingWail","floor":3},{"not_picked":["Underhanded Strike","Sucker Punch"],"picked":"Adrenaline","floor":4},{"not_picked":["Escape Plan","Well Laid Plans"],"picked":"Finisher","floor":7},{"not_picked":["Blur","Deflect","Cloak And Dagger"],"picked":"SKIP","floor":8},{"not_picked":["Eviscerate","Outmaneuver","Accuracy"],"picked":"Deadly Poison","floor":11},{"not_picked":["Leg Sweep","Flying Knee","Slice"],"picked":"Backstab","floor":12},{"not_picked":["Deflect","All Out Attack","Escape Plan"],"picked":"Infinite Blades","floor":14},{"not_picked":["Doppelganger","Phantasmal Killer","Night Terror"],"picked":"Adrenaline","floor":16},{"not_picked":["Heel Hook","Cloak And Dagger","Predator"],"picked":"PiercingWail","floor":18},{"not_picked":["Predator","Dash","Dagger Spray"],"picked":"Quick Slash","floor":22},{"not_picked":["Dodge and Roll","Underhanded Strike","Leg Sweep"],"picked":"Escape Plan","floor":24},{"not_picked":["Caltrops","Tactician","Calculated Gamble"],"picked":"Dash+1","floor":30},{"not_picked":["Deadly Poison","Blade Dance+1","Dodge and Roll"],"picked":"PiercingWail+1","floor":31},{"not_picked":["Storm of Steel","Doppelganger","Tools of the Trade"],"picked":"Venomology","floor":33},{"not_picked":["Prepared","Expertise+1","Cloak And Dagger"],"picked":"Escape Plan","floor":34},{"not_picked":["Flying Knee","Tactician+1","Reflex"],"picked":"Bane+1","floor":35},{"not_picked":["Cloak And Dagger","All Out Attack","Caltrops+1"],"picked":"Sucker Punch","floor":37},{"not_picked":["The Bomb","Flash of Steel","Bandage Up"],"picked":"Discovery","floor":38},{"not_picked":["All Out Attack+1","Slice+1","Predator+1"],"picked":"Poisoned Stab","floor":39},{"not_picked":["Cloak And Dagger+1","Accuracy","Crippling Poison"],"picked":"Slice","floor":41},{"not_picked":["Burst","Deflect+1","Crippling Poison"],"picked":"Quick Slash","floor":44},{"not_picked":["Eviscerate+1","Blade Dance","Cloak And Dagger+1"],"picked":"PiercingWail","floor":45},{"not_picked":["Underhanded Strike+1","PiercingWail+1","Deflect+1"],"picked":"Poisoned Stab+1","floor":47}],"player_experience":43907,"relics_obtained":[{"floor":7,"key":"Bottled Lightning"},{"floor":9,"key":"Bottled Tornado"},{"floor":21,"key":"Girya"},{"floor":24,"key":"Orichalcum"},{"floor":26,"key":"Whetstone"},{"floor":27,"key":"Oddly Smooth Stone"},{"floor":43,"key":"Sundial"},{"floor":44,"key":"Boot"}],"event_choices":[{"damage_healed":0,"gold_gain":0,"player_choice":"Ignored","damage_taken":0,"max_hp_gain":0,"max_hp_loss":0,"event_name":"Golden Wing","floor":2,"gold_loss":0},{"damage_healed":0,"gold_gain":75,"player_choice":"Gather Gold","damage_taken":11,"max_hp_gain":0,"max_hp_loss":0,"event_name":"World of Goop","floor":5,"gold_loss":0},{"damage_healed":0,"gold_gain":0,"player_choice":"Success","damage_taken":7,"relics_obtained":["Question Card"],"max_hp_gain":0,"max_hp_loss":0,"event_name":"Scrap Ooze","floor":10,"gold_loss":0},{"damage_healed":0,"gold_gain":0,"player_choice":"Inject Mutagens","damage_taken":0,"relics_obtained":["MutagenicStrength"],"max_hp_gain":0,"max_hp_loss":0,"event_name":"Drug Dealer","floor":20,"gold_loss":0},{"damage_healed":0,"gold_gain":0,"player_choice":"Embrace Madness","damage_taken":9,"max_hp_gain":0,"max_hp_loss":0,"event_name":"Winding Halls","floor":36,"gold_loss":0,"cards_obtained":["Madness","Madness"]},{"damage_healed":0,"gold_gain":0,"player_choice":"Memory 1","damage_taken":0,"max_hp_gain":0,"max_hp_loss":0,"event_name":"SensoryStone","floor":38,"gold_loss":0}],"is_beta":false,"boss_relics":[{"not_picked":["Cursed Key","Calling Bell"],"picked":"Philosopher\u0027s Stone"},{"not_picked":["Velvet Choker","White Beast Statue"],"picked":"Tiny House"}],"items_purged_floors":[],"is_endless":false,"potions_floor_spawned":[3,4,16,18,24,33,37,44,47],"ascension_level":0}