{"gold_per_floor":[115,133,146,165,177,177,212,212,212,227,227,130,130,52,52,147,147,167,183,183,193,19,19,47,47,95,20,20,20,53,53,53,149,149,169,149,149,169,15,15],"floor_reached":40,"playtime":3805,"items_purged":["Strike_B","Strike_B"],"score":597,"play_id":"f46b622f-b615-42a5-a530-8f862644342b","local_time":"20181229182314","is_ascension_mode":true,"campfire_choices":[{"data":"Sweeping Beam","floor":6.0,"key":"SMITH"},{"data":"Dualcast","floor":8.0,"key":"SMITH"},{"data":"Gash","floor":13.0,"key":"SMITH"},{"floor":15.0,"key":"REST"},{"data":"Gash","floor":23.0,"key":"SMITH"},{"data":"Glacier","floor":25.0,"key":"SMITH"},{"data":"Zap","floor":29.0,"key":"SMITH"},{"data":"Blizzard","floor":32.0,"key":"SMITH"}],"neow_cost":"NONE","seed_source_timestamp":0,"circlet_count":0,"master_deck":["Defend_B","Defend_B+1","Defend_B+1","Defend_B","Zap+1","Dualcast+1","Gash+1","Sweeping Beam+1","Glacier+1","Rebound","Cold Snap","Hologram+1","Gash+1","Auto Shields+1","Steam+1","Coolheaded+1","Conserve Battery+1","Blizzard+1","Ghostly+1","Ghostly+1","Ghostly+1","Ghostly+1","Ghostly+1","Coolheaded+1","Redo+1"],"special_seed":0,"relics":["FrozenCore","Lantern","Toxic Egg 2","Bag of Marbles","Black Star","Unceasing Top","Juzu Bracelet","Vajra","WingedGreaves","War Paint","Bronze Scales"],"potions_floor_usage":[],"damage_taken":[{"damage":1.0,"enemies":"Cultist","floor":1.0,"turns":3.0},{"damage":2.0,"enemies":"Jaw Worm","floor":2.0,"turns":3.0},{"damage":0.0,"enemies":"Small Slimes","floor":3.0,"turns":3.0},{"damage":19.0,"enemies":"Exordium Thugs","floor":4.0,"turns":5.0},{"damage":1.0,"enemies":"3 Louse","floor":5.0,"turns":3.0},{"damage":26.0,"enemies":"3 Sentries","floor":7.0,"turns":5.0},{"damage":7.0,"enemies":"2 Fungi Beasts","floor":10.0,"turns":2.0},{"damage":11.0,"enemies":"Hexaghost","floor":16.0,"turns":11.0},{"damage":0.0,"enemies":"3 Byrds","floor":18.0,"turns":4.0},{"damage":0.0,"enemies":"Chosen","floor":19.0,"turns":4.0},{"damage":24.0,"enemies":"3 Cultists","floor":21.0,"turns":5.0},{"damage":7.0,"enemies":"Book of Stabbing","floor":24.0,"turns":7.0},{"damage":0.0,"enemies":"Slavers","floor":30.0,"turns":6.0},{"damage":0.0,"enemies":"Collector","floor":33.0,"turns":14.0},{"damage":0.0,"enemies":"3 Darklings","floor":35.0,"turns":7.0},{"damage":0,"enemies":"3 Shapes","floor":38,"turns":7},{"damage":43,"enemies":"Nemesis","floor":40,"turns":9}],"seed_played":"1467262849143484697","potions_obtained":[{"floor":1.0,"key":"FearPotion"},{"floor":4.0,"key":"AttackPotion"},{"floor":10.0,"key":"Swift Potion"},{"floor":19.0,"key":"Poison Potion"},{"floor":21.0,"key":"Block Potion"},{"floor":24.0,"key":"Explosive Potion"},{"floor":36,"key":"Ancient Potion"}],"is_trial":false,"path_per_floor":["M","M","M","M","M","R","E","R","T","M","?","$","R","$","R","B",null,"M","M","?","M","$","R","E","R","T","?","?","R","E","?","R","B",null,"M","M","?","?","M","$","E"],"character_chosen":"DEFECT","items_purchased":["Gash","Auto Shields+1","Blizzard","Bronze Scales"],"campfire_rested":1,"item_purchase_floors":[12,14,22,39],"current_hp_per_floor":[74,72,72,53,52,52,26,26,26,19,12,12,12,12,34,23,75,75,75,75,51,51,51,44,44,44,44,37,37,37,33,33,33,42,42,42,40,40,40,0],"gold":15,"neow_bonus":"REMOVE_CARD","is_prod":false,"is_daily":false,"chose_seed":false,"campfire_upgraded":7,"win_rate":0,"timestamp":1546129394,"path_taken":["M","M","?","M","M","R","E","R","T","M","?","$","R","$","R","BOSS","M","M","?","M","?","R","E","R","T","?","?","R","E","?","R","BOSS","M","?","?","M","$","E"],"build_version":"2018-12-20","purchased_purges":2,"victory":false,"max_hp_per_floor":[75,75,75,75,75,75,75,75,75,75,75,75,75,75,75,75,75,75,75,75,75,75,75,75,75,75,75,37,37,37,42,42,42,42,42,42,40,40,40,40],"card_choices":[{"not_picked":["Blizzard","Self Repair"],"picked":"Go for the Eyes","floor":1.0},{"not_picked":["Barrage","Darkness"],"picked":"Gash","floor":2.0},{"not_picked":["Cold Snap","Rip and Tear"],"picked":"Sweeping Beam","floor":3.0},{"not_picked":["Conserve Battery","Defragment"],"picked":"Glacier","floor":4.0},{"not_picked":["Chaos","Capacitor"],"picked":"Rebound","floor":5.0},{"not_picked":["Capacitor","Hyperbeam"],"picked":"Cold Snap","floor":7.0},{"not_picked":["Beam Cell","Sweeping Beam"],"picked":"Hologram+1","floor":10.0},{"not_picked":["Compile Driver+1","Barrage+1"],"picked":"Steam+1","floor":18.0},{"not_picked":["Beam Cell+1","Sweeping Beam"],"picked":"Coolheaded+1","floor":19.0},{"not_picked":["Reinforced Body+1","Storm"],"picked":"Conserve Battery+1","floor":21.0},{"not_picked":["Turbo+1","Reprogram+1","Consume+1"],"picked":"SKIP","floor":24.0},{"not_picked":["Hologram+1","Thunder Strike","Conserve Battery+1"],"picked":"SKIP","floor":30.0},{"not_picked":["Melter","Turbo+1"],"picked":"Coolheaded+1","floor":35},{"not_picked":["Machine Learning","Undo+1"],"picked":"Redo+1","floor":38}],"player_experience":266847,"relics_obtained":[{"floor":7.0,"key":"Lantern"},{"floor":9.0,"key":"Toxic Egg 2"},{"floor":24.0,"key":"Unceasing Top"},{"floor":24.0,"key":"Juzu Bracelet"},{"floor":26.0,"key":"Vajra"},{"floor":30.0,"key":"WingedGreaves"},{"floor":30.0,"key":"War Paint"}],"event_choices":[{"damage_healed":0.0,"max_hp_gain":0.0,"max_hp_loss":0.0,"gold_gain":0.0,"event_name":"Scrap Ooze","player_choice":"Success","floor":11.0,"gold_loss":0.0,"damage_taken":7.0,"relics_obtained":["Bag of Marbles"]},{"cards_removed":["Go for the Eyes"],"damage_healed":5.0,"max_hp_gain":0.0,"max_hp_loss":0.0,"gold_gain":0.0,"event_name":"Bonfire Elementals","player_choice":"Offered Common","floor":20.0,"gold_loss":0.0,"damage_taken":0.0},{"cards_removed":["Go for the Eyes"],"damage_healed":5.0,"max_hp_gain":0.0,"max_hp_loss":0.0,"gold_gain":0.0,"event_name":"Bonfire Elementals","player_choice":"Offered Special","floor":20.0,"gold_loss":0.0,"damage_taken":0.0},{"cards_removed":["Strike_B"],"damage_healed":0.0,"max_hp_gain":0.0,"max_hp_loss":0.0,"gold_gain":0.0,"event_name":"Beggar","player_choice":"Gave Gold","floor":27.0,"gold_loss":75.0,"damage_taken":0.0},{"damage_healed":0.0,"max_hp_gain":0.0,"max_hp_loss":38.0,"gold_gain":0.0,"event_name":"Ghosts","player_choice":"Became a Ghost","floor":28.0,"gold_loss":0.0,"damage_taken":0.0,"cards_obtained":["Ghostly","Ghostly","Ghostly","Ghostly","Ghostly"]},{"damage_healed":0.0,"max_hp_gain":5.0,"max_hp_loss":0.0,"gold_gain":0.0,"event_name":"Forgotten Altar","player_choice":"Shed Blood","floor":31.0,"gold_loss":0.0,"damage_taken":9.0},{"damage_healed":0,"gold_gain":0,"player_choice":"Bought 1 Potion","damage_taken":0,"max_hp_gain":0,"max_hp_loss":0,"event_name":"The Woman in Blue","floor":36,"gold_loss":0},{"damage_healed":0,"gold_gain":0,"player_choice":"Max HP","damage_taken":0,"max_hp_gain":0,"max_hp_loss":2,"event_name":"Winding Halls","floor":37,"gold_loss":0}],"is_beta":false,"boss_relics":[{"not_picked":["Velvet Choker","Fusion Hammer"],"picked":"Black Star"},{"not_picked":["Coffee Dripper","White Beast Statue"],"picked":"FrozenCore"}],"items_purged_floors":[12,22],"is_endless":false,"potions_floor_spawned":[1,4,10,19,21,24,38],"killed_by":"Nemesis","ascension_level":3}