{"gold_per_floor":[111,123,133,145,159,159,184,184,262,262,272,272,272,302,302,376,376,391,98,114,132,132],"floor_reached":22,"playtime":2636,"items_purged":["Strike_G"],"score":366,"play_id":"af6f6167-875a-4d91-b632-153e59ff7942","local_time":"20190106012724","is_ascension_mode":true,"campfire_choices":[{"data":"Neutralize","floor":6,"key":"SMITH"},{"floor":8,"key":"REST"},{"data":"Envenom","floor":10,"key":"SMITH"},{"data":"Catalyst","floor":15,"key":"SMITH"}],"neow_cost":"NONE","seed_source_timestamp":1823147513792,"circlet_count":0,"master_deck":["AscendersBane","Defend_G","Defend_G","Defend_G","Defend_G","Defend_G","Strike_G","Strike_G","Strike_G","Strike_G","Survivor","Neutralize+1","PiercingWail","Poisoned Stab+1","Envenom+1","Quick Slash","Catalyst+1","Malaise","Well Laid Plans","Leg Sweep","Eviscerate"],"relics":["Ring of the Snake","Regal Pillow","Vajra","Mercury Hourglass","The Specimen","Snecko Eye"],"potions_floor_usage":[14,20,21,21,22],"damage_taken":[{"damage":3,"enemies":"Cultist","floor":1,"turns":5},{"damage":9,"enemies":"Small Slimes","floor":2,"turns":6},{"damage":0,"enemies":"2 Louse","floor":3,"turns":3},{"damage":12,"enemies":"Looter","floor":4,"turns":4},{"damage":2,"enemies":"2 Fungi Beasts","floor":5,"turns":4},{"damage":30,"enemies":"3 Sentries","floor":7,"turns":12},{"damage":3,"enemies":"Blue Slaver","floor":11,"turns":4},{"damage":10,"enemies":"Gremlin Nob","floor":14,"turns":3},{"damage":39,"enemies":"Slime Boss","floor":16,"turns":11},{"damage":16,"enemies":"Shell Parasite","floor":18,"turns":5},{"damage":22,"enemies":"Spheric Guardian","floor":20,"turns":9},{"damage":7,"enemies":"Chosen and Byrds","floor":21,"turns":8},{"damage":11,"enemies":"Shelled Parasite and Fungi","floor":22,"turns":2}],"seed_played":"5078753219186291782","potions_obtained":[{"floor":3,"key":"AttackPotion"},{"floor":4,"key":"GamblersBrew"},{"floor":7,"key":"EntropicBrew"},{"floor":20,"key":"Swift Potion"},{"floor":21,"key":"SkillPotion"}],"is_trial":false,"path_per_floor":["M","M","M","M","M","R","E","R","T","R","M","?","?","E","R","B",null,"M","$","M","M","M"],"character_chosen":"THE_SILENT","items_purchased":["GamblersBrew","SpeedPotion","Well Laid Plans"],"campfire_rested":1,"item_purchase_floors":[19,19,19],"current_hp_per_floor":[56,47,47,35,33,33,3,37,37,37,34,56,56,46,46,7,51,35,35,13,6,0],"gold":132,"neow_bonus":"RANDOM_COMMON_RELIC","is_prod":false,"is_daily":false,"chose_seed":false,"campfire_upgraded":3,"win_rate":0,"timestamp":1546734444,"path_taken":["M","M","M","M","M","R","E","R","T","R","M","?","?","E","R","BOSS","M","$","M","M","M"],"build_version":"2019-01-03v4","purchased_purges":1,"victory":false,"max_hp_per_floor":[66,66,66,66,66,66,66,66,66,66,66,66,66,66,66,66,66,66,66,66,66,66],"card_choices":[{"not_picked":["Deadly Poison","Bane","Slice"],"picked":"SKIP","floor":1},{"not_picked":["Terror","Prepared"],"picked":"PiercingWail","floor":2},{"not_picked":["Sucker Punch","PiercingWail"],"picked":"Poisoned Stab","floor":3},{"not_picked":["Dagger Throw","Endless Agony","Tactician"],"picked":"SKIP","floor":4},{"not_picked":["Expertise","Backflip"],"picked":"Envenom","floor":5},{"not_picked":["Deflect","Doppelganger"],"picked":"Quick Slash","floor":7},{"not_picked":["Expertise","Choke","Sucker Punch"],"picked":"SKIP","floor":11},{"not_picked":["Distraction","Tactician"],"picked":"Catalyst","floor":14},{"not_picked":["Storm of Steel","Burst"],"picked":"Malaise","floor":16},{"not_picked":["Escape Plan","Quick Slash","Bane"],"picked":"SKIP","floor":18},{"not_picked":["Acrobatics","Dodge and Roll"],"picked":"Leg Sweep","floor":20},{"not_picked":["Backstab","Calculated Gamble"],"picked":"Eviscerate","floor":21}],"player_experience":735178,"relics_obtained":[{"floor":7,"key":"Vajra"},{"floor":9,"key":"Mercury Hourglass"},{"floor":14,"key":"The Specimen"}],"event_choices":[{"damage_healed":22,"gold_gain":0,"player_choice":"Banana","damage_taken":0,"max_hp_gain":0,"max_hp_loss":0,"event_name":"Big Fish","floor":12,"gold_loss":0},{"damage_healed":0,"gold_gain":0,"player_choice":"Grow","damage_taken":0,"max_hp_gain":0,"max_hp_loss":0,"event_name":"Living Wall","floor":13,"gold_loss":0,"cards_upgraded":["Poisoned Stab"]}],"is_beta":false,"boss_relics":[{"not_picked":["Black Star","HoveringKite"],"picked":"Snecko Eye"}],"items_purged_floors":[19],"is_endless":false,"potions_floor_spawned":[3,4,7,20,21],"killed_by":"Shelled Parasite and Fungi","ascension_level":17}