{"gold_per_floor":[114,114,39,39,39,69,80,106,136,155,181,181,197,25,25,121,121,140,150,150,163,38,38,68,68,68,100,120,120,155,169,169,274,274,285,285,21,32,32,32,57,71,97,115,131,157,17,52,52,52],"floor_reached":51,"playtime":5288,"items_purged":["Strike_G","Strike_G","Strike_G","Strike_G","Strike_G"],"score":906,"play_id":"a372c9d4-f0be-428f-9bad-29007fa83db1","local_time":"20190202175058","is_ascension_mode":true,"campfire_choices":[{"floor":12.0,"key":"REST"},{"data":"Flechettes","floor":15.0,"key":"SMITH"},{"data":"Glass Knife","floor":23.0,"key":"SMITH"},{"floor":25.0,"key":"REST"},{"data":"Neutralize","floor":29.0,"key":"SMITH"},{"floor":32.0,"key":"REST"},{"data":"Survivor","floor":40,"key":"SMITH"},{"data":"Defend_G","floor":49,"key":"SMITH"}],"neow_cost":"NONE","seed_source_timestamp":0,"circlet_count":0,"master_deck":["Defend_G","Defend_G","Defend_G+1","Defend_G+1","Survivor+1","Neutralize+1","Backstab+1","Distraction+1","Flechettes+1","Infinite Blades+1","Glass Knife+1","Footwork+1","Malaise+1","Escape Plan+1","Accuracy+1","Leg Sweep+1","Backstab+1","Cloak And Dagger+1","Blade Dance+1","After Image+1","Well Laid Plans+1","Discovery+1","Infinite Blades+1","Backflip+1","Blade Dance+1","Accuracy+1"],"special_seed":0,"relics":["Ring of the Snake","NeowsBlessing","Toxic Egg 2","Frozen Egg 2","Tiny Chest","Bag of Preparation","Philosopher\u0027s Stone","Mummified Hand","The Courier","Blood Vial","Mercury Hourglass","WristBlade","Dream Catcher","PreservedInsect","Shuriken","The Specimen"],"potions_floor_usage":[42,50],"damage_taken":[{"damage":0.0,"enemies":"Jaw Worm","floor":1.0,"turns":1.0},{"damage":0.0,"enemies":"3 Sentries","floor":6.0,"turns":1.0},{"damage":0.0,"enemies":"2 Louse","floor":7.0,"turns":1.0},{"damage":9.0,"enemies":"Lagavulin","floor":8.0,"turns":8.0},{"damage":2.0,"enemies":"Small Slimes","floor":10.0,"turns":4.0},{"damage":14.0,"enemies":"Gremlin Nob","floor":11.0,"turns":3.0},{"damage":4.0,"enemies":"Exordium Wildlife","floor":13.0,"turns":5.0},{"damage":31.0,"enemies":"Slime Boss","floor":16.0,"turns":17.0},{"damage":0.0,"enemies":"3 Byrds","floor":18.0,"turns":5.0},{"damage":0.0,"enemies":"Chosen","floor":19.0,"turns":5.0},{"damage":10.0,"enemies":"Snake Plant","floor":21.0,"turns":6.0},{"damage":5.0,"enemies":"Slavers","floor":24.0,"turns":7.0},{"damage":5.0,"enemies":"Book of Stabbing","floor":27.0,"turns":5.0},{"damage":0.0,"enemies":"3 Cultists","floor":28.0,"turns":5.0},{"damage":22.0,"enemies":"Gremlin Leader","floor":30.0,"turns":11.0},{"damage":0.0,"enemies":"Snecko","floor":31.0,"turns":3.0},{"damage":36.0,"enemies":"Champ","floor":33.0,"turns":9.0},{"damage":0.0,"enemies":"Orb Walker","floor":35.0,"turns":2.0},{"damage":0.0,"enemies":"3 Darklings","floor":38.0,"turns":3.0},{"damage":0,"enemies":"Reptomancer","floor":41,"turns":4},{"damage":0,"enemies":"Jaw Worm Horde","floor":42,"turns":3},{"damage":0,"enemies":"Maw","floor":44,"turns":5},{"damage":0,"enemies":"3 Darklings","floor":45,"turns":3},{"damage":0,"enemies":"Nemesis","floor":46,"turns":5},{"damage":0,"enemies":"Reptomancer","floor":48,"turns":3},{"damage":19,"enemies":"Awakened One","floor":50,"turns":6}],"seed_played":"7260288552847572072","potions_obtained":[{"floor":6.0,"key":"AttackPotion"},{"floor":10.0,"key":"Fire Potion"},{"floor":13.0,"key":"Swift Potion"},{"floor":16.0,"key":"GhostInAJar"},{"floor":18.0,"key":"Explosive Potion"},{"floor":19.0,"key":"Weak Potion"},{"floor":24.0,"key":"Swift Potion"},{"floor":28.0,"key":"Fire Potion"},{"floor":31.0,"key":"Swift Potion"},{"floor":38.0,"key":"Block Potion"},{"floor":39.0,"key":"Fruit Juice"},{"floor":39.0,"key":"GamblersBrew"},{"floor":44,"key":"LiquidBronze"},{"floor":45,"key":"Swift Potion"},{"floor":48,"key":"Strength Potion"}],"is_trial":false,"path_per_floor":["M","?","$","?","?","E","M","E","T","M","E","R","M","$","R","B",null,"M","M","?","M","$","R","E","R","T","E","M","R","E","M","R","B",null,"M","?","$","M","?","R","E","M","T","M","M","E","$","E","R","B",null],"character_chosen":"THE_SILENT","items_purchased":["Footwork+1","Infinite Blades+1","Backflip+1","Blade Dance+1"],"campfire_rested":3,"item_purchase_floors":[14,37,37,37],"current_hp_per_floor":[70,75,75,75,60,60,60,51,51,49,35,57,53,53,53,22,75,75,75,75,65,65,65,60,75,75,70,72,72,52,54,75,39,75,75,75,75,75,80,80,80,80,80,80,80,80,80,80,80,61],"gold":52,"neow_bonus":"THREE_ENEMY_KILL","is_prod":false,"is_daily":false,"chose_seed":false,"campfire_upgraded":5,"win_rate":0,"timestamp":1549129858,"path_taken":["M","?","$","?","?","E","M","E","T","M","E","R","M","?","R","BOSS","M","M","?","?","$","R","E","R","T","E","M","R","E","M","R","BOSS","M","?","$","M","?","R","E","M","T","?","?","E","?","E","R","BOSS"],"build_version":"2019-01-23","purchased_purges":5,"victory":true,"max_hp_per_floor":[70,75,75,75,75,75,75,75,75,75,75,75,75,75,75,75,75,75,75,75,75,75,75,75,75,75,75,75,75,75,75,75,75,75,75,75,75,75,80,80,80,80,80,80,80,80,80,80,80,80],"card_choices":[{"not_picked":["Sucker Punch","Predator"],"picked":"Backstab","floor":1.0},{"not_picked":["Dagger Throw","All Out Attack"],"picked":"Distraction","floor":6.0},{"not_picked":["Setup+1","Underhanded Strike","Poisoned Stab"],"picked":"SKIP","floor":7.0},{"not_picked":["Outmaneuver+1","Distraction+1"],"picked":"Flechettes","floor":8.0},{"not_picked":["Sucker Punch","Slice","Poisoned Stab"],"picked":"SKIP","floor":10.0},{"not_picked":["Slice","Dagger Throw"],"picked":"Infinite Blades+1","floor":11.0},{"not_picked":["Dagger Throw","Expertise+1"],"picked":"Glass Knife","floor":13.0},{"not_picked":["Storm of Steel+1","Bullet Time+1"],"picked":"Malaise+1","floor":16.0},{"not_picked":["Bane+1","PiercingWail+1"],"picked":"Escape Plan+1","floor":18.0},{"not_picked":["Expertise+1","Sucker Punch"],"picked":"Accuracy+1","floor":19.0},{"not_picked":["Setup+1","Dagger Spray","Prepared+1"],"picked":"SKIP","floor":21.0},{"not_picked":["Acrobatics+1","Outmaneuver+1","Poisoned Stab"],"picked":"SKIP","floor":24.0},{"not_picked":["Quick Slash","PiercingWail+1"],"picked":"Leg Sweep+1","floor":27.0},{"not_picked":["Flying Knee","Acrobatics+1"],"picked":"Backstab+1","floor":28.0},{"not_picked":["Flechettes","Riddle With Holes"],"picked":"Cloak And Dagger+1","floor":30.0},{"not_picked":["Bane","Poisoned Stab"],"picked":"Blade Dance+1","floor":31.0},{"not_picked":["Glass Knife","Night Terror+1"],"picked":"After Image+1","floor":33.0},{"not_picked":["Quick Slash","Flying Knee"],"picked":"Well Laid Plans+1","floor":35.0},{"not_picked":["Impatience+1","Apotheosis+1"],"picked":"Discovery+1","floor":36.0},{"not_picked":["Dagger Throw+1","All Out Attack","Deadly Poison+1"],"picked":"SKIP","floor":38.0},{"not_picked":["Dagger Spray+1","Bane","Eviscerate+1"],"picked":"SKIP","floor":41},{"not_picked":["Dagger Spray+1","Bane","Eviscerate+1"],"picked":"SKIP","floor":41},{"not_picked":["Backflip+1","Sucker Punch+1","Concentrate+1"],"picked":"SKIP","floor":42},{"not_picked":["Doppelganger+1","Slice","Eviscerate+1"],"picked":"SKIP","floor":44},{"not_picked":["Backflip+1","Quick Slash","Bane+1"],"picked":"SKIP","floor":45},{"not_picked":["Deadly Poison+1","Acrobatics+1","Glass Knife"],"picked":"SKIP","floor":46},{"not_picked":["Storm of Steel+1","Reflex+1"],"picked":"Accuracy+1","floor":48}],"player_experience":246487,"relics_obtained":[{"floor":6.0,"key":"Toxic Egg 2"},{"floor":8.0,"key":"Frozen Egg 2"},{"floor":9.0,"key":"Tiny Chest"},{"floor":11.0,"key":"Bag of Preparation"},{"floor":24.0,"key":"Mummified Hand"},{"floor":26.0,"key":"The Courier"},{"floor":27.0,"key":"Blood Vial"},{"floor":30.0,"key":"Mercury Hourglass"},{"floor":41,"key":"Dream Catcher"},{"floor":43,"key":"PreservedInsect"},{"floor":46,"key":"Shuriken"},{"floor":48,"key":"The Specimen"}],"event_choices":[{"damage_healed":0.0,"max_hp_gain":5.0,"max_hp_loss":0.0,"gold_gain":0.0,"event_name":"Big Fish","player_choice":"Donut","floor":2.0,"gold_loss":0.0,"damage_taken":0.0},{"cards_removed":["Defend_G"],"damage_healed":0.0,"max_hp_gain":0.0,"max_hp_loss":0.0,"gold_gain":0.0,"event_name":"Living Wall","player_choice":"Forget","floor":4.0,"gold_loss":0.0,"damage_taken":0.0},{"damage_healed":0.0,"max_hp_gain":0.0,"max_hp_loss":0.0,"gold_gain":0.0,"event_name":"Shining Light","player_choice":"Entered Light","floor":5.0,"gold_loss":0.0,"damage_taken":15.0,"cards_upgraded":["Backstab","Defend_G"]},{"damage_healed":0.0,"max_hp_gain":0.0,"max_hp_loss":0.0,"gold_gain":0.0,"event_name":"The Woman in Blue","player_choice":"Bought 0 Potions","floor":20.0,"gold_loss":0.0,"damage_taken":0.0},{"damage_healed":0.0,"max_hp_gain":0.0,"max_hp_loss":0.0,"gold_gain":0.0,"event_name":"SensoryStone","player_choice":"Memory 1","floor":36.0,"gold_loss":0.0,"damage_taken":0.0},{"damage_healed":0.0,"max_hp_gain":0.0,"max_hp_loss":0.0,"gold_gain":0.0,"event_name":"Lab","player_choice":"Got Potions","floor":39.0,"gold_loss":0.0,"damage_taken":0.0}],"is_beta":false,"boss_relics":[{"not_picked":["Cursed Key","Velvet Choker"],"picked":"Philosopher\u0027s Stone"},{"not_picked":["Black Star","Eternal Feather"],"picked":"WristBlade"}],"items_purged_floors":[3,14,22,37,47],"is_endless":false,"potions_floor_spawned":[6,10,13,16,18,19,24,28,31,38,44,45,48],"ascension_level":1}