{"gold_per_floor":[415,415,13,33,48,48,82,82,109,109,123,143,160,171,171,244,244,254,14,31,31,44,44,74,74,74,74,90,102,102,102,102,175,175,193,193,22,42,60,60,60],"floor_reached":41,"playtime":4084,"items_purged":["Strike_G"],"score":768,"play_id":"248bf196-2142-4320-b96d-72b31d8fc41f","local_time":"20190118144424","is_ascension_mode":true,"campfire_choices":[{"data":"Neutralize","floor":6.0,"key":"SMITH"},{"floor":8.0,"key":"DIG"},{"floor":10.0,"key":"DIG"},{"floor":15.0,"key":"REST"},{"floor":23.0,"key":"REST"},{"floor":25.0,"key":"REST"},{"floor":30.0,"key":"REST"},{"floor":32.0,"key":"DIG"}],"neow_cost":"CURSE","seed_source_timestamp":246494887403642,"circlet_count":0,"master_deck":["AscendersBane","Defend_G+1","Defend_G+1","Defend_G+1","Defend_G+1","Defend_G+1","Strike_G+1","Strike_G+1","Strike_G+1","Survivor","Neutralize+1","Dagger Spray","Well Laid Plans","Noxious Fumes","Quick Slash","Deadly Poison","Poisoned Stab","Bouncing Flask","Skewer","Burst","Escape Plan","Burst","Cloak And Dagger+1","PiercingWail","Heel Hook"],"special_seed":0,"relics":["Ring of the Snake","Old Coin","Shovel","Boot","Vajra","War Paint","Lantern","Velvet Choker","Pen Nib","Orichalcum","The Courier","Calipers","Blue Candle","Fusion Hammer","Snake Skull"],"potions_floor_usage":[38],"damage_taken":[{"damage":8.0,"enemies":"2 Louse","floor":1.0,"turns":3.0},{"damage":7.0,"enemies":"Cultist","floor":4.0,"turns":5.0},{"damage":6.0,"enemies":"Small Slimes","floor":5.0,"turns":4.0},{"damage":22.0,"enemies":"Lagavulin","floor":7.0,"turns":6.0},{"damage":0.0,"enemies":"Blue Slaver","floor":11.0,"turns":4.0},{"damage":0.0,"enemies":"Exordium Thugs","floor":12.0,"turns":5.0},{"damage":0.0,"enemies":"2 Fungi Beasts","floor":13.0,"turns":2.0},{"damage":7.0,"enemies":"Lots of Slimes","floor":14.0,"turns":3.0},{"damage":20.0,"enemies":"Slime Boss","floor":16.0,"turns":9.0},{"damage":21.0,"enemies":"Shell Parasite","floor":18.0,"turns":3.0},{"damage":21.0,"enemies":"Spheric Guardian","floor":20.0,"turns":4.0},{"damage":0.0,"enemies":"Snecko","floor":22.0,"turns":3.0},{"damage":18.0,"enemies":"Gremlin Leader","floor":24.0,"turns":7.0},{"damage":0.0,"enemies":"Centurion and Healer","floor":28.0,"turns":5.0},{"damage":2.0,"enemies":"Sentry and Sphere","floor":29.0,"turns":3.0},{"damage":10.0,"enemies":"Automaton","floor":33.0,"turns":9.0},{"damage":26.0,"enemies":"3 Darklings","floor":35.0,"turns":5.0},{"damage":7,"enemies":"Orb Walker","floor":38,"turns":3},{"damage":22,"enemies":"Sphere and 2 Shapes","floor":39,"turns":6},{"damage":24,"enemies":"Maw","floor":41,"turns":2}],"seed_played":"5758720425953959996","potions_obtained":[{"floor":1.0,"key":"Strength Potion"},{"floor":11.0,"key":"Energy Potion"},{"floor":13.0,"key":"LiquidBronze"},{"floor":14.0,"key":"Swift Potion"},{"floor":16.0,"key":"Fire Potion"},{"floor":20.0,"key":"Energy Potion"},{"floor":29.0,"key":"GhostInAJar"},{"floor":33.0,"key":"GamblersBrew"},{"floor":35.0,"key":"Dexterity Potion"}],"is_trial":false,"path_per_floor":["M","?","$","M","M","R","E","R","T","R","M","M","M","M","R","B",null,"M","$","M","?","M","R","E","R","T","?","M","M","R","T","R","B",null,"M","?","$","M","M","?","M"],"character_chosen":"THE_SILENT","items_purchased":["Shovel","Well Laid Plans","Pen Nib","Snake Skull","PiercingWail"],"campfire_rested":4,"item_purchase_floors":[3,3,19,37,37],"current_hp_per_floor":[51,51,51,44,38,38,16,16,16,16,16,16,16,9,28,8,52,31,31,10,10,10,29,11,30,30,30,30,28,47,47,47,37,59,33,33,33,26,4,4,0],"gold":60,"neow_bonus":"ONE_RARE_RELIC","is_prod":false,"is_daily":false,"chose_seed":false,"campfire_upgraded":1,"win_rate":0,"timestamp":1547819064,"path_taken":["M","?","$","M","M","R","E","R","T","R","M","M","M","M","R","BOSS","M","$","?","?","M","R","E","R","T","?","M","M","R","?","R","BOSS","M","?","$","M","M","?","M"],"build_version":"2019-01-17v2","purchased_purges":1,"victory":false,"max_hp_per_floor":[66,66,66,66,66,66,66,66,66,66,66,66,66,66,66,66,66,66,66,66,66,66,66,66,66,66,66,66,66,66,66,66,66,66,66,66,66,66,66,66,66],"card_choices":[{"not_picked":["Terror","Leg Sweep"],"picked":"Dagger Spray","floor":1.0},{"not_picked":["Setup","Blur"],"picked":"Noxious Fumes","floor":4.0},{"not_picked":["Dagger Throw","Dagger Spray"],"picked":"Quick Slash","floor":5.0},{"not_picked":["Dagger Throw","Caltrops","Cloak And Dagger"],"picked":"SKIP","floor":7.0},{"not_picked":["Caltrops","Dodge and Roll"],"picked":"Deadly Poison","floor":11.0},{"not_picked":["Terror","PiercingWail"],"picked":"Poisoned Stab","floor":12.0},{"not_picked":["Cloak And Dagger","Poisoned Stab"],"picked":"Bouncing Flask","floor":13.0},{"not_picked":["Endless Agony","Backflip"],"picked":"Skewer","floor":14.0},{"not_picked":["Grand Finale","Night Terror"],"picked":"Burst","floor":16.0},{"not_picked":["Underhanded Strike","Flechettes","Acrobatics"],"picked":"SKIP","floor":18.0},{"not_picked":["Accuracy","Outmaneuver","Cloak And Dagger"],"picked":"SKIP","floor":20.0},{"not_picked":["All Out Attack","Deadly Poison","Dodge and Roll"],"picked":"SKIP","floor":22.0},{"not_picked":["Tactician+1","Finisher","Concentrate+1"],"picked":"SKIP","floor":24.0},{"not_picked":["Blade Dance","Flechettes","Reflex"],"picked":"SKIP","floor":28.0},{"not_picked":["Poisoned Stab","Bane"],"picked":"Escape Plan","floor":29.0},{"not_picked":["Envenom","Bullet Time"],"picked":"Burst","floor":33.0},{"not_picked":["Deflect+1","Distraction+1"],"picked":"Cloak And Dagger+1","floor":35.0},{"not_picked":["Deadly Poison","Blade Dance+1","Dagger Spray"],"picked":"SKIP","floor":38},{"not_picked":["Heel Hook","Dodge and Roll","Acrobatics+1"],"picked":"SKIP","floor":39}],"player_experience":930077,"relics_obtained":[{"floor":7.0,"key":"Boot"},{"floor":8.0,"key":"Vajra"},{"floor":9.0,"key":"War Paint"},{"floor":10.0,"key":"Lantern"},{"floor":24.0,"key":"Orichalcum"},{"floor":26.0,"key":"The Courier"},{"floor":31.0,"key":"Calipers"},{"floor":32.0,"key":"Blue Candle"}],"event_choices":[{"cards_removed":["Shame"],"damage_healed":0.0,"max_hp_gain":0.0,"max_hp_loss":0.0,"gold_gain":0.0,"event_name":"Fountain of Cleansing","player_choice":"Removed Curses","floor":2.0,"gold_loss":0.0,"damage_taken":0.0},{"damage_healed":0.0,"max_hp_gain":0.0,"max_hp_loss":0.0,"gold_gain":0.0,"event_name":"Back to Basics","player_choice":"Simplicity","floor":21.0,"gold_loss":0.0,"damage_taken":0.0,"cards_upgraded":["Defend_G","Defend_G","Defend_G","Strike_G","Strike_G","Strike_G","Strike_G"]},{"damage_healed":0.0,"max_hp_gain":0.0,"max_hp_loss":0.0,"gold_gain":0.0,"event_name":"The Mausoleum","player_choice":"Ignored","floor":27.0,"gold_loss":0.0,"damage_taken":0.0},{"damage_healed":0,"gold_gain":0,"player_choice":"Memory 1","damage_taken":0,"max_hp_gain":0,"max_hp_loss":0,"event_name":"SensoryStone","floor":36,"gold_loss":0},{"damage_healed":0,"gold_gain":0,"cards_transformed":["Strike_G"],"player_choice":"Transformed","damage_taken":0,"max_hp_gain":0,"max_hp_loss":0,"event_name":"Transmorgrifier","floor":40,"gold_loss":0,"cards_obtained":["Heel Hook"]}],"is_beta":false,"boss_relics":[{"not_picked":["Black Star","Tiny House"],"picked":"Velvet Choker"},{"not_picked":["Sozu","Coffee Dripper"],"picked":"Fusion Hammer"}],"items_purged_floors":[19],"is_endless":false,"potions_floor_spawned":[1,11,13,14,16,20,29,33,35],"killed_by":"Maw","ascension_level":17}