{"gold_per_floor":[119,131,142,142,142,175,175,175,175,175],"floor_reached":10,"playtime":188,"items_purged":[],"score":132,"play_id":"3c9129ca-7864-4275-beb3-78eaf44f3f52","local_time":"20190130012119","is_ascension_mode":true,"campfire_choices":[{"floor":7,"key":"REST"}],"neow_cost":"NONE","seed_source_timestamp":646228775389959,"circlet_count":0,"master_deck":["AscendersBane","Defend_G","Defend_G","Defend_G","Defend_G","Defend_G","Strike_G+1","Strike_G","Strike_G","Strike_G+1","Strike_G","Survivor","Neutralize","Flying Knee","Dash","Backstab"],"relics":["Ring of the Snake","NeowsBlessing","Golden Idol","Gremlin Horn","Happy Flower"],"potions_floor_usage":[6],"damage_taken":[{"damage":0,"enemies":"Cultist","floor":1,"turns":1},{"damage":0,"enemies":"Jaw Worm","floor":2,"turns":1},{"damage":0,"enemies":"Small Slimes","floor":3,"turns":1},{"damage":50,"enemies":"Gremlin Nob","floor":6,"turns":5},{"damage":30,"enemies":"Lagavulin","floor":10,"turns":8}],"seed_played":"-8182693100196833012","potions_obtained":[{"floor":1,"key":"PowerPotion"}],"is_trial":false,"path_per_floor":["M","M","M","?","?","E","R","?","T","E"],"character_chosen":"THE_SILENT","items_purchased":[],"campfire_rested":1,"item_purchase_floors":[],"current_hp_per_floor":[59,59,59,59,64,14,33,13,13,0],"gold":175,"neow_bonus":"THREE_ENEMY_KILL","is_prod":false,"is_daily":false,"chose_seed":false,"campfire_upgraded":0,"win_rate":0,"timestamp":1548807679,"path_taken":["M","?","M","?","?","E","R","?","T","E"],"build_version":"2019-01-23","purchased_purges":0,"victory":false,"max_hp_per_floor":[66,66,66,60,65,65,65,65,65,65],"card_choices":[{"not_picked":["Catalyst","Backstab"],"picked":"Flying Knee","floor":1},{"not_picked":["PiercingWail","Flying Knee"],"picked":"Dash","floor":2},{"not_picked":["Quick Slash","Underhanded Strike"],"picked":"Backstab","floor":3},{"not_picked":["Heel Hook","Acrobatics","Slice"],"picked":"SKIP","floor":6}],"player_experience":1085924,"relics_obtained":[{"floor":6,"key":"Gremlin Horn"},{"floor":9,"key":"Happy Flower"}],"event_choices":[{"damage_healed":0,"gold_gain":0,"player_choice":"Lose Max HP","damage_taken":0,"relics_obtained":["Golden Idol"],"max_hp_gain":0,"max_hp_loss":6,"event_name":"Golden Idol","floor":4,"gold_loss":0},{"damage_healed":0,"gold_gain":0,"player_choice":"Donut","damage_taken":0,"max_hp_gain":5,"max_hp_loss":0,"event_name":"Big Fish","floor":5,"gold_loss":0},{"damage_healed":0,"gold_gain":0,"player_choice":"Entered Light","damage_taken":20,"max_hp_gain":0,"max_hp_loss":0,"event_name":"Shining Light","floor":8,"gold_loss":0,"cards_upgraded":["Strike_G","Strike_G"]}],"is_beta":false,"boss_relics":[],"items_purged_floors":[],"is_endless":false,"potions_floor_spawned":[1],"killed_by":"Lagavulin","ascension_level":20}