{"gold_per_floor":[20,40,40,40,54,54,94,94,94,94,129,129,54,2,2,2],"floor_reached":16,"playtime":722,"items_purged":["Parasite"],"score":127,"play_id":"0c5e247d-df78-43ae-ac42-eaf685ca4717","local_time":"20190108180906","is_ascension_mode":true,"campfire_choices":[{"data":"Tempest","floor":6.0,"key":"SMITH"},{"data":"Zap","floor":8.0,"key":"SMITH"},{"data":"Reinforced Body","floor":10.0,"key":"SMITH"},{"data":"Conserve Battery","floor":15,"key":"SMITH"}],"neow_cost":"NO_GOLD","seed_source_timestamp":582194893092206,"circlet_count":0,"master_deck":["Strike_B","Strike_B","Strike_B","Defend_B","Defend_B","Defend_B","Defend_B","Zap+1","Dualcast","Reinforced Body+1","Tempest+1","Heatsinks","Coolheaded","Conserve Battery+1"],"special_seed":0,"relics":["Cracked Core","FossilizedHelix","Golden Idol","Frozen Egg 2","Meat on the Bone","Thread and Needle","Boot"],"potions_floor_usage":[],"damage_taken":[{"damage":0.0,"enemies":"Small Slimes","floor":1.0,"turns":3.0},{"damage":0.0,"enemies":"Jaw Worm","floor":2.0,"turns":4.0},{"damage":0.0,"enemies":"Cultist","floor":5.0,"turns":3.0},{"damage":7.0,"enemies":"Gremlin Nob","floor":7.0,"turns":5.0},{"damage":33.0,"enemies":"3 Sentries","floor":11.0,"turns":10.0},{"damage":51,"enemies":"Hexaghost","floor":16,"turns":15}],"seed_played":"1729890491185855177","potions_obtained":[{"floor":1.0,"key":"PowerPotion"}],"is_trial":false,"path_per_floor":["M","M","?","?","M","R","E","R","T","R","E","?","$","?","R","B"],"character_chosen":"DEFECT","items_purchased":[],"campfire_rested":0,"item_purchase_floors":[],"current_hp_per_floor":[75,75,57,57,57,57,50,50,50,50,29,47,47,47,47,0],"gold":2,"neow_bonus":"ONE_RARE_RELIC","is_prod":false,"is_daily":false,"chose_seed":false,"campfire_upgraded":4,"win_rate":0,"timestamp":1546992546,"path_taken":["M","M","?","?","M","R","E","R","T","R","E","?","?","?","R","BOSS"],"build_version":"2019-01-03v4","purchased_purges":1,"victory":false,"max_hp_per_floor":[75,75,75,75,75,75,75,75,75,75,75,75,72,72,72,72],"card_choices":[{"not_picked":["Steam Power","Steam"],"picked":"Reinforced Body","floor":1.0},{"not_picked":["Rebound","Auto Shields"],"picked":"Tempest","floor":2.0},{"not_picked":["Steam Power","Beam Cell"],"picked":"Coolheaded","floor":5.0},{"not_picked":["Barrage","Aggregate","Reinforced Body"],"picked":"SKIP","floor":7.0},{"not_picked":["Beam Cell","Streamline"],"picked":"Conserve Battery","floor":11.0}],"player_experience":156093,"relics_obtained":[{"floor":7.0,"key":"Frozen Egg 2"},{"floor":9.0,"key":"Meat on the Bone"},{"floor":11.0,"key":"Thread and Needle"}],"event_choices":[{"damage_healed":0.0,"max_hp_gain":0.0,"max_hp_loss":0.0,"gold_gain":0.0,"event_name":"Golden Idol","player_choice":"Take Damage","floor":3.0,"gold_loss":0.0,"damage_taken":18.0,"relics_obtained":["Golden Idol"]},{"damage_healed":0.0,"max_hp_gain":0.0,"max_hp_loss":0.0,"gold_gain":0.0,"cards_transformed":["Strike_B"],"event_name":"Living Wall","player_choice":"Change","floor":4.0,"gold_loss":0.0,"damage_taken":0.0,"cards_obtained":["Heatsinks"]},{"damage_healed":18,"gold_gain":0,"player_choice":"Healed and dodged fight","damage_taken":0,"max_hp_gain":0,"max_hp_loss":0,"event_name":"Mushrooms","floor":12,"gold_loss":0,"cards_obtained":["Parasite"]},{"damage_healed":0,"gold_gain":0,"player_choice":"Paid Gold","damage_taken":0,"relics_obtained":["Boot"],"max_hp_gain":0,"max_hp_loss":0,"event_name":"WeMeetAgain","floor":14,"gold_loss":52}],"is_beta":false,"boss_relics":[],"items_purged_floors":[13],"is_endless":false,"potions_floor_spawned":[1],"killed_by":"Hexaghost","ascension_level":4}