{"gold_per_floor":[369,380,380,76,95,129,141,170,170,170,190,209,240,260,260,335,335,345,47,47,47,59,59,59,79,79,79,107,2,22,57,69,155,167,194,105,122,13,67,67,94,94,118,143,163,163,193,293,293,293],"floor_reached":50,"playtime":9609,"items_purged":["Strike_G","Strike_G","Strike_G+1"],"score":1229,"play_id":"94c057b3-ed73-4b2e-ac63-be69a4790781","local_time":"20190116212143","is_ascension_mode":true,"campfire_choices":[{"data":"Cloak And Dagger","floor":10.0,"key":"SMITH"},{"data":"Cloak And Dagger","floor":15.0,"key":"SMITH"},{"data":"Infinite Blades","floor":23.0,"key":"SMITH"},{"floor":32.0,"key":"REST"},{"data":"Apotheosis","floor":40.0,"key":"SMITH"},{"data":"Night Terror","floor":42.0,"key":"SMITH"},{"floor":46.0,"key":"REST"},{"data":"Bouncing Flask","floor":49,"key":"SMITH"}],"neow_cost":"TEN_PERCENT_HP_LOSS","seed_source_timestamp":90546676173413,"circlet_count":0,"master_deck":["AscendersBane","Defend_G+1","Defend_G+1","Defend_G+1","Defend_G+1","Defend_G+1","Survivor","Neutralize","All Out Attack","Infinite Blades+1","Backstab","Cloak And Dagger+1","Terror","Well Laid Plans","Cloak And Dagger+1","Blur","PiercingWail","Corpse Explosion","Deadly Poison","Footwork","Neutralize","Blur","Escape Plan+1","Bouncing Flask+1","Night Terror+1","Footwork","Cloak And Dagger","Storm of Steel","Well Laid Plans","Apotheosis+1","Deflect+1"],"special_seed":0,"relics":["Ring of the Snake","Snake Skull","Kunai","Thread and Needle","Dodecahedron","Mummified Hand","Empty Cage","Membership Card","Sundial","Shuriken","MawBank","Busted Crown","Torii","Toxic Egg 2","The Specimen","Frozen Egg 2","Gambling Chip"],"potions_floor_usage":[50],"damage_taken":[{"damage":0.0,"enemies":"2 Louse","floor":1.0,"turns":4.0},{"damage":0.0,"enemies":"Small Slimes","floor":2.0,"turns":3.0},{"damage":0.0,"enemies":"Cultist","floor":5.0,"turns":4.0},{"damage":16.0,"enemies":"3 Sentries","floor":6.0,"turns":9.0},{"damage":1.0,"enemies":"Exordium Wildlife","floor":7.0,"turns":6.0},{"damage":20.0,"enemies":"Lagavulin","floor":8.0,"turns":7.0},{"damage":0.0,"enemies":"Looter","floor":11.0,"turns":3.0},{"damage":0.0,"enemies":"Blue Slaver","floor":12.0,"turns":3.0},{"damage":4.0,"enemies":"Gremlin Nob","floor":13.0,"turns":5.0},{"damage":0.0,"enemies":"Exordium Thugs","floor":14.0,"turns":4.0},{"damage":0.0,"enemies":"Hexaghost","floor":16.0,"turns":11.0},{"damage":17.0,"enemies":"2 Thieves","floor":18.0,"turns":3.0},{"damage":0.0,"enemies":"Chosen","floor":22.0,"turns":6.0},{"damage":0.0,"enemies":"Sentry and Sphere","floor":25.0,"turns":9.0},{"damage":17.0,"enemies":"Slavers","floor":28.0,"turns":4.0},{"damage":0.0,"enemies":"Cultist and Chosen","floor":30.0,"turns":5.0},{"damage":7.0,"enemies":"Gremlin Leader","floor":31.0,"turns":8.0},{"damage":3.0,"enemies":"Champ","floor":33.0,"turns":15.0},{"damage":0.0,"enemies":"3 Darklings","floor":35.0,"turns":4.0},{"damage":0.0,"enemies":"Orb Walker","floor":37.0,"turns":5.0},{"damage":33.0,"enemies":"2 Orb Walkers","floor":39.0,"turns":4.0},{"damage":0.0,"enemies":"Reptomancer","floor":41.0,"turns":7.0},{"damage":1.0,"enemies":"Giant Head","floor":44.0,"turns":8.0},{"damage":1.0,"enemies":"Transient","floor":45.0,"turns":5.0},{"damage":3.0,"enemies":"Nemesis","floor":47.0,"turns":7.0},{"damage":0,"enemies":"Mind Bloom Boss Battle","floor":48,"turns":8},{"damage":38,"enemies":"Awakened One","floor":50,"turns":3}],"seed_played":"-8103401405984164868","potions_obtained":[{"floor":6.0,"key":"SpeedPotion"},{"floor":8.0,"key":"Block Potion"},{"floor":13.0,"key":"PowerPotion"},{"floor":33.0,"key":"Fire Potion"},{"floor":41.0,"key":"Weak Potion"},{"floor":44.0,"key":"AttackPotion"},{"floor":47.0,"key":"Explosive Potion"}],"is_trial":false,"path_per_floor":["M","M","?","$","M","E","M","E","T","R","M","M","E","M","R","B",null,"M","$","?","?","M","R","?","M","T","?","E","$","M","E","R","B",null,"M","$","M","$","?","R","E","R","T","E","M","R","E","?","R","B"],"character_chosen":"THE_SILENT","items_purchased":["Snake Skull","Backstab","Membership Card","Footwork","Night Terror","Footwork","Well Laid Plans","Apotheosis","PowerPotion"],"campfire_rested":2,"item_purchase_floors":[4,4,19,19,29,29,36,38,38],"current_hp_per_floor":[59,59,64,64,64,48,47,27,27,27,27,27,23,23,23,23,55,38,38,38,38,38,38,38,38,38,38,21,21,21,14,33,30,56,56,56,56,56,23,23,23,23,23,22,21,40,37,37,37,0],"gold":293,"neow_bonus":"TWO_FIFTY_GOLD","is_prod":false,"is_daily":false,"chose_seed":false,"campfire_upgraded":6,"win_rate":0,"timestamp":1547670103,"path_taken":["M","M","?","$","M","E","M","E","T","R","M","M","E","M","R","BOSS","M","$","?","?","?","R","?","M","T","?","E","?","?","E","R","BOSS","M","?","M","$","?","R","E","R","T","E","M","R","E","?","R","BOSS"],"build_version":"2019-01-10","purchased_purges":3,"victory":false,"max_hp_per_floor":[60,60,65,65,65,65,65,65,65,65,65,65,65,65,65,65,65,65,65,65,65,65,65,65,65,65,65,65,65,65,65,65,65,65,65,65,65,65,65,65,65,65,65,65,65,65,65,65,65,65],"card_choices":[{"not_picked":["Deflect","Expertise"],"picked":"All Out Attack","floor":1.0},{"not_picked":["Acrobatics","Underhanded Strike"],"picked":"Infinite Blades","floor":2.0},{"not_picked":["Outmaneuver","Acrobatics"],"picked":"Cloak And Dagger","floor":5.0},{"not_picked":["Outmaneuver","Acrobatics","Sucker Punch"],"picked":"SKIP","floor":6.0},{"not_picked":["Predator","Dagger Throw"],"picked":"Terror","floor":7.0},{"not_picked":["Backflip","All Out Attack"],"picked":"Well Laid Plans","floor":8.0},{"not_picked":["Poisoned Stab","Blade Dance"],"picked":"Cloak And Dagger","floor":11.0},{"not_picked":["Flying Knee","Phantasmal Killer"],"picked":"Blur","floor":12.0},{"not_picked":["Terror","Accuracy","Bullet Time"],"picked":"SKIP","floor":13.0},{"not_picked":["Leg Sweep","Acrobatics"],"picked":"PiercingWail","floor":14.0},{"not_picked":["Venomology","Tools of the Trade"],"picked":"Corpse Explosion","floor":16.0},{"not_picked":["Prepared","Deflect"],"picked":"Deadly Poison","floor":18.0},{"not_picked":["Expertise","Underhanded Strike","Sucker Punch"],"picked":"SKIP","floor":22.0},{"not_picked":["Deadly Poison","PiercingWail"],"picked":"Escape Plan+1","floor":25.0},{"not_picked":["Deflect","Outmaneuver"],"picked":"Bouncing Flask","floor":28.0},{"not_picked":["Terror","Dagger Throw"],"picked":"Cloak And Dagger","floor":30.0},{"not_picked":["Cloak And Dagger","Prepared","Riddle With Holes"],"picked":"SKIP","floor":31.0},{"not_picked":["Die Die Die","Wraith Form v2"],"picked":"Storm of Steel","floor":33.0},{"not_picked":["Finisher"],"picked":"SKIP","floor":35.0},{"not_picked":["Deadly Poison"],"picked":"SKIP","floor":37.0},{"not_picked":["Riddle With Holes+1"],"picked":"SKIP","floor":41.0},{"not_picked":["Terror+1"],"picked":"SKIP","floor":44.0},{"not_picked":[],"picked":"Deflect+1","floor":45.0},{"not_picked":["Heel Hook"],"picked":"SKIP","floor":47.0}],"player_experience":883563,"relics_obtained":[{"floor":6.0,"key":"Kunai"},{"floor":8.0,"key":"Thread and Needle"},{"floor":9.0,"key":"Dodecahedron"},{"floor":13.0,"key":"Mummified Hand"},{"floor":26.0,"key":"Sundial"},{"floor":28.0,"key":"Shuriken"},{"floor":31.0,"key":"MawBank"},{"floor":39.0,"key":"Torii"},{"floor":41.0,"key":"Toxic Egg 2"},{"floor":44.0,"key":"The Specimen"},{"floor":47.0,"key":"Frozen Egg 2"},{"floor":48,"key":"Gambling Chip"}],"event_choices":[{"damage_healed":0.0,"max_hp_gain":5.0,"max_hp_loss":0.0,"gold_gain":0.0,"event_name":"Big Fish","player_choice":"Donut","floor":3.0,"gold_loss":0.0,"damage_taken":0.0},{"damage_healed":0.0,"max_hp_gain":0.0,"max_hp_loss":0.0,"gold_gain":0.0,"event_name":"Beggar","player_choice":"Ignored","floor":20.0,"gold_loss":0.0,"damage_taken":0.0},{"damage_healed":0.0,"max_hp_gain":0.0,"max_hp_loss":0.0,"gold_gain":0.0,"event_name":"Match and Keep!","player_choice":"2 cards matched","floor":21.0,"gold_loss":0.0,"damage_taken":0.0,"cards_obtained":["Neutralize","Blur"]},{"damage_healed":0.0,"max_hp_gain":0.0,"max_hp_loss":0.0,"gold_gain":0.0,"event_name":"Vampires","player_choice":"Ignored","floor":24.0,"gold_loss":0.0,"damage_taken":0.0},{"damage_healed":0.0,"max_hp_gain":0.0,"max_hp_loss":0.0,"gold_gain":0.0,"event_name":"Back to Basics","player_choice":"Simplicity","floor":27.0,"gold_loss":0.0,"damage_taken":0.0,"cards_upgraded":["Defend_G","Defend_G","Defend_G","Defend_G","Defend_G","Strike_G"]},{"damage_healed":0.0,"max_hp_gain":0.0,"max_hp_loss":0.0,"gold_gain":0.0,"event_name":"Mysterious Sphere","player_choice":"Fight","floor":39.0,"gold_loss":0.0,"damage_taken":0.0},{"damage_healed":0,"gold_gain":0,"player_choice":"Fight","damage_taken":0,"max_hp_gain":0,"max_hp_loss":0,"event_name":"MindBloom","floor":48,"gold_loss":0}],"is_beta":false,"boss_relics":[{"not_picked":["Fusion Hammer","Tiny House"],"picked":"Empty Cage"},{"not_picked":["Cursed Key","Orrery"],"picked":"Busted Crown"}],"items_purged_floors":[4,19,36],"is_endless":false,"potions_floor_spawned":[6,8,11,12,13,22,33,41,44,47],"killed_by":"Awakened One","ascension_level":15}