{"gold_per_floor":[109,128,147,147,147,147,172,172,196,216,231,248,4,4,4,75,75,95,105,30,30,49,49,66,398,398,444,456,481,493,509,509,509],"floor_reached":33,"playtime":2587,"items_purged":["Strike_G"],"score":509,"play_id":"16f30e96-16bf-44a8-bf0c-13f5c46e134f","local_time":"20190117191734","is_ascension_mode":true,"campfire_choices":[{"data":"Skewer","floor":6.0,"key":"SMITH"},{"data":"Neutralize","floor":8.0,"key":"SMITH"},{"floor":15.0,"key":"REST"},{"data":"Bouncing Flask","floor":23.0,"key":"SMITH"},{"data":"Well Laid Plans","floor":32.0,"key":"SMITH"}],"neow_cost":"NONE","seed_source_timestamp":178315043936537,"circlet_count":0,"master_deck":["AscendersBane","Defend_G","Defend_G","Defend_G","Defend_G","Defend_G","Strike_G","Strike_G","Survivor","Neutralize+1","Skewer+1","Poisoned Stab","Footwork","PiercingWail","Footwork","Dagger Spray","Escape Plan","Dodge and Roll","Well Laid Plans+1","Bouncing Flask+1","Footwork","Crippling Poison","Backflip+1","Envenom","Dodge and Roll"],"special_seed":0,"relics":["Ring of the Snake","Snake Skull","Orichalcum","Pen Nib","Bag of Preparation","Philosopher\u0027s Stone","Old Coin","Question Card","Blood Vial","Smiling Mask"],"potions_floor_usage":[],"damage_taken":[{"damage":1.0,"enemies":"Small Slimes","floor":1.0,"turns":4.0},{"damage":0.0,"enemies":"Jaw Worm","floor":2.0,"turns":5.0},{"damage":0.0,"enemies":"Cultist","floor":3.0,"turns":3.0},{"damage":37.0,"enemies":"Lagavulin","floor":7.0,"turns":7.0},{"damage":8.0,"enemies":"Exordium Thugs","floor":10.0,"turns":6.0},{"damage":2.0,"enemies":"3 Louse","floor":11.0,"turns":5.0},{"damage":0.0,"enemies":"Red Slaver","floor":12.0,"turns":4.0},{"damage":21.0,"enemies":"Slime Boss","floor":16.0,"turns":12.0},{"damage":3.0,"enemies":"Shell Parasite","floor":18.0,"turns":5.0},{"damage":0.0,"enemies":"Chosen","floor":19.0,"turns":6.0},{"damage":1.0,"enemies":"Centurion and Healer","floor":22.0,"turns":7.0},{"damage":4.0,"enemies":"Cultist and Chosen","floor":24.0,"turns":8.0},{"damage":11.0,"enemies":"Gremlin Leader","floor":25.0,"turns":9.0},{"damage":0.0,"enemies":"Snake Plant","floor":28.0,"turns":5.0},{"damage":38.0,"enemies":"Slavers","floor":29.0,"turns":6.0},{"damage":1.0,"enemies":"Snecko","floor":30.0,"turns":4.0},{"damage":10.0,"enemies":"3 Cultists","floor":31.0,"turns":6.0},{"damage":43,"enemies":"Collector","floor":33,"turns":6}],"seed_played":"-4678019543056026976","potions_obtained":[{"floor":3.0,"key":"Ancient Potion"},{"floor":7.0,"key":"Weak Potion"},{"floor":10.0,"key":"Block Potion"},{"floor":24.0,"key":"GamblersBrew"},{"floor":25.0,"key":"Explosive Potion"},{"floor":29.0,"key":"GhostInAJar"},{"floor":30.0,"key":"SkillPotion"}],"is_trial":false,"path_per_floor":["M","M","M","?","?","R","E","R","T","M","M","M","$","?","R","B",null,"M","M","?","?","M","R","M","E","T","T","M","E","M","M","R","B"],"character_chosen":"THE_SILENT","items_purchased":["Bag of Preparation","Dodge and Roll"],"campfire_rested":1,"item_purchase_floors":[13,13],"current_hp_per_floor":[58,58,58,51,56,56,19,19,19,11,9,9,9,9,30,9,56,53,53,53,81,80,80,76,65,65,65,67,31,32,24,24,0],"gold":509,"neow_bonus":"RANDOM_COMMON_RELIC","is_prod":false,"is_daily":false,"chose_seed":false,"campfire_upgraded":4,"win_rate":0,"timestamp":1547749054,"path_taken":["M","M","M","?","?","R","E","R","T","M","M","M","$","?","R","BOSS","M","M","?","?","?","R","M","E","T","?","M","E","M","M","R","BOSS"],"build_version":"2019-01-10","purchased_purges":1,"victory":false,"max_hp_per_floor":[66,66,66,66,71,71,71,71,71,71,71,71,71,71,71,71,71,71,71,71,81,81,81,81,81,81,81,81,81,81,81,81,81],"card_choices":[{"not_picked":["Slice","Endless Agony"],"picked":"Skewer","floor":1.0},{"not_picked":["Eviscerate","Endless Agony"],"picked":"Poisoned Stab","floor":2.0},{"not_picked":["Crippling Poison","Caltrops"],"picked":"Footwork","floor":3.0},{"not_picked":["Flechettes","Dodge and Roll"],"picked":"PiercingWail","floor":7.0},{"not_picked":["Outmaneuver","Quick Slash"],"picked":"Footwork","floor":10.0},{"not_picked":["Setup","Burst"],"picked":"Dagger Spray","floor":11.0},{"not_picked":["Deflect","Quick Slash"],"picked":"Escape Plan","floor":12.0},{"not_picked":["Tools of the Trade","Venomology"],"picked":"Glass Knife","floor":16.0},{"not_picked":["Dodge and Roll+1","Underhanded Strike"],"picked":"Well Laid Plans","floor":18.0},{"not_picked":["Blade Dance","Deadly Poison"],"picked":"Bouncing Flask","floor":19.0},{"not_picked":["All Out Attack","Dagger Spray"],"picked":"Footwork","floor":22.0},{"not_picked":["Distraction","All Out Attack"],"picked":"Crippling Poison","floor":24.0},{"not_picked":["Bane+1","Underhanded Strike+1"],"picked":"Backflip+1","floor":25.0},{"not_picked":["Calculated Gamble","Backflip+1","Deflect"],"picked":"Envenom","floor":28.0},{"not_picked":["Sucker Punch","Crippling Poison","Endless Agony","Distraction+1"],"picked":"SKIP","floor":29.0},{"not_picked":["Outmaneuver","Blade Dance+1","Distraction+1","Accuracy"],"picked":"SKIP","floor":30.0},{"not_picked":["Underhanded Strike","Dagger Spray","Dagger Throw"],"picked":"Dodge and Roll","floor":31.0}],"player_experience":917863,"relics_obtained":[{"floor":7.0,"key":"Orichalcum"},{"floor":9.0,"key":"Pen Nib"},{"floor":25.0,"key":"Old Coin"},{"floor":26.0,"key":"Question Card"},{"floor":27.0,"key":"Blood Vial"},{"floor":29.0,"key":"Smiling Mask"}],"event_choices":[{"cards_removed":["Strike_G"],"damage_healed":0.0,"max_hp_gain":0.0,"max_hp_loss":0.0,"gold_gain":0.0,"event_name":"Golden Wing","player_choice":"Card Removal","floor":4.0,"gold_loss":0.0,"damage_taken":7.0},{"damage_healed":0.0,"max_hp_gain":5.0,"max_hp_loss":0.0,"gold_gain":0.0,"event_name":"Big Fish","player_choice":"Donut","floor":5.0,"gold_loss":0.0,"damage_taken":0.0},{"damage_healed":0.0,"max_hp_gain":0.0,"max_hp_loss":0.0,"gold_gain":0.0,"event_name":"Shining Light","player_choice":"Ignored","floor":14.0,"gold_loss":0.0,"damage_taken":0.0},{"cards_removed":["Strike_G"],"damage_healed":0.0,"max_hp_gain":0.0,"max_hp_loss":0.0,"gold_gain":0.0,"event_name":"Beggar","player_choice":"Gave Gold","floor":20.0,"gold_loss":75.0,"damage_taken":0.0},{"cards_removed":["Glass Knife"],"damage_healed":18.0,"max_hp_gain":10.0,"max_hp_loss":0.0,"gold_gain":0.0,"event_name":"Bonfire Elementals","player_choice":"Offered Rare","floor":21.0,"gold_loss":0.0,"damage_taken":0.0}],"is_beta":false,"boss_relics":[{"not_picked":["Black Star","WristBlade"],"picked":"Philosopher\u0027s Stone"}],"items_purged_floors":[13],"is_endless":false,"potions_floor_spawned":[3,7,10,11,24,25,29,30],"killed_by":"Collector","ascension_level":15}