{"gold_per_floor":[119,37,37,37,37,62,119,131,131,131,149,184,194,194,194,267,267,279,299,316,333,333,333,24,41,41,41,65,83,83,98,98,176,176,188,204,204,204,216,216,250,19,19,44,0,16,16,16,16,16],"floor_reached":51,"playtime":4356,"items_purged":["Strike_R"],"score":1233,"play_id":"5b883b05-79ac-44e4-9f6c-46c736ef93e9","local_time":"20190203164025","is_ascension_mode":true,"campfire_choices":[{"data":"Whirlwind","floor":10.0,"key":"SMITH"},{"data":"Bludgeon","floor":15.0,"key":"SMITH"},{"data":"Spot Weakness","floor":23.0,"key":"SMITH"},{"data":"Ghostly","floor":30.0,"key":"SMITH"},{"data":"Ghostly","floor":32.0,"key":"SMITH"},{"data":"Ghostly","floor":40.0,"key":"SMITH"},{"data":"Limit Break","floor":47.0,"key":"SMITH"},{"floor":49.0,"key":"REST"}],"neow_cost":"NONE","seed_source_timestamp":1042565846971714,"circlet_count":0,"master_deck":["AscendersBane","Strike_R","Strike_R","Strike_R","Defend_R","Defend_R","Defend_R","Defend_R","Bash+1","Impervious","Whirlwind+1","Disarm","Battle Trance","Bludgeon+1","Burning Pact","Thunderclap","Feed","Shrug It Off+1","Spot Weakness+1","Armaments","Armaments+1","Ghostly+1","Ghostly+1","Ghostly+1","Metallicize+1","Havoc","Sword Boomerang","Ghostly Armor","Disarm","Impervious","Sword Boomerang+1","Battle Trance","Finesse","Limit Break+1","Shrug It Off+1"],"special_seed":0,"relics":["Burning Blood","NeowsBlessing","Calipers","Omamori","Frozen Egg 2","Meat on the Bone","Velvet Choker","Chemical X","Pen Nib","PreservedInsect","Philosopher\u0027s Stone","Happy Flower","Toxic Egg 2","Potion Belt","Red Mask"],"potions_floor_usage":[50],"damage_taken":[{"damage":0.0,"enemies":"Cultist","floor":1.0,"turns":1.0},{"damage":0.0,"enemies":"Lagavulin","floor":6.0,"turns":2.0},{"damage":0.0,"enemies":"Gremlin Nob","floor":7.0,"turns":1.0},{"damage":6.0,"enemies":"Jaw Worm","floor":8.0,"turns":5.0},{"damage":0.0,"enemies":"Small Slimes","floor":11.0,"turns":2.0},{"damage":15.0,"enemies":"3 Sentries","floor":12.0,"turns":8.0},{"damage":7.0,"enemies":"2 Fungi Beasts","floor":13.0,"turns":3.0},{"damage":41.0,"enemies":"The Guardian","floor":16.0,"turns":16.0},{"damage":25.0,"enemies":"2 Thieves","floor":18.0,"turns":4.0},{"damage":4.0,"enemies":"3 Byrds","floor":19.0,"turns":5.0},{"damage":23.0,"enemies":"Shelled Parasite and Fungi","floor":20.0,"turns":6.0},{"damage":24.0,"enemies":"Chosen and Byrds","floor":21.0,"turns":5.0},{"damage":0.0,"enemies":"Snake Plant","floor":25.0,"turns":5.0},{"damage":0.0,"enemies":"Snecko","floor":29.0,"turns":6.0},{"damage":7.0,"enemies":"Shelled Parasite and Fungi","floor":31.0,"turns":8.0},{"damage":30.0,"enemies":"Champ","floor":33.0,"turns":23.0},{"damage":19.0,"enemies":"3 Darklings","floor":35.0,"turns":14.0},{"damage":0.0,"enemies":"3 Shapes","floor":36.0,"turns":11.0},{"damage":29.0,"enemies":"Maw","floor":39.0,"turns":10.0},{"damage":24.0,"enemies":"Giant Head","floor":41.0,"turns":8.0},{"damage":30.0,"enemies":"Nemesis","floor":44.0,"turns":10.0},{"damage":6.0,"enemies":"4 Shapes","floor":46.0,"turns":9.0},{"damage":61,"enemies":"Awakened One","floor":50,"turns":11}],"seed_played":"4457343086276848103","potions_obtained":[{"floor":6.0,"key":"Fire Potion"},{"floor":7.0,"key":"PowerPotion"},{"floor":16.0,"key":"AttackPotion"},{"floor":20.0,"key":"LiquidBronze"},{"floor":29.0,"key":"Weak Potion"},{"floor":31.0,"key":"Ancient Potion"},{"floor":33.0,"key":"Regen Potion"},{"floor":41.0,"key":"EssenceOfSteel"},{"floor":46.0,"key":"BloodPotion"}],"is_trial":false,"path_per_floor":["M","$","?","?","?","E","?","M","T","R","M","E","M","?","R","B",null,"M","M","M","M","?","R","$","M","T","?","T","M","R","M","R","B",null,"M","M","?","?","M","R","E","$","T","E","?","M","R","$","R","B",null],"character_chosen":"IRONCLAD","items_purchased":["Impervious","Chemical X","Metallicize+1","Havoc","Limit Break"],"campfire_rested":1,"item_purchase_floors":[2,24,24,24,42],"current_hp_per_floor":[74,74,74,74,74,75,75,75,75,75,75,66,65,58,58,35,65,49,54,52,49,43,43,43,43,43,33,33,39,39,41,41,29,46,36,46,36,58,47,47,38,38,38,30,30,45,45,45,64,30],"gold":16,"neow_bonus":"THREE_ENEMY_KILL","is_prod":false,"is_daily":false,"chose_seed":false,"campfire_upgraded":7,"win_rate":0,"timestamp":1549208425,"path_taken":["M","$","?","?","?","E","?","M","T","R","M","E","M","?","R","BOSS","M","M","M","M","?","R","$","M","T","?","?","?","R","M","R","BOSS","M","M","?","?","?","R","E","$","T","E","?","M","R","$","R","BOSS"],"build_version":"2019-01-23","purchased_purges":1,"victory":true,"max_hp_per_floor":[75,75,75,75,75,75,75,75,75,75,75,75,75,75,75,75,75,78,81,84,87,43,43,43,43,43,48,48,48,48,51,51,51,51,54,58,58,58,58,58,58,58,58,62,62,65,65,65,65,68],"card_choices":[{"not_picked":["Flex","Body Slam","Armaments"],"picked":"SKIP","floor":1.0},{"not_picked":["Headbutt","Iron Wave"],"picked":"Whirlwind","floor":6.0},{"not_picked":["Clothesline","Body Slam"],"picked":"Disarm","floor":7.0},{"not_picked":["Warcry","Rampage"],"picked":"Battle Trance","floor":8.0},{"not_picked":["Bloodletting","Twin Strike"],"picked":"Bludgeon","floor":11.0},{"not_picked":["Seeing Red","Blood for Blood"],"picked":"Burning Pact","floor":12.0},{"not_picked":["Cleave","Burning Pact"],"picked":"Thunderclap","floor":13.0},{"not_picked":["Impervious","Exhume"],"picked":"Feed","floor":16.0},{"not_picked":["Havoc","Thunderclap"],"picked":"Shrug It Off+1","floor":18.0},{"not_picked":["Shrug It Off","Warcry"],"picked":"Spot Weakness","floor":19.0},{"not_picked":["Clothesline","Sever Soul"],"picked":"Armaments","floor":20.0},{"not_picked":["Twin Strike","Pommel Strike"],"picked":"Armaments+1","floor":21.0},{"not_picked":["Thunderclap","Dual Wield"],"picked":"Sword Boomerang","floor":25.0},{"not_picked":["Flex","Burning Pact"],"picked":"Ghostly Armor","floor":29.0},{"not_picked":["Ghostly Armor","Reckless Charge"],"picked":"Disarm","floor":31.0},{"not_picked":["Brutality+1","Dark Embrace+1"],"picked":"Impervious","floor":33.0},{"not_picked":["Disarm","Cleave"],"picked":"Sword Boomerang+1","floor":35.0},{"not_picked":["Body Slam","Searing Blow"],"picked":"Battle Trance","floor":36.0},{"not_picked":["Bandage Up","Jack Of All Trades"],"picked":"Finesse","floor":37.0},{"not_picked":["Second Wind+1","Warcry","Wild Strike+1"],"picked":"SKIP","floor":39.0},{"not_picked":["Twin Strike","Body Slam","Second Wind"],"picked":"SKIP","floor":41.0},{"not_picked":["Power Through+1","Feel No Pain+1","Sentinel+1"],"picked":"SKIP","floor":44.0},{"not_picked":["Flex+1","Clothesline"],"picked":"Shrug It Off+1","floor":46.0}],"player_experience":1168032,"relics_obtained":[{"floor":6.0,"key":"Calipers"},{"floor":7.0,"key":"Omamori"},{"floor":9.0,"key":"Frozen Egg 2"},{"floor":12.0,"key":"Meat on the Bone"},{"floor":26.0,"key":"Pen Nib"},{"floor":28.0,"key":"PreservedInsect"},{"floor":41.0,"key":"Happy Flower"},{"floor":43.0,"key":"Toxic Egg 2"},{"floor":44.0,"key":"Potion Belt"}],"event_choices":[{"damage_healed":0.0,"max_hp_gain":0.0,"max_hp_loss":0.0,"gold_gain":0.0,"event_name":"Liars Game","player_choice":"Ignored","floor":3.0,"gold_loss":0.0,"damage_taken":0.0},{"damage_healed":0.0,"max_hp_gain":0.0,"max_hp_loss":0.0,"gold_gain":0.0,"event_name":"The Cleric","player_choice":"Leave","floor":4.0,"gold_loss":0.0,"damage_taken":0.0},{"damage_healed":0.0,"max_hp_gain":0.0,"max_hp_loss":0.0,"gold_gain":0.0,"event_name":"Living Wall","player_choice":"Grow","floor":5.0,"gold_loss":0.0,"damage_taken":0.0,"cards_upgraded":["Bash"]},{"damage_healed":0.0,"max_hp_gain":0.0,"max_hp_loss":0.0,"gold_gain":0.0,"event_name":"Dead Adventurer","player_choice":"Searched \u00271\u0027 times","floor":7.0,"gold_loss":0.0,"damage_taken":0.0},{"cards_removed":["Strike_R"],"damage_healed":0.0,"max_hp_gain":0.0,"max_hp_loss":0.0,"gold_gain":0.0,"event_name":"Golden Wing","player_choice":"Card Removal","floor":14.0,"gold_loss":0.0,"damage_taken":7.0},{"damage_healed":0.0,"max_hp_gain":0.0,"max_hp_loss":44.0,"gold_gain":0.0,"event_name":"Ghosts","player_choice":"Became a Ghost","floor":22.0,"gold_loss":0.0,"damage_taken":0.0,"cards_obtained":["Ghostly","Ghostly","Ghostly"]},{"damage_healed":0.0,"max_hp_gain":5.0,"max_hp_loss":0.0,"gold_gain":0.0,"event_name":"Forgotten Altar","player_choice":"Shed Blood","floor":27.0,"gold_loss":0.0,"damage_taken":15.0},{"damage_healed":0.0,"max_hp_gain":0.0,"max_hp_loss":0.0,"gold_gain":0.0,"event_name":"SensoryStone","player_choice":"Memory 3","floor":37.0,"gold_loss":0.0,"damage_taken":10.0},{"damage_healed":22.0,"max_hp_gain":0.0,"max_hp_loss":0.0,"gold_gain":0.0,"event_name":"Wheel of Change","player_choice":"Full Heal","floor":38.0,"gold_loss":0.0,"damage_taken":0.0},{"damage_healed":0.0,"max_hp_gain":0.0,"max_hp_loss":0.0,"gold_gain":0.0,"event_name":"Tomb of Lord Red Mask","player_choice":"Paid","floor":45.0,"gold_loss":44.0,"damage_taken":0.0,"relics_obtained":["Red Mask"]}],"is_beta":false,"boss_relics":[{"not_picked":["Orrery","Tiny House"],"picked":"Velvet Choker"},{"not_picked":["White Beast Statue","Black Blood"],"picked":"Philosopher\u0027s Stone"}],"items_purged_floors":[42],"is_endless":false,"potions_floor_spawned":[6,7,13,16,20,21,29,31,33,36,41,46],"ascension_level":15}