{"gold_per_floor":[109,59,59,76,24,57,57,87,113,38,54,2,18,28,28,133,133,122,137,148,448,461,494,494,494],"floor_reached":25,"playtime":2947,"items_purged":["Strike_B"],"score":271,"play_id":"ac284102-bfef-4b13-a114-aa3da69d1800","local_time":"20190203000633","is_ascension_mode":true,"campfire_choices":[{"floor":7.0,"key":"REST"},{"data":"Zap","floor":15.0,"key":"SMITH"},{"floor":24,"key":"REST"}],"neow_cost":"NONE","seed_source_timestamp":0,"circlet_count":0,"master_deck":["Strike_B","Strike_B","Defend_B","Defend_B+1","Defend_B","Defend_B","Zap+1","Dualcast+1","Go for the Eyes","Stack","Cold Snap","BootSequence","Cold Snap","Hologram","Reinforced Body","Seek","Echo Form","Cold Snap","Writhe"],"special_seed":0,"relics":["Cracked Core","NeowsBlessing","Art of War","Torii","Centennial Puzzle","PreservedInsect","Busted Crown","Old Coin","The Courier"],"potions_floor_usage":[18,22,23,25],"damage_taken":[{"damage":0.0,"enemies":"2 Louse","floor":1.0,"turns":1.0},{"damage":0.0,"enemies":"Jaw Worm","floor":4.0,"turns":1.0},{"damage":0.0,"enemies":"3 Sentries","floor":6.0,"turns":1.0},{"damage":14.0,"enemies":"Lagavulin","floor":8.0,"turns":8.0},{"damage":0.0,"enemies":"Small Slimes","floor":11.0,"turns":2.0},{"damage":0.0,"enemies":"Gremlin Gang","floor":13.0,"turns":6.0},{"damage":2.0,"enemies":"Exordium Thugs","floor":14.0,"turns":6.0},{"damage":19.0,"enemies":"The Guardian","floor":16.0,"turns":15.0},{"damage":0,"enemies":"2 Thieves","floor":18,"turns":4},{"damage":0,"enemies":"3 Byrds","floor":19,"turns":5},{"damage":1,"enemies":"Snecko","floor":20,"turns":7},{"damage":3,"enemies":"Snake Plant","floor":22,"turns":8},{"damage":26,"enemies":"Slavers","floor":23,"turns":6},{"damage":70,"enemies":"Gremlin Leader","floor":25,"turns":9}],"seed_played":"174018442731407610","potions_obtained":[{"floor":8.0,"key":"SteroidPotion"},{"floor":14.0,"key":"FocusPotion"},{"floor":16.0,"key":"EssenceOfSteel"},{"floor":18,"key":"Explosive Potion"},{"floor":20,"key":"Weak Potion"}],"is_trial":false,"path_per_floor":["M","?","?","M","?","E","R","E","T","$","M","$","M","M","R","B",null,"M","M","M","?","M","E","R","E"],"character_chosen":"DEFECT","items_purchased":["Hologram"],"campfire_rested":2,"item_purchase_floors":[12],"current_hp_per_floor":[75,75,60,60,60,60,75,61,61,61,61,61,61,59,59,40,75,75,75,74,74,71,45,67,0],"gold":494,"neow_bonus":"THREE_ENEMY_KILL","is_prod":false,"is_daily":false,"chose_seed":false,"campfire_upgraded":1,"win_rate":0,"timestamp":1549152393,"path_taken":["M","?","?","M","?","E","R","E","T","$","M","$","M","M","R","BOSS","M","?","M","?","M","E","R","E"],"build_version":"2019-01-23","purchased_purges":1,"victory":false,"max_hp_per_floor":[75,75,75,75,75,75,75,75,75,75,75,75,75,75,75,75,75,75,75,75,75,75,75,75,75],"card_choices":[{"not_picked":["Leap","Tempest"],"picked":"Go for the Eyes","floor":1.0},{"not_picked":["Redo","Recycle"],"picked":"Stack","floor":4.0},{"not_picked":["Rip and Tear","Scrape"],"picked":"Cold Snap","floor":6.0},{"not_picked":["Ball Lightning","Doom and Gloom"],"picked":"BootSequence","floor":8.0},{"not_picked":["Coolheaded","Doom and Gloom"],"picked":"Cold Snap","floor":11.0},{"not_picked":["Go for the Eyes","Beam Cell"],"picked":"Reinforced Body","floor":13.0},{"not_picked":["Rebound","Leap"],"picked":"Seek","floor":14.0},{"not_picked":["Machine Learning","Meteor Strike"],"picked":"Echo Form","floor":16.0},{"not_picked":["Compile Driver"],"picked":"SKIP","floor":18},{"not_picked":[],"picked":"Cold Snap","floor":19},{"not_picked":["Compile Driver"],"picked":"SKIP","floor":20},{"not_picked":["Leap"],"picked":"SKIP","floor":22},{"not_picked":["Redo"],"picked":"SKIP","floor":23}],"player_experience":251775,"relics_obtained":[{"floor":6.0,"key":"Torii"},{"floor":8.0,"key":"Centennial Puzzle"},{"floor":9.0,"key":"PreservedInsect"},{"floor":23,"key":"The Courier"}],"event_choices":[{"cards_removed":["Strike_B"],"damage_healed":0.0,"max_hp_gain":0.0,"max_hp_loss":0.0,"gold_gain":0.0,"event_name":"The Cleric","player_choice":"Card Removal","floor":2.0,"gold_loss":50.0,"damage_taken":0.0},{"damage_healed":0.0,"max_hp_gain":0.0,"max_hp_loss":0.0,"gold_gain":0.0,"event_name":"Shining Light","player_choice":"Entered Light","floor":3.0,"gold_loss":0.0,"damage_taken":15.0,"cards_upgraded":["Defend_B","Dualcast"]},{"damage_healed":0.0,"max_hp_gain":0.0,"max_hp_loss":0.0,"gold_gain":0.0,"event_name":"WeMeetAgain","player_choice":"Paid Gold","floor":5.0,"gold_loss":52.0,"damage_taken":0.0,"relics_obtained":["Art of War"]},{"damage_healed":0,"gold_gain":0,"player_choice":"Opened","damage_taken":0,"relics_obtained":["Old Coin"],"max_hp_gain":0,"max_hp_loss":0,"event_name":"The Mausoleum","floor":21,"gold_loss":0,"cards_obtained":["Writhe"]}],"is_beta":false,"boss_relics":[{"not_picked":["Snecko Eye","Eternal Feather"],"picked":"Busted Crown"}],"items_purged_floors":[10],"is_endless":false,"potions_floor_spawned":[8,14,16,18,20],"killed_by":"Gremlin Leader","ascension_level":1}