{"path_per_floor":["M","M","?","$","M","R","E","R","T","M","M","M","?","M","R","B",null,"M","M","M","M","M","$","R","?","T","R","M","M","E","?","R","B",null,"M","$","M","?","M","E","R","M","T","?","M","R","M","M","R","B"],"character_chosen":"THE_SILENT","items_purchased":["Infinite Blades","Blood Vial","Bronze Scales","Lantern"],"gold_per_floor":[114,129,79,7,22,22,52,52,77,92,107,122,122,141,141,266,266,285,304,323,342,361,61,61,61,136,136,155,174,212,212,212,337,337,356,131,150,483,498,528,528,543,593,593,608,608,623,638,638,638],"floor_reached":51,"campfire_rested":2,"playtime":5694,"current_hp_per_floor":[68,67,66,65,64,63,61,61,60,58,58,57,43,43,54,53,52,50,50,49,42,42,42,42,42,42,42,41,30,32,32,32,12,35,34,33,32,31,30,29,28,24,24,24,21,21,7,1,20,18],"items_purged":["Strike_G"],"gold":638,"score":782,"play_id":"011e8bd5-0952-45b6-9e83-1e285cbfa814","local_time":"20180311114428","daily_mods":["Shiny","Uncertain Future","Terminal"],"is_prod":false,"is_daily":true,"is_ascension_mode":false,"campfire_upgraded":7,"timestamp":1520768668,"path_taken":["M","M","?","$","M","R","E","R","T","?","M","M","?","M","R","BOSS","M","M","M","M","M","$","R","?","T","R","M","?","E","?","R","BOSS","M","$","M","?","M","E","R","M","T","?","?","R","M","M","R","BOSS"],"build_version":"2018-03-09","purchased_purges":1,"victory":true,"master_deck":["Defend_G","Defend_G","Defend_G","Strike_G+1","Strike_G","Strike_G","Survivor","Neutralize","Die Die Die","Backflip","Blade Dance+1","Infinite Blades+1","Finisher+1","Adrenaline","Acrobatics","Footwork+1","Cloak And Dagger","Terror","Night Terror","Accuracy+1","Infinite Blades+1","Blur+1","A Thousand Cuts","Footwork+1"],"max_hp_per_floor":[68,67,66,65,64,63,62,61,60,59,58,57,56,55,54,53,52,51,50,49,48,47,46,45,44,43,42,41,40,39,38,37,36,35,34,33,32,31,30,29,28,27,26,25,24,23,22,21,20,19],"relics":["Ring of the Snake","Anchor","Art of War","Sozu","Blood Vial","Bronze Scales","Mummified Hand","Snake Skull","Lizard Tail","Lantern","Regal Pillow","Ancient Tea Set"],"card_choices":[{"not_picked":["Skewer","Poisoned Stab"],"picked":"Backflip"},{"not_picked":["Backflip","Acrobatics"],"picked":"Blade Dance"},{"not_picked":["Heel Hook","Acrobatics"],"picked":"Finisher"},{"not_picked":["Backstab","Flying Knee"],"picked":"Adrenaline"},{"not_picked":["Setup","Poisoned Stab"],"picked":"Acrobatics"},{"not_picked":["Underhanded Strike","Setup"],"picked":"Footwork"},{"not_picked":["Setup","Outmaneuver"],"picked":"Cloak And Dagger"},{"not_picked":["Envenom","Deadly Poison"],"picked":"Terror"},{"not_picked":["Envenom","Tactician"],"picked":"Night Terror"},{"not_picked":["Backflip","Flying Knee"],"picked":"Accuracy"},{"not_picked":["Flying Knee","Acrobatics"],"picked":"Infinite Blades"},{"not_picked":["Quick Slash","Outmaneuver"],"picked":"Blur"},{"not_picked":["Glass Knife","Corpse Explosion"],"picked":"A Thousand Cuts"},{"not_picked":["Dodge and Roll","Slice"],"picked":"Footwork"}],"player_experience":131107,"potions_floor_usage":[7,16,16,30,33],"damage_taken":[{"damage":0,"enemies":"Cultist","floor":1,"turns":4},{"damage":0,"enemies":"2 Louse","floor":2,"turns":2},{"damage":0,"enemies":"Small Slimes","floor":5,"turns":2},{"damage":2,"enemies":"Gremlin Nob","floor":7,"turns":4},{"damage":2,"enemies":"Gremlin Gang","floor":10,"turns":3},{"damage":0,"enemies":"Exordium Wildlife","floor":11,"turns":3},{"damage":0,"enemies":"Blue Slaver","floor":12,"turns":3},{"damage":0,"enemies":"Looter","floor":14,"turns":3},{"damage":0,"enemies":"Slime Boss","floor":16,"turns":7},{"damage":2,"enemies":"2 Thieves","floor":18,"turns":4},{"damage":0,"enemies":"Spheric Guardian","floor":19,"turns":3},{"damage":0,"enemies":"Centurion and Healer","floor":20,"turns":5},{"damage":7,"enemies":"Snake Plant","floor":21,"turns":5},{"damage":0,"enemies":"3 Cultists","floor":22,"turns":6},{"damage":0,"enemies":"Centurion and Healer","floor":28,"turns":3},{"damage":11,"enemies":"Snake Plant","floor":29,"turns":3},{"damage":0,"enemies":"Book of Stabbing","floor":30,"turns":3},{"damage":22,"enemies":"Automaton","floor":33,"turns":9},{"damage":0,"enemies":"Orb Walker","floor":35,"turns":2},{"damage":0,"enemies":"3 Darklings","floor":37,"turns":4},{"damage":0,"enemies":"4 Shapes","floor":39,"turns":7},{"damage":0,"enemies":"Giant Head","floor":40,"turns":4},{"damage":4,"enemies":"Maw","floor":42,"turns":6},{"damage":4,"enemies":"Sphere and 2 Shapes","floor":45,"turns":4},{"damage":16,"enemies":"3 Darklings","floor":47,"turns":4},{"damage":8,"enemies":"Maw","floor":48,"turns":7},{"damage":2,"enemies":"Donu and Deca","floor":50,"turns":9}],"event_choices":[{"event_name":"The Cleric","player_choice":"Card Removal","floor":3,"damage_taken":0},{"event_name":"Golden Idol","player_choice":"Take Damage","floor":13,"damage_taken":0},{"event_name":"Back to Basics","player_choice":"Elegance","floor":25,"damage_taken":0},{"event_name":"Drug Dealer","player_choice":"Ignored","floor":31,"damage_taken":0},{"event_name":"The Moai Head","player_choice":"Gave Idol","floor":38,"damage_taken":0}],"boss_relics":[{"not_picked":["Eternal Feather","Ectoplasm"],"picked":"Sozu"},{"not_picked":["Snecko Eye","The Specimen"],"picked":"Lizard Tail"}],"potions_floor_spawned":[1,5,11,12,16,20,28,29,30,33,39,42,48],"seed_played":"4792185374842203756","ascension_level":0,"is_trial":false}