{"gold_per_floor":[109,39,58,8,24,24,299,299,299,334,347,347,64,76,76,175,175,189,189,208,228,46,46,76,76,122,122,122,134,54,54,54,155,155,165,177,27,27,38,38,51,51,51,63,87,99,111,123,135,147],"floor_reached":51,"playtime":2481,"items_purged":["Regret","Strike_G"],"score":813,"play_id":"49055d80-146b-43fc-9066-34ab062d7fe5","local_time":"20190126214355","is_ascension_mode":false,"campfire_choices":[{"data":"A Thousand Cuts","floor":6,"key":"SMITH"},{"data":"Envenom","floor":8,"key":"SMITH"},{"data":"Footwork","floor":12,"key":"SMITH"},{"data":"Footwork","floor":15,"key":"SMITH"},{"data":"Noxious Fumes","floor":23,"key":"SMITH"},{"data":"Neutralize","floor":25,"key":"SMITH"},{"data":"Cloak And Dagger","floor":27,"key":"SMITH"},{"data":"Noxious Fumes","floor":32,"key":"SMITH"},{"data":"Footwork","floor":40,"key":"SMITH"},{"data":"Caltrops","floor":42,"key":"SMITH"},{"data":"Noxious Fumes","floor":46,"key":"SMITH"},{"data":"Blade Dance","floor":49,"key":"SMITH"}],"neow_cost":"CURSE","seed_source_timestamp":3696879482381,"circlet_count":0,"master_deck":["Defend_G+1","Defend_G+1","Defend_G+1","Defend_G+1","Defend_G+1","Strike_G+1","Strike_G+1","Strike_G+1","Survivor","Neutralize+1","Envenom+1","Footwork+1","Footwork+1","Leg Sweep","A Thousand Cuts+1","Caltrops+1","Poisoned Stab","Infinite Blades","Backflip","Poisoned Stab","Leg Sweep","Deflect","After Image+1","Blade Dance+1","Cloak And Dagger+1","Dodge and Roll","Noxious Fumes+1","Catalyst+1","Dodge and Roll","Noxious Fumes+1","Ghostly","Ghostly","Ghostly","Ghostly","Ghostly","Wraith Form v2+1","Footwork+1","Leg Sweep","Noxious Fumes+1"],"relics":["Ring of the Snake","Strawberry","Sundial","Sozu","Molten Egg 2","Juzu Bracelet","Velvet Choker","MawBank"],"potions_floor_usage":[14,14,16,16,50],"damage_taken":[{"damage":0,"enemies":"2 Louse","floor":1,"turns":4},{"damage":0,"enemies":"Small Slimes","floor":3,"turns":7},{"damage":0,"enemies":"Cultist","floor":5,"turns":6},{"damage":19,"enemies":"Lagavulin","floor":10,"turns":11},{"damage":2,"enemies":"3 Louse","floor":11,"turns":3},{"damage":0,"enemies":"Exordium Thugs","floor":14,"turns":2},{"damage":1,"enemies":"The Guardian","floor":16,"turns":11},{"damage":0,"enemies":"Shell Parasite","floor":18,"turns":7},{"damage":0,"enemies":"Chosen","floor":20,"turns":5},{"damage":2,"enemies":"Shelled Parasite and Fungi","floor":21,"turns":9},{"damage":0,"enemies":"Book of Stabbing","floor":24,"turns":6},{"damage":2,"enemies":"Cultist and Chosen","floor":29,"turns":5},{"damage":7,"enemies":"Collector","floor":33,"turns":7},{"damage":0,"enemies":"Orb Walker","floor":35,"turns":4},{"damage":0,"enemies":"3 Shapes","floor":36,"turns":4},{"damage":0,"enemies":"Writhing Mass","floor":39,"turns":7},{"damage":0,"enemies":"Transient","floor":41,"turns":5},{"damage":0,"enemies":"4 Shapes","floor":45,"turns":4},{"damage":0,"enemies":"Donu and Deca","floor":50,"turns":10}],"seed_played":"7283195347930889575","potions_obtained":[{"floor":1,"key":"Fire Potion"},{"floor":10,"key":"Energy Potion"},{"floor":11,"key":"Explosive Potion"},{"floor":14,"key":"Swift Potion"},{"floor":16,"key":"Block Potion"}],"is_trial":false,"path_per_floor":["M","$","M","?","M","R","?","R","T","E","M","R","$","M","R","B",null,"M","?","M","M","$","R","E","R","T","R","?","M","$","?","R","B",null,"M","M","$","?","M","R","M","R","T","$","M","R","?","?","R","B",null],"character_chosen":"THE_SILENT","items_purchased":["Footwork","Infinite Blades","Backflip","Poisoned Stab","Leg Sweep","Noxious Fumes","Noxious Fumes","Footwork","Leg Sweep"],"campfire_rested":0,"item_purchase_floors":[2,13,13,13,13,22,30,37,37],"current_hp_per_floor":[70,70,70,67,67,67,67,67,74,55,53,53,53,53,53,52,74,74,74,74,72,72,72,72,72,72,72,72,70,70,37,37,30,37,37,37,37,37,37,37,37,37,37,37,37,37,37,37,37,37],"gold":159,"neow_bonus":"THREE_RARE_CARDS","is_prod":false,"is_daily":false,"chose_seed":false,"campfire_upgraded":12,"win_rate":0,"timestamp":1548560635,"path_taken":["M","$","M","?","M","R","?","R","T","E","M","R","$","?","R","BOSS","M","?","M","M","?","R","E","R","T","R","?","M","$","?","R","BOSS","M","M","$","?","M","R","M","R","T","?","M","R","?","?","R","BOSS"],"build_version":"2019-01-23","purchased_purges":2,"victory":true,"max_hp_per_floor":[70,70,70,67,67,67,67,67,74,74,74,74,74,74,74,74,74,74,74,74,74,74,74,74,74,74,74,74,74,74,37,37,37,37,37,37,37,37,37,37,37,37,37,37,37,37,37,37,37,37],"card_choices":[{"not_picked":["A Thousand Cuts","Unload"],"picked":"Envenom","floor":0},{"not_picked":["Slice","Underhanded Strike"],"picked":"Footwork","floor":1},{"not_picked":["Deadly Poison","Endless Agony"],"picked":"Leg Sweep","floor":3},{"not_picked":["Dagger Throw","Blade Dance"],"picked":"A Thousand Cuts","floor":5},{"not_picked":["Endless Agony","Slice"],"picked":"Caltrops","floor":10},{"not_picked":["Dodge and Roll","Underhanded Strike"],"picked":"Poisoned Stab","floor":11},{"not_picked":["Dagger Spray","All Out Attack"],"picked":"Deflect","floor":14},{"not_picked":["Burst","Venomology"],"picked":"After Image","floor":16},{"not_picked":["Dagger Spray","Eviscerate"],"picked":"Blade Dance","floor":18},{"not_picked":["Reflex+1","Prepared"],"picked":"Cloak And Dagger","floor":20},{"not_picked":["PiercingWail","Venomology"],"picked":"Dodge and Roll","floor":21},{"not_picked":["Slice+1","Endless Agony"],"picked":"Catalyst+1","floor":24},{"not_picked":["PiercingWail","Deflect+1"],"picked":"Dodge and Roll","floor":29},{"not_picked":["Doppelganger","Glass Knife+1"],"picked":"Wraith Form v2","floor":33},{"not_picked":["All Out Attack+1","Escape Plan","Slice+1"],"picked":"SKIP","floor":35},{"not_picked":["Acrobatics","All Out Attack+1","Flying Knee+1"],"picked":"SKIP","floor":36},{"not_picked":["Deadly Poison","Underhanded Strike+1","Expertise+1"],"picked":"SKIP","floor":39},{"not_picked":["Outmaneuver+1","Flying Knee+1","Endless Agony+1"],"picked":"SKIP","floor":41},{"not_picked":["Finisher+1","Poisoned Stab+1"],"picked":"Noxious Fumes","floor":45}],"player_experience":646687,"relics_obtained":[{"floor":9,"key":"Strawberry"},{"floor":10,"key":"Sundial"},{"floor":24,"key":"Molten Egg 2"},{"floor":26,"key":"Juzu Bracelet"},{"floor":43,"key":"MawBank"}],"event_choices":[{"cards_removed":["Parasite"],"damage_healed":0,"gold_gain":0,"player_choice":"Card Removal","damage_taken":0,"max_hp_gain":0,"max_hp_loss":0,"event_name":"The Cleric","floor":4,"gold_loss":50},{"damage_healed":0,"gold_gain":275,"player_choice":"Desecrate","damage_taken":0,"max_hp_gain":0,"max_hp_loss":0,"event_name":"Golden Shrine","floor":7,"gold_loss":0,"cards_obtained":["Regret"]},{"damage_healed":0,"gold_gain":0,"player_choice":"Upgraded","damage_taken":0,"max_hp_gain":0,"max_hp_loss":0,"event_name":"Upgrade Shrine","floor":19,"gold_loss":0,"cards_upgraded":["After Image"]},{"damage_healed":0,"gold_gain":0,"player_choice":"Simplicity","damage_taken":0,"max_hp_gain":0,"max_hp_loss":0,"event_name":"Back to Basics","floor":28,"gold_loss":0,"cards_upgraded":["Defend_G","Defend_G","Defend_G","Defend_G","Defend_G","Strike_G","Strike_G","Strike_G","Strike_G"]},{"damage_healed":0,"gold_gain":0,"player_choice":"Became a Ghost","damage_taken":0,"max_hp_gain":0,"max_hp_loss":37,"event_name":"Ghosts","floor":31,"gold_loss":0,"cards_obtained":["Ghostly","Ghostly","Ghostly","Ghostly","Ghostly"]},{"damage_healed":0,"gold_gain":0,"player_choice":"Upgraded","damage_taken":0,"max_hp_gain":0,"max_hp_loss":0,"event_name":"Upgrade Shrine","floor":38,"gold_loss":0,"cards_upgraded":["Wraith Form v2"]},{"damage_healed":0,"gold_gain":0,"player_choice":"Ignored","damage_taken":0,"max_hp_gain":0,"max_hp_loss":0,"event_name":"Tomb of Lord Red Mask","floor":47,"gold_loss":0},{"cards_removed":["Strike_G"],"damage_healed":0,"gold_gain":0,"player_choice":"Removed Attack","damage_taken":0,"max_hp_gain":0,"max_hp_loss":0,"event_name":"Falling","floor":48,"gold_loss":0}],"is_beta":false,"boss_relics":[{"not_picked":["Fusion Hammer","Cursed Key"],"picked":"Sozu"},{"not_picked":["Orrery","Astrolabe"],"picked":"Velvet Choker"}],"items_purged_floors":[13,22],"is_endless":false,"potions_floor_spawned":[1,10,11,14,16,20,21,36],"ascension_level":0}