{"path_per_floor":["M","M","?","$","?","R","M","?","T","R","M","M","M","M","R","B",null,"M","M","?","?","M","R"],"character_chosen":"THE_SILENT","items_purchased":["Infinite Blades"],"gold_per_floor":[110,120,120,7,7,7,23,23,23,23,43,68,89,112,112,242,242,257,278,278,278,297,297],"floor_reached":24,"campfire_rested":3,"playtime":3079,"current_hp_per_floor":[66,66,52,52,35,56,48,48,48,69,69,69,57,54,54,36,70,62,50,50,50,46,67],"items_purged":["Strike_G"],"gold":297,"score":190,"play_id":"2b0e9393-dc84-4130-90b4-fae74f82fd56","is_prod":false,"is_daily":false,"is_ascension_mode":false,"campfire_upgraded":1,"path_taken":["M","M","?","$","?","R","M","?","T","R","M","M","?","M","R","BOSS","M","M","?","?","?","R","E"],"build_version":"2018-02-12-PROD1","purchased_purges":1,"victory":false,"master_deck":["Defend_G","Defend_G","Defend_G+1","Defend_G+1","Defend_G","Strike_G","Strike_G","Strike_G","Strike_G","Survivor","Neutralize","Infinite Blades+1","Masterful Stab","Infinite Blades+1","Masterful Stab","Endless Agony","Phantasmal Killer","Choke"],"max_hp_per_floor":[70,70,70,70,70,70,70,70,70,70,70,70,70,70,70,70,70,70,70,70,70,70,70],"relics":["Ring of the Snake","Bloody Idol","Frozen Eye","White Beast Statue"],"card_choices":[{"not_picked":["Well Laid Plans","Dagger Throw"],"picked":"Masterful Stab"},{"not_picked":["Prepared","Dagger Spray"],"picked":"Infinite Blades"},{"not_picked":["Flying Knee","Infinite Blades"],"picked":"Masterful Stab"},{"not_picked":["Catalyst","Heel Hook"],"picked":"Endless Agony"},{"not_picked":["Die Die Die","Unload"],"picked":"Phantasmal Killer"},{"not_picked":["Dagger Spray","Skewer"],"picked":"Choke"}],"player_experience":61081,"potions_floor_usage":[24],"damage_taken":[{"damage":4.0,"enemies":"Cultist","floor":1.0,"turns":4.0},{"damage":0.0,"enemies":"2 Louse","floor":2.0,"turns":3.0},{"damage":8.0,"enemies":"Blue Slaver","floor":7.0,"turns":5.0},{"damage":0.0,"enemies":"Exordium Wildlife","floor":11.0,"turns":4.0},{"damage":0.0,"enemies":"Large Slime","floor":12.0,"turns":8.0},{"damage":12.0,"enemies":"2 Fungi Beasts","floor":13.0,"turns":4.0},{"damage":3.0,"enemies":"Lots of Slimes","floor":14.0,"turns":3.0},{"damage":18.0,"enemies":"Slime Boss","floor":16.0,"turns":15.0},{"damage":8.0,"enemies":"Shell Parasite","floor":18.0,"turns":6.0},{"damage":12.0,"enemies":"3 Byrds","floor":19.0,"turns":8.0},{"damage":9.0,"enemies":"Snecko","floor":22.0,"turns":5.0},{"damage":52,"enemies":"Gremlin Leader","floor":24,"turns":6}],"event_choices":[{"event_name":"Shining Light","player_choice":"Entered Light","floor":3.0,"damage_taken":0.0},{"event_name":"Golden Idol","player_choice":"Take Damage","floor":5.0,"damage_taken":0.0},{"event_name":"Accursed Blacksmith","player_choice":"Forge","floor":8.0,"damage_taken":0.0},{"event_name":"Forgotten Altar","player_choice":"Gave Idol","floor":20.0,"damage_taken":0.0},{"event_name":"Vampires","player_choice":"Ignored","floor":21.0,"damage_taken":0.0}],"boss_relics":[],"potions_floor_spawned":[12,13,14,16,18,19,22],"seed_played":"1831614150088640647","killed_by":"Gremlin Leader","ascension_level":0,"is_trial":false}