{"gold_per_floor":[363,363,386,386,2,2,15,15,84,84,103,128,152,172,172,297,297,320,338,253,276,83,83,83,83,83,83,102,138,159,197,197,197],"floor_reached":33,"playtime":2242,"items_purged":["Strike_R","Strike_R"],"score":279,"play_id":"cff77415-240b-483c-b72c-a6926b36ac11","local_time":"20181108171556","is_ascension_mode":false,"campfire_choices":[{"data":"Uppercut","floor":6.0,"key":"SMITH"},{"data":"Infernal Blade","floor":8.0,"key":"SMITH"},{"data":"Whirlwind","floor":15.0,"key":"SMITH"},{"data":"True Grit","floor":23.0,"key":"SMITH"},{"data":"Feed","floor":25.0,"key":"SMITH"},{"data":"Feel No Pain","floor":27.0,"key":"SMITH"},{"data":"Body Slam","floor":32.0,"key":"SMITH"}],"neow_cost":"TEN_PERCENT_HP_LOSS","seed_source_timestamp":0,"circlet_count":0,"master_deck":["Strike_R","Defend_R","Defend_R","Defend_R","Defend_R","Bash","Uppercut+1","Cleave","Shrug It Off","Infernal Blade+1","Whirlwind+1","Disarm","Shrug It Off","Feed+1","Warcry+1","True Grit+1","Feel No Pain+1","Shrug It Off","Evolve","Body Slam+1","Dark Embrace"],"special_seed":0,"relics":["Burning Blood","Golden Idol","Mummified Hand","Self Forming Clay","Art of War","Mark of Pain","Omamori","Paper Frog","Regal Pillow","Dodecahedron"],"potions_floor_usage":[],"damage_taken":[{"damage":15.0,"enemies":"Jaw Worm","floor":1.0,"turns":5.0},{"damage":1.0,"enemies":"Small Slimes","floor":3.0,"turns":3.0},{"damage":4.0,"enemies":"Cultist","floor":7.0,"turns":3.0},{"damage":4.0,"enemies":"Blue Slaver","floor":11.0,"turns":2.0},{"damage":2.0,"enemies":"Exordium Thugs","floor":12.0,"turns":5.0},{"damage":0.0,"enemies":"2 Fungi Beasts","floor":13.0,"turns":3.0},{"damage":2.0,"enemies":"Looter","floor":14.0,"turns":3.0},{"damage":2.0,"enemies":"Slime Boss","floor":16.0,"turns":6.0},{"damage":19.0,"enemies":"Shell Parasite","floor":18.0,"turns":9.0},{"damage":12.0,"enemies":"2 Thieves","floor":19.0,"turns":3.0},{"damage":13.0,"enemies":"Snecko","floor":21.0,"turns":5.0},{"damage":13.0,"enemies":"Shelled Parasite and Fungi","floor":28.0,"turns":7.0},{"damage":3.0,"enemies":"Slavers","floor":29.0,"turns":4.0},{"damage":12.0,"enemies":"Centurion and Healer","floor":30.0,"turns":4.0},{"damage":13.0,"enemies":"Book of Stabbing","floor":31.0,"turns":6.0},{"damage":48,"enemies":"Automaton","floor":33,"turns":10}],"seed_played":"7502913434941893425","potions_obtained":[{"floor":3.0,"key":"AttackPotion"},{"floor":7.0,"key":"Explosive Potion"},{"floor":12.0,"key":"Swift Potion"},{"floor":18.0,"key":"LiquidBronze"},{"floor":19.0,"key":"Explosive Potion"},{"floor":29.0,"key":"Poison Potion"},{"floor":31.0,"key":"Ancient Potion"}],"is_trial":false,"path_per_floor":["M","?","M","?","$","R","M","R","T","?","M","M","M","M","R","B",null,"M","M","?","M","$","R","?","R","T","R","M","E","M","E","R","B"],"character_chosen":"IRONCLAD","items_purchased":["Mummified Hand","Shrug It Off","Feel No Pain","Shrug It Off"],"campfire_rested":0,"item_purchase_floors":[5,5,22,22],"current_hp_per_floor":[63,45,50,43,43,43,45,45,45,42,44,48,54,58,58,62,72,62,59,59,55,55,55,55,55,55,55,52,55,53,46,46,0],"gold":197,"neow_bonus":"TWO_FIFTY_GOLD","is_prod":false,"is_daily":false,"chose_seed":false,"campfire_upgraded":7,"win_rate":0,"timestamp":1541693756,"path_taken":["M","?","M","?","$","R","M","R","T","?","M","M","M","M","R","BOSS","M","M","?","M","$","R","?","R","T","R","?","E","M","E","R","BOSS"],"build_version":"2018-11-01","purchased_purges":2,"victory":false,"max_hp_per_floor":[72,72,72,72,72,72,72,72,72,72,72,72,72,72,72,72,72,75,78,78,81,81,81,81,81,81,81,85,85,89,89,89,89],"card_choices":[{"not_picked":["Havoc","Heavy Blade"],"picked":"Uppercut","floor":1.0},{"not_picked":["Havoc","Wild Strike"],"picked":"Cleave","floor":3.0},{"not_picked":["Anger","Pummel"],"picked":"Infernal Blade","floor":7.0},{"not_picked":["Bloodletting","Blood for Blood"],"picked":"Whirlwind","floor":11.0},{"not_picked":["Battle Trance","Entrench"],"picked":"Disarm","floor":12.0},{"not_picked":["Carnage","Anger"],"picked":"Shrug It Off","floor":13.0},{"not_picked":["Perfected Strike","Power Through","Clothesline"],"picked":"SKIP","floor":14.0},{"not_picked":["Barricade","Bludgeon"],"picked":"Feed","floor":16.0},{"not_picked":["Whirlwind+1","Flex"],"picked":"Warcry+1","floor":18.0},{"not_picked":["Wild Strike","Pommel Strike"],"picked":"True Grit","floor":19.0},{"not_picked":["Flex","Twin Strike","Cleave"],"picked":"SKIP","floor":21.0},{"not_picked":["Second Wind","Ghostly Armor"],"picked":"Evolve","floor":28.0},{"not_picked":["Twin Strike","Cleave+1"],"picked":"Body Slam","floor":29.0},{"not_picked":["Body Slam","Bloodletting","Havoc"],"picked":"SKIP","floor":30.0},{"not_picked":["Burning Pact+1","True Grit+1"],"picked":"Dark Embrace","floor":31.0}],"player_experience":468446,"relics_obtained":[{"floor":9.0,"key":"Self Forming Clay"},{"floor":26.0,"key":"Paper Frog"},{"floor":29.0,"key":"Regal Pillow"},{"floor":31.0,"key":"Dodecahedron"}],"event_choices":[{"damage_healed":0.0,"max_hp_gain":0.0,"max_hp_loss":0.0,"gold_gain":0.0,"event_name":"Golden Idol","player_choice":"Take Damage","floor":2.0,"gold_loss":0.0,"damage_taken":18.0,"relics_obtained":["Golden Idol"]},{"cards_removed":["Strike_R"],"damage_healed":0.0,"max_hp_gain":0.0,"max_hp_loss":0.0,"gold_gain":0.0,"event_name":"Golden Wing","player_choice":"Card Removal","floor":4.0,"gold_loss":0.0,"damage_taken":7.0},{"damage_healed":0.0,"max_hp_gain":0.0,"max_hp_loss":0.0,"gold_gain":0.0,"event_name":"Scrap Ooze","player_choice":"Success","floor":10.0,"gold_loss":0.0,"damage_taken":3.0,"relics_obtained":["Art of War"]},{"damage_healed":0.0,"max_hp_gain":0.0,"max_hp_loss":0.0,"gold_gain":0.0,"event_name":"Addict","player_choice":"Obtained Relic","floor":20.0,"gold_loss":85.0,"damage_taken":0.0,"relics_obtained":["Omamori"]},{"cards_removed":["Strike_R"],"damage_healed":0.0,"max_hp_gain":0.0,"max_hp_loss":0.0,"gold_gain":0.0,"event_name":"Purifier","player_choice":"Purged","floor":24.0,"gold_loss":0.0,"damage_taken":0.0}],"is_beta":false,"boss_relics":[{"not_picked":["Fusion Hammer","Sozu"],"picked":"Mark of Pain"}],"items_purged_floors":[5,22],"is_endless":false,"potions_floor_spawned":[3,7,12,14,18,19,29,31],"killed_by":"Automaton","ascension_level":0}