{"gold_per_floor":[113,45,45,45,65,65,98,114,114,130,160,160,160,160,160,255,255,269,269,269,17,32,57,57,74,126,144,174,174,184,217,217,316,316,332,332,432,63,77,77,110,110,110,60,86,9,9,23,23,23],"floor_reached":51,"playtime":3140,"items_purged":["Shame","Strike_R","Strike_R"],"score":1098,"play_id":"17e7c20e-1388-4e1f-bb19-908d0806669d","local_time":"20190114184420","is_ascension_mode":true,"campfire_choices":[{"data":"Uppercut","floor":6.0,"key":"SMITH"},{"data":"Intimidate","floor":13.0,"key":"SMITH"},{"data":"Shrug It Off","floor":15.0,"key":"SMITH"},{"data":"True Grit","floor":24.0,"key":"SMITH"},{"data":"Whirlwind","floor":29.0,"key":"SMITH"},{"data":"Demon Form","floor":32.0,"key":"SMITH"},{"data":"Warcry","floor":40,"key":"SMITH"},{"data":"Barricade","floor":42,"key":"SMITH"},{"data":"Flame Barrier","floor":49,"key":"SMITH"}],"neow_cost":"NONE","seed_source_timestamp":26760268400314,"circlet_count":0,"master_deck":["Strike_R","Strike_R","Defend_R","Defend_R","Defend_R","Defend_R","Bash","Uppercut+1","Flame Barrier+1","Shrug It Off+1","Intimidate+1","Ghostly Armor","Demon Form+1","Whirlwind+1","True Grit+1","Shrug It Off","Entrench+1","Warcry+1","Twin Strike+1","Ghostly Armor","Barricade+1","Flame Barrier+1","Metallicize"],"special_seed":0,"relics":["Burning Blood","NeowsBlessing","Dead Branch","Smiling Mask","Vajra","Coffee Dripper","Art of War","Nloth\u0027s Gift","Oddly Smooth Stone","FossilizedHelix","Bag of Preparation","Magic Flower","Bag of Marbles","Busted Crown","Unceasing Top","Mummified Hand","Blue Candle","Gremlin Horn","PreservedInsect"],"potions_floor_usage":[41,50],"damage_taken":[{"damage":0.0,"enemies":"Small Slimes","floor":1.0,"turns":1.0},{"damage":0.0,"enemies":"2 Louse","floor":5.0,"turns":1.0},{"damage":0.0,"enemies":"Lagavulin","floor":7.0,"turns":1.0},{"damage":1.0,"enemies":"Cultist","floor":8.0,"turns":4.0},{"damage":0.0,"enemies":"2 Fungi Beasts","floor":10.0,"turns":3.0},{"damage":12.0,"enemies":"Gremlin Nob","floor":11.0,"turns":3.0},{"damage":27.0,"enemies":"The Guardian","floor":16.0,"turns":15.0},{"damage":0.0,"enemies":"Chosen","floor":18.0,"turns":4.0},{"damage":4.0,"enemies":"Shell Parasite","floor":22.0,"turns":6.0},{"damage":49.0,"enemies":"Gremlin Leader","floor":23.0,"turns":8.0},{"damage":13.0,"enemies":"Cultist and Chosen","floor":25.0,"turns":5.0},{"damage":0.0,"enemies":"3 Cultists","floor":27.0,"turns":5.0},{"damage":3.0,"enemies":"Book of Stabbing","floor":28.0,"turns":6.0},{"damage":13.0,"enemies":"Chosen and Byrds","floor":30.0,"turns":6.0},{"damage":13.0,"enemies":"Gremlin Leader","floor":31.0,"turns":4.0},{"damage":0,"enemies":"Collector","floor":33,"turns":10},{"damage":0,"enemies":"3 Shapes","floor":35,"turns":5},{"damage":7,"enemies":"Mind Bloom Boss Battle","floor":37,"turns":10},{"damage":0,"enemies":"Orb Walker","floor":39,"turns":5},{"damage":5,"enemies":"Reptomancer","floor":41,"turns":9},{"damage":12,"enemies":"Nemesis","floor":45,"turns":9},{"damage":0,"enemies":"Sphere and 2 Shapes","floor":48,"turns":12},{"damage":6,"enemies":"Donu and Deca","floor":50,"turns":4}],"seed_played":"7295239230756415573","potions_obtained":[{"floor":7.0,"key":"SteroidPotion"},{"floor":10.0,"key":"BloodPotion"},{"floor":11.0,"key":"LiquidBronze"},{"floor":18.0,"key":"LiquidBronze"},{"floor":22.0,"key":"GamblersBrew"},{"floor":28.0,"key":"Fire Potion"},{"floor":33,"key":"SpeedPotion"},{"floor":45,"key":"Block Potion"}],"is_trial":false,"path_per_floor":["M","$","?","?","M","R","E","M","T","M","E","?","R","?","R","B",null,"M","?","?","$","M","E","R","M","T","M","E","R","M","E","R","B",null,"M","?","?","$","M","R","E","R","T","$","E","$","?","M","R","B",null],"character_chosen":"IRONCLAD","items_purchased":["Flame Barrier","Oddly Smooth Stone","True Grit","Mummified Hand","Flame Barrier","Metallicize"],"campfire_rested":0,"item_purchase_floors":[2,21,21,38,38,46],"current_hp_per_floor":[80,80,80,80,80,80,80,80,80,82,76,69,69,62,62,41,82,82,82,82,82,82,39,39,32,32,38,41,41,61,81,81,82,82,82,82,82,82,82,82,82,82,82,82,79,79,92,92,92,92],"gold":23,"neow_bonus":"THREE_ENEMY_KILL","is_prod":false,"is_daily":false,"chose_seed":false,"campfire_upgraded":9,"win_rate":0,"timestamp":1547513060,"path_taken":["M","$","?","?","?","R","E","M","T","M","E","?","R","?","R","BOSS","M","?","?","$","?","E","R","M","T","M","E","R","M","E","R","BOSS","M","?","?","$","M","R","E","R","T","?","E","$","?","M","R","BOSS"],"build_version":"2019-01-10","purchased_purges":3,"victory":true,"max_hp_per_floor":[80,80,80,80,80,80,80,80,80,82,82,82,82,82,82,82,82,82,82,82,82,82,82,82,82,82,82,82,82,82,82,82,82,82,82,82,82,82,82,82,82,82,82,82,82,82,92,92,92,92],"card_choices":[{"not_picked":["Anger","Searing Blow"],"picked":"Uppercut","floor":1.0},{"not_picked":["Clothesline","Anger"],"picked":"Shrug It Off","floor":5.0},{"not_picked":["Clothesline","Twin Strike"],"picked":"Intimidate","floor":7.0},{"not_picked":["Wild Strike","Flex","Evolve"],"picked":"SKIP","floor":8.0},{"not_picked":["Perfected Strike","Havoc","Twin Strike"],"picked":"Singing Bowl","floor":10.0},{"not_picked":["Immolate","Seeing Red"],"picked":"Ghostly Armor","floor":11.0},{"not_picked":["Exhume","Bludgeon"],"picked":"Demon Form","floor":16.0},{"not_picked":["Pommel Strike","Thunderclap"],"picked":"Whirlwind","floor":18.0},{"not_picked":["Searing Blow","Wild Strike"],"picked":"Shrug It Off","floor":22.0},{"not_picked":["True Grit","Body Slam"],"picked":"Entrench+1","floor":23.0},{"not_picked":["Flex","Headbutt"],"picked":"Warcry","floor":25.0},{"not_picked":["Flex","Perfected Strike"],"picked":"Twin Strike+1","floor":27.0},{"not_picked":["Demon Form","Immolate"],"picked":"Reaper","floor":28.0},{"not_picked":["Armaments","Perfected Strike","Carnage"],"picked":"SKIP","floor":30.0},{"not_picked":["Warcry","Clash"],"picked":"Ghostly Armor","floor":31.0},{"not_picked":["Juggernaut","Double Tap"],"picked":"Barricade","floor":33},{"not_picked":["Dropkick"],"picked":"SKIP","floor":35},{"not_picked":["Hemokinesis+1"],"picked":"SKIP","floor":39},{"not_picked":["Exhume"],"picked":"SKIP","floor":41},{"not_picked":["Armaments"],"picked":"SKIP","floor":45},{"not_picked":["Ghostly Armor"],"picked":"SKIP","floor":48},{"not_picked":["Ghostly Armor"],"picked":"SKIP","floor":48}],"player_experience":186175,"relics_obtained":[{"floor":7.0,"key":"Dead Branch"},{"floor":9.0,"key":"Singing Bowl"},{"floor":11.0,"key":"Smiling Mask"},{"floor":23.0,"key":"FossilizedHelix"},{"floor":26.0,"key":"Bag of Preparation"},{"floor":28.0,"key":"Magic Flower"},{"floor":31.0,"key":"Bag of Marbles"},{"floor":37,"key":"Unceasing Top"},{"floor":41,"key":"Blue Candle"},{"floor":43,"key":"Gremlin Horn"},{"floor":45,"key":"PreservedInsect"}],"event_choices":[{"damage_healed":0.0,"max_hp_gain":0.0,"max_hp_loss":0.0,"gold_gain":0.0,"event_name":"Liars Game","player_choice":"Ignored","floor":3.0,"gold_loss":0.0,"damage_taken":0.0},{"damage_healed":0.0,"max_hp_gain":0.0,"max_hp_loss":0.0,"gold_gain":0.0,"event_name":"Accursed Blacksmith","player_choice":"Forge","floor":4.0,"gold_loss":0.0,"damage_taken":0.0,"cards_upgraded":["Flame Barrier"]},{"damage_healed":0.0,"max_hp_gain":0.0,"max_hp_loss":0.0,"gold_gain":0.0,"event_name":"Scrap Ooze","player_choice":"Success","floor":12.0,"gold_loss":0.0,"damage_taken":7.0,"relics_obtained":["Vajra"]},{"cards_removed":["Strike_R"],"damage_healed":0.0,"max_hp_gain":0.0,"max_hp_loss":0.0,"gold_gain":0.0,"event_name":"Golden Wing","player_choice":"Card Removal","floor":14.0,"gold_loss":0.0,"damage_taken":7.0},{"damage_healed":0.0,"max_hp_gain":0.0,"max_hp_loss":0.0,"gold_gain":0.0,"event_name":"Addict","player_choice":"Stole Relic","floor":19.0,"gold_loss":0.0,"damage_taken":0.0,"relics_obtained":["Art of War"],"cards_obtained":["Shame"]},{"damage_healed":0.0,"max_hp_gain":0.0,"max_hp_loss":0.0,"gold_gain":0.0,"event_name":"N\u0027loth","player_choice":"Traded Relic","floor":20.0,"relics_lost":["Singing Bowl"],"gold_loss":0.0,"damage_taken":0.0,"relics_obtained":["Nloth\u0027s Gift"]},{"damage_healed":0,"gold_gain":0,"player_choice":"Ignored","damage_taken":0,"max_hp_gain":0,"max_hp_loss":0,"event_name":"Tomb of Lord Red Mask","floor":36,"gold_loss":0},{"damage_healed":0,"gold_gain":0,"player_choice":"Fight","damage_taken":0,"max_hp_gain":0,"max_hp_loss":0,"event_name":"MindBloom","floor":37,"gold_loss":0},{"cards_removed":["Reaper"],"damage_healed":3,"gold_gain":0,"player_choice":"Offered Rare","damage_taken":0,"max_hp_gain":10,"max_hp_loss":0,"event_name":"Bonfire Elementals","floor":47,"gold_loss":0}],"is_beta":false,"boss_relics":[{"not_picked":["Orrery","Sozu"],"picked":"Coffee Dripper"},{"not_picked":["Black Star","Pandora\u0027s Box"],"picked":"Busted Crown"}],"items_purged_floors":[21,38,44],"is_endless":false,"potions_floor_spawned":[7,10,11,18,22,28,33,37,45,48],"ascension_level":4}