{"gold_per_floor":[111,129,109,121,131,131,144,144,144,165,179,210,230,230,230,307,307,291,291,7,18,18,18,43,62,62,72,72,24,38,50,50,123,123,140,150,250,264,264,264],"floor_reached":40,"playtime":2778,"items_purged":["Defend_B"],"score":700,"play_id":"f379abbf-4d63-4c96-a613-207854f70ac6","local_time":"20190203154633","is_ascension_mode":true,"campfire_choices":[{"data":"Defragment","floor":6,"key":"SMITH"},{"data":"Zap","floor":8,"key":"SMITH"},{"data":"Go for the Eyes","floor":15,"key":"SMITH"},{"data":"White Noise","floor":23,"key":"SMITH"},{"data":"Redo","floor":28,"key":"SMITH"},{"data":"Capacitor","floor":32,"key":"SMITH"}],"neow_cost":"NONE","seed_source_timestamp":922546582307000,"circlet_count":0,"master_deck":["AscendersBane","Strike_B","Strike_B","Defend_B","Defend_B","Zap+1","Dualcast","Redo+1","Defragment+1","Glacier","White Noise+1","Echo Form","Go for the Eyes+1","Self Repair","Conserve Battery","Biased Cognition","Creative AI","Hologram+1","Defragment+1","Coolheaded","Conserve Battery+1","Ball Lightning","Capacitor+1","Thunder Strike+1","Compile Driver+1","Turbo","Parasite","Redo"],"relics":["Cracked Core","NeowsBlessing","DataDisk","Odd Mushroom","Anchor","Nuclear Battery","CultistMask","DollysMirror","Cables","Molten Egg 2","Empty Cage"],"potions_floor_usage":[3,12,12,16,27,30,35,36,38],"damage_taken":[{"damage":0,"enemies":"Cultist","floor":1,"turns":1},{"damage":0,"enemies":"2 Louse","floor":2,"turns":1},{"damage":0,"enemies":"Jaw Worm","floor":4,"turns":1},{"damage":0,"enemies":"2 Fungi Beasts","floor":5,"turns":5},{"damage":8,"enemies":"3 Louse","floor":7,"turns":4},{"damage":17,"enemies":"The Mushroom Lair","floor":10,"turns":5},{"damage":12,"enemies":"Lots of Slimes","floor":11,"turns":4},{"damage":6,"enemies":"Gremlin Nob","floor":12,"turns":6},{"damage":9,"enemies":"Blue Slaver","floor":13,"turns":6},{"damage":5,"enemies":"The Guardian","floor":16,"turns":12},{"damage":17,"enemies":"2 Thieves","floor":18,"turns":4},{"damage":0,"enemies":"Spheric Guardian","floor":21,"turns":4},{"damage":55,"enemies":"Slavers","floor":24,"turns":7},{"damage":0,"enemies":"Chosen and Byrds","floor":25,"turns":5},{"damage":0,"enemies":"Sentry and Sphere","floor":27,"turns":6},{"damage":0,"enemies":"Snake Plant","floor":30,"turns":4},{"damage":0,"enemies":"Snecko","floor":31,"turns":7},{"damage":40,"enemies":"Automaton","floor":33,"turns":10},{"damage":9,"enemies":"3 Darklings","floor":35,"turns":5},{"damage":29,"enemies":"3 Shapes","floor":36,"turns":4},{"damage":10,"enemies":"Writhing Mass","floor":38,"turns":6},{"damage":42,"enemies":"Awakened One","floor":40,"turns":3}],"seed_played":"-8081738990597500636","potions_obtained":[{"floor":3,"key":"Fruit Juice"},{"floor":4,"key":"Weak Potion"},{"floor":7,"key":"Dexterity Potion"},{"floor":11,"key":"Poison Potion"},{"floor":13,"key":"SteroidPotion"},{"floor":25,"key":"Regen Potion"},{"floor":30,"key":"Weak Potion"},{"floor":33,"key":"SkillPotion"},{"floor":36,"key":"Fire Potion"}],"is_trial":false,"path_per_floor":["M","M","?","M","M","R","M","R","T","?","M","E","M","?","R","B",null,"M","?","$","M","?","R","E","M","T","M","R","$","M","M","R","B",null,"M","M","?","M","?","B"],"character_chosen":"DEFECT","items_purchased":["DollysMirror","PowerPotion"],"campfire_rested":0,"item_purchase_floors":[20,29],"current_hp_per_floor":[64,64,69,69,69,69,61,61,61,44,32,33,38,38,38,40,67,64,64,64,71,71,71,23,30,30,58,58,58,58,72,72,39,67,65,43,43,40,40,0],"gold":264,"neow_bonus":"THREE_ENEMY_KILL","is_prod":false,"is_daily":false,"chose_seed":false,"campfire_upgraded":6,"win_rate":0,"timestamp":1549208793,"path_taken":["M","?","?","M","M","R","?","R","T","?","M","E","M","?","R","BOSS","M","?","$","?","?","R","E","?","T","M","R","?","M","M","R","BOSS","M","M","?","?","?","BOSS"],"build_version":"2019-01-23","purchased_purges":1,"victory":false,"max_hp_per_floor":[71,71,76,76,76,76,76,76,76,76,76,76,76,76,76,76,76,76,76,76,76,76,76,76,76,76,76,76,76,76,76,76,76,76,76,76,76,76,76,76],"card_choices":[{"not_picked":["Melter","Steam"],"picked":"Redo","floor":1},{"not_picked":["Turbo","Gash"],"picked":"Defragment","floor":2},{"not_picked":["Double Energy","Steam"],"picked":"Glacier","floor":4},{"not_picked":["Barrage","Leap"],"picked":"White Noise","floor":5},{"not_picked":["Turbo","Beam Cell"],"picked":"Echo Form","floor":7},{"not_picked":["Storm","Glacier"],"picked":"Go for the Eyes","floor":10},{"not_picked":["Ball Lightning","Turbo"],"picked":"Self Repair","floor":11},{"not_picked":["Gash","FTL"],"picked":"Conserve Battery","floor":12},{"not_picked":["Leap","Tempest"],"picked":"Biased Cognition","floor":13},{"not_picked":["Amplify","Reboot"],"picked":"Creative AI","floor":16},{"not_picked":["Rebound","Sunder"],"picked":"Hologram+1","floor":18},{"not_picked":["Streamline","Static Discharge"],"picked":"Coolheaded","floor":21},{"not_picked":["Leap","All For One"],"picked":"Conserve Battery+1","floor":24},{"not_picked":["Hello World","Force Field"],"picked":"Ball Lightning","floor":25},{"not_picked":["Sweeping Beam+1","Coolheaded","Ball Lightning+1"],"picked":"SKIP","floor":27},{"not_picked":["Sweeping Beam+1","Steam Power"],"picked":"Capacitor","floor":30},{"not_picked":["Sweeping Beam+1","Hello World","Streamline+1"],"picked":"SKIP","floor":31},{"not_picked":["Machine Learning","Multi-Cast"],"picked":"Thunder Strike+1","floor":33},{"not_picked":["Chill","Beam Cell+1"],"picked":"Compile Driver+1","floor":35},{"not_picked":["Steam","Hologram"],"picked":"Turbo","floor":36},{"not_picked":["Sunder+1","Beam Cell+1"],"picked":"Redo","floor":38}],"player_experience":251920,"relics_obtained":[{"floor":9,"key":"DataDisk"},{"floor":10,"key":"Odd Mushroom"},{"floor":12,"key":"Anchor"},{"floor":24,"key":"Cables"},{"floor":26,"key":"Molten Egg 2"}],"event_choices":[{"damage_healed":0,"gold_gain":0,"player_choice":"Bought 1 Potion","damage_taken":0,"max_hp_gain":0,"max_hp_loss":0,"event_name":"The Woman in Blue","floor":3,"gold_loss":0},{"damage_healed":0,"gold_gain":0,"player_choice":"Fought Mushrooms","damage_taken":0,"max_hp_gain":0,"max_hp_loss":0,"event_name":"Mushrooms","floor":10,"gold_loss":0},{"damage_healed":0,"gold_gain":0,"player_choice":"Ignored","damage_taken":0,"max_hp_gain":0,"max_hp_loss":0,"event_name":"Shining Light","floor":14,"gold_loss":0},{"damage_healed":0,"gold_gain":0,"player_choice":"Trade","damage_taken":0,"relics_obtained":["CultistMask"],"max_hp_gain":0,"max_hp_loss":0,"event_name":"FaceTrader","floor":19,"gold_loss":0},{"cards_removed":["Defend_B"],"damage_healed":0,"gold_gain":0,"player_choice":"Offered Basic","damage_taken":0,"max_hp_gain":0,"max_hp_loss":0,"event_name":"Bonfire Elementals","floor":22,"gold_loss":0},{"damage_healed":0,"gold_gain":100,"player_choice":"Pray","damage_taken":0,"max_hp_gain":0,"max_hp_loss":0,"event_name":"Golden Shrine","floor":37,"gold_loss":0},{"damage_healed":0,"gold_gain":0,"player_choice":"Took Portal","damage_taken":0,"max_hp_gain":0,"max_hp_loss":0,"event_name":"SecretPortal","floor":39,"gold_loss":0}],"is_beta":false,"boss_relics":[{"not_picked":["Fusion Hammer","Pandora\u0027s Box"],"picked":"Nuclear Battery"},{"not_picked":["Runic Pyramid","Runic Dome"],"picked":"Empty Cage"}],"items_purged_floors":[20],"is_endless":false,"potions_floor_spawned":[4,7,11,13,25,30,33,36],"killed_by":"Awakened One","ascension_level":14}