{"gold_per_floor":[117,127,145,145,145,180,180,180,234,251,278,278,278],"floor_reached":13,"playtime":729,"items_purged":[],"score":186,"play_id":"e9100ef1-db4f-4b97-97bf-3b38bb983d87","local_time":"20190203114524","is_ascension_mode":true,"campfire_choices":[{"data":"Deadly Poison","floor":8,"key":"SMITH"},{"floor":12,"key":"REST"}],"neow_cost":"NONE","seed_source_timestamp":1045518314205881,"circlet_count":0,"master_deck":["AscendersBane","Defend_G","Defend_G","Defend_G","Defend_G","Defend_G","Strike_G","Strike_G","Strike_G","Strike_G","Survivor","Neutralize","Flying Knee","Skewer+1","Deadly Poison+1","Backflip","Bullet Time"],"relics":["Ring of the Snake","Dream Catcher","CultistMask","Tiny Chest","Oddly Smooth Stone"],"potions_floor_usage":[6,11],"damage_taken":[{"damage":0,"enemies":"2 Louse","floor":1,"turns":3},{"damage":4,"enemies":"Small Slimes","floor":2,"turns":4},{"damage":7,"enemies":"Cultist","floor":3,"turns":5},{"damage":15,"enemies":"3 Sentries","floor":6,"turns":6},{"damage":3,"enemies":"2 Fungi Beasts","floor":10,"turns":4},{"damage":17,"enemies":"Lagavulin","floor":11,"turns":9},{"damage":33,"enemies":"Gremlin Nob","floor":13,"turns":3}],"seed_played":"3438715542243416912","potions_obtained":[{"floor":1,"key":"Ancient Potion"},{"floor":3,"key":"Explosive Potion"}],"is_trial":false,"path_per_floor":["?","?","?","M"],"character_chosen":"THE_SILENT","items_purchased":[],"campfire_rested":1,"item_purchase_floors":[],"current_hp_per_floor":[59,55,48,41,41,26,26,26,26,23,6,25,0],"gold":278,"neow_bonus":"THREE_CARDS","is_prod":false,"is_daily":false,"chose_seed":false,"campfire_upgraded":1,"win_rate":0,"timestamp":1549187124,"path_taken":["M","M","M","?","?","E","?","R","T","?","E","R","E"],"build_version":"2019-01-23","purchased_purges":0,"victory":false,"max_hp_per_floor":[66,66,66,66,66,66,66,66,66,66,66,66,66],"card_choices":[{"not_picked":["Reflex","Dodge and Roll"],"picked":"Flying Knee","floor":0},{"not_picked":["Poisoned Stab","Tactician"],"picked":"Skewer","floor":1},{"not_picked":["Dodge and Roll","Slice","Setup"],"picked":"SKIP","floor":2},{"not_picked":["Dagger Throw","Cloak And Dagger"],"picked":"Deadly Poison","floor":3},{"not_picked":["Acrobatics","Eviscerate","Tactician"],"picked":"SKIP","floor":6},{"not_picked":["Masterful Stab","Quick Slash"],"picked":"Backflip","floor":10},{"not_picked":["Sucker Punch","Flying Knee"],"picked":"Bullet Time","floor":11}],"player_experience":1156988,"relics_obtained":[{"floor":6,"key":"Dream Catcher"},{"floor":9,"key":"Tiny Chest"},{"floor":11,"key":"Oddly Smooth Stone"}],"event_choices":[{"cards_removed":["Strike_G"],"damage_healed":0,"gold_gain":0,"player_choice":"Card Removal","damage_taken":7,"max_hp_gain":0,"max_hp_loss":0,"event_name":"Golden Wing","floor":4,"gold_loss":0},{"damage_healed":0,"gold_gain":0,"player_choice":"Grow","damage_taken":0,"max_hp_gain":0,"max_hp_loss":0,"event_name":"Living Wall","floor":5,"gold_loss":0,"cards_upgraded":["Skewer"]},{"damage_healed":0,"gold_gain":0,"player_choice":"Trade","damage_taken":0,"relics_obtained":["CultistMask"],"max_hp_gain":0,"max_hp_loss":0,"event_name":"FaceTrader","floor":7,"gold_loss":0}],"is_beta":false,"boss_relics":[],"items_purged_floors":[],"is_endless":false,"potions_floor_spawned":[1,3],"killed_by":"Gremlin Nob","ascension_level":20}