{"gold_per_floor":[110,185,204,129,149,149,180,180,226,266,167,167,185,219,219,314,314,333,63,87,102,102,102,102,121,121,121],"floor_reached":27,"playtime":1576,"items_purged":["Strike_R"],"score":404,"play_id":"cc9ef006-a4f1-4177-9c4d-5e0586dc60e7","local_time":"20181226194829","is_ascension_mode":true,"campfire_choices":[{"data":"Inflame","floor":6,"key":"SMITH"},{"data":"Bash","floor":12,"key":"SMITH"},{"floor":15,"key":"REST"},{"data":"True Grit","floor":23,"key":"SMITH"}],"neow_cost":"NONE","seed_source_timestamp":265659819368251,"circlet_count":0,"master_deck":["AscendersBane","Strike_R","Strike_R","Defend_R","Defend_R","Defend_R","Defend_R","Bash+1","Cleave","Inflame+1","Battle Trance","True Grit+1","Shrug It Off","Evolve","Feed","Shockwave","Limit Break","Power Through","Dropkick","Feel No Pain"],"relics":["Burning Blood","Juzu Bracelet","Orichalcum","Golden Idol","Red Skull","Darkstone Periapt","Shuriken","Mark of Pain","Toolbox","Dream Catcher"],"potions_floor_usage":[7,10,14,16,21],"damage_taken":[{"damage":9,"enemies":"Cultist","floor":1,"turns":5},{"damage":3,"enemies":"Jaw Worm","floor":3,"turns":4},{"damage":0,"enemies":"2 Louse","floor":5,"turns":3},{"damage":20,"enemies":"3 Sentries","floor":7,"turns":8},{"damage":24,"enemies":"Lagavulin","floor":10,"turns":5},{"damage":5,"enemies":"Red Slaver","floor":13,"turns":3},{"damage":18,"enemies":"3 Sentries","floor":14,"turns":6},{"damage":29,"enemies":"Hexaghost","floor":16,"turns":8},{"damage":0,"enemies":"Chosen","floor":18,"turns":6},{"damage":25,"enemies":"2 Thieves","floor":20,"turns":5},{"damage":21,"enemies":"Shelled Parasite and Fungi","floor":21,"turns":5},{"damage":19,"enemies":"Snecko","floor":25,"turns":6},{"damage":35,"enemies":"Gremlin Leader","floor":27,"turns":4}],"seed_played":"-8965131993639129754","potions_obtained":[{"floor":3,"key":"Fire Potion"},{"floor":7,"key":"SpeedPotion"},{"floor":10,"key":"Poison Potion"},{"floor":14,"key":"SkillPotion"},{"floor":18,"key":"EssenceOfSteel"}],"is_trial":false,"path_per_floor":["M","?","M","?","M","R","E","?","T","E","$","R","M","E","R","B",null,"M","$","M","M","?","R","?","M","T","E"],"character_chosen":"IRONCLAD","items_purchased":["Shrug It Off","Toolbox","Limit Break"],"campfire_rested":1,"item_purchase_floors":[11,19,19],"current_hp_per_floor":[65,54,57,57,63,63,49,49,49,31,31,31,32,20,40,17,55,64,64,49,37,37,37,37,27,27,0],"gold":121,"neow_bonus":"RANDOM_COMMON_RELIC","is_prod":false,"is_daily":false,"chose_seed":false,"campfire_upgraded":3,"win_rate":0,"timestamp":1545850109,"path_taken":["M","?","M","?","M","R","E","?","T","E","?","R","M","E","R","BOSS","M","$","M","M","?","R","?","M","T","E"],"build_version":"2018-12-20","purchased_purges":1,"victory":false,"max_hp_per_floor":[75,75,75,75,75,75,75,68,68,68,68,68,68,68,68,68,68,71,71,75,78,78,78,78,81,81,81],"card_choices":[{"not_picked":["Thunderclap","Havoc"],"picked":"Cleave","floor":1},{"not_picked":["Rampage","Fire Breathing"],"picked":"Inflame","floor":3},{"not_picked":["Thunderclap","Dual Wield"],"picked":"Battle Trance","floor":5},{"not_picked":["Warcry","Cleave","Anger"],"picked":"SKIP","floor":7},{"not_picked":["Twin Strike","Bloodletting"],"picked":"True Grit","floor":10},{"not_picked":["Perfected Strike","Dropkick","Havoc"],"picked":"SKIP","floor":13},{"not_picked":["Havoc","Sentinel"],"picked":"Evolve","floor":14},{"not_picked":["Exhume","Berserk"],"picked":"Feed","floor":16},{"not_picked":["Warcry","True Grit+1"],"picked":"Shockwave","floor":18},{"not_picked":["True Grit","Clash","Cleave"],"picked":"SKIP","floor":20},{"not_picked":["Heavy Blade","Flex+1"],"picked":"Power Through","floor":21},{"not_picked":["Flex","Warcry"],"picked":"Feel No Pain","floor":25}],"player_experience":683136,"relics_obtained":[{"floor":7,"key":"Orichalcum"},{"floor":9,"key":"Red Skull"},{"floor":10,"key":"Darkstone Periapt"},{"floor":14,"key":"Shuriken"},{"floor":26,"key":"Dream Catcher"}],"event_choices":[{"damage_healed":0,"gold_gain":75,"player_choice":"Gather Gold","damage_taken":11,"max_hp_gain":0,"max_hp_loss":0,"event_name":"World of Goop","floor":2,"gold_loss":0},{"cards_removed":["Strike_R"],"damage_healed":0,"gold_gain":0,"player_choice":"Card Removal","damage_taken":0,"max_hp_gain":0,"max_hp_loss":0,"event_name":"The Cleric","floor":4,"gold_loss":75},{"damage_healed":0,"gold_gain":0,"player_choice":"Lose Max HP","damage_taken":0,"relics_obtained":["Golden Idol"],"max_hp_gain":0,"max_hp_loss":7,"event_name":"Golden Idol","floor":8,"gold_loss":0},{"damage_healed":0,"gold_gain":0,"player_choice":"Ignored","damage_taken":0,"max_hp_gain":0,"max_hp_loss":0,"event_name":"Ghosts","floor":22,"gold_loss":0},{"damage_healed":0,"gold_gain":0,"cards_transformed":["Strike_R"],"player_choice":"Transformed","damage_taken":0,"max_hp_gain":0,"max_hp_loss":0,"event_name":"Transmorgrifier","floor":24,"gold_loss":0,"cards_obtained":["Dropkick"]}],"is_beta":false,"boss_relics":[{"not_picked":["Fusion Hammer","White Beast Statue"],"picked":"Mark of Pain"}],"items_purged_floors":[11],"is_endless":false,"potions_floor_spawned":[3,7,10,14,18],"killed_by":"Gremlin Leader","ascension_level":15}