{"gold_per_floor":[118,134,152,170,185,216,216,16,16,16,27,40,67,83,83,186,186,203,219,3,23,23,23,23],"floor_reached":24,"playtime":1608,"items_purged":["Strike_G","Strike_G"],"score":318,"play_id":"5f19df39-c442-4ff0-b132-14a16c58a20b","local_time":"20181209175207","is_ascension_mode":true,"campfire_choices":[{"data":"Noxious Fumes","floor":7,"key":"SMITH"},{"data":"Footwork","floor":10,"key":"SMITH"},{"floor":15,"key":"REST"},{"floor":23,"key":"REST"}],"neow_cost":"NONE","seed_source_timestamp":0,"circlet_count":0,"master_deck":["AscendersBane","Defend_G","Defend_G","Defend_G","Defend_G","Defend_G","Survivor","Neutralize","Dagger Spray","Noxious Fumes+1","Malaise","Footwork+1","Quick Slash","Leg Sweep","Catalyst","Dodge and Roll","Wraith Form v2","Dodge and Roll","Malaise","Crippling Poison+1","Quick Slash+1","Deadly Poison+1","Dodge and Roll+1","Catalyst","Well Laid Plans","Corpse Explosion"],"special_seed":0,"relics":["Runic Dome","Orichalcum","Matryoshka","Oddly Smooth Stone","Astrolabe","Calipers"],"potions_floor_usage":[3,24],"damage_taken":[{"damage":2,"enemies":"Cultist","floor":1,"turns":4},{"damage":6,"enemies":"2 Louse","floor":2,"turns":3},{"damage":4,"enemies":"Small Slimes","floor":3,"turns":5},{"damage":10,"enemies":"2 Fungi Beasts","floor":4,"turns":4},{"damage":3,"enemies":"Blue Slaver","floor":5,"turns":5},{"damage":11,"enemies":"Lagavulin","floor":6,"turns":9},{"damage":1,"enemies":"Red Slaver","floor":11,"turns":5},{"damage":0,"enemies":"Looter","floor":12,"turns":4},{"damage":1,"enemies":"3 Sentries","floor":13,"turns":8},{"damage":14,"enemies":"Lots of Slimes","floor":14,"turns":4},{"damage":19,"enemies":"The Guardian","floor":16,"turns":13},{"damage":9,"enemies":"Shell Parasite","floor":18,"turns":6},{"damage":17,"enemies":"Spheric Guardian","floor":19,"turns":8},{"damage":25,"enemies":"Cultist and Chosen","floor":21,"turns":9},{"damage":34,"enemies":"Gremlin Leader","floor":24,"turns":3}],"seed_played":"5938493298470915644","potions_obtained":[{"floor":3,"key":"Fruit Juice"},{"floor":4,"key":"FairyPotion"},{"floor":6,"key":"SteroidPotion"},{"floor":18,"key":"Energy Potion"}],"is_trial":false,"path_per_floor":["M","M","M","M","M","E","R","$","T","R","M","M","E","M","R","B",null,"M","M","$","M","?","R","E"],"character_chosen":"THE_SILENT","items_purchased":["Catalyst","Explosive Potion","Catalyst","Well Laid Plans"],"campfire_rested":2,"item_purchase_floors":[8,8,20,20],"current_hp_per_floor":[61,55,56,46,43,32,32,32,32,32,31,31,30,16,38,19,61,52,35,35,10,10,32,0],"gold":23,"neow_bonus":"BOSS_RELIC","is_prod":false,"is_daily":false,"chose_seed":false,"campfire_upgraded":2,"win_rate":0,"timestamp":1544374327,"path_taken":["M","M","M","M","M","E","R","$","T","R","?","M","E","M","R","BOSS","M","M","$","M","?","R","E"],"build_version":"2018-12-06","purchased_purges":2,"victory":false,"max_hp_per_floor":[70,70,75,75,75,75,75,75,75,75,75,75,75,75,75,75,75,75,75,75,75,75,75,75],"card_choices":[{"not_picked":["Dagger Throw","Infinite Blades"],"picked":"Dagger Spray","floor":1},{"not_picked":["Quick Slash","Poisoned Stab"],"picked":"Noxious Fumes","floor":2},{"not_picked":["PiercingWail","Well Laid Plans"],"picked":"Malaise","floor":3},{"not_picked":["Bane","Deflect"],"picked":"Footwork","floor":4},{"not_picked":["Eviscerate","Blade Dance"],"picked":"Quick Slash","floor":5},{"not_picked":["Calculated Gamble","Acrobatics"],"picked":"Leg Sweep","floor":6},{"not_picked":["PiercingWail","Dagger Spray"],"picked":"Dodge and Roll","floor":11},{"not_picked":["Riddle With Holes","All Out Attack","Acrobatics"],"picked":"SKIP","floor":12},{"not_picked":["Blade Dance","Flying Knee"],"picked":"Wraith Form v2","floor":13},{"not_picked":["Blade Dance","Poisoned Stab"],"picked":"Dodge and Roll","floor":14},{"not_picked":["Tools of the Trade","Unload"],"picked":"Malaise","floor":16},{"not_picked":["Prepared","Quick Slash+1"],"picked":"Dodge and Roll+1","floor":18},{"not_picked":["Setup","Underhanded Strike+1","Eviscerate"],"picked":"SKIP","floor":19},{"not_picked":["Dagger Throw","Slice"],"picked":"Corpse Explosion","floor":21}],"player_experience":524445,"relics_obtained":[{"floor":6,"key":"Orichalcum"},{"floor":9,"key":"Matryoshka"},{"floor":13,"key":"Oddly Smooth Stone"}],"event_choices":[{"damage_healed":0,"gold_gain":0,"player_choice":"Opened","damage_taken":0,"relics_obtained":["Calipers"],"max_hp_gain":0,"max_hp_loss":0,"event_name":"The Mausoleum","floor":22,"gold_loss":0}],"is_beta":false,"boss_relics":[{"not_picked":["WristBlade","Cursed Key"],"picked":"Astrolabe"}],"items_purged_floors":[8,20],"is_endless":false,"potions_floor_spawned":[3,4,6,13,14,18],"killed_by":"Gremlin Leader","ascension_level":10}