{"path_per_floor":["M","M","M","$","?","R","M","M","T","M","R","M","?","T","R","B",null,"M","$"],"character_chosen":"THE_SILENT","items_purchased":["Night Terror","Outmaneuver","Omamori","PiercingWail","Regen Potion"],"gold_per_floor":[109,123,137,18,18,18,29,46,46,63,63,77,77,104,104,206,206,217,1],"floor_reached":20,"campfire_rested":2,"playtime":2283,"current_hp_per_floor":[70,70,66,66,66,66,54,44,44,34,55,41,41,41,62,13,70,26,26],"items_purged":[],"gold":1,"score":166,"play_id":"9b6e86b9-a252-4639-a1fc-f0949976bd6f","is_prod":false,"is_daily":false,"is_ascension_mode":false,"campfire_upgraded":1,"path_taken":["M","M","M","$","?","R","M","M","T","M","R","M","?","?","R","BOSS","M","$","?"],"build_version":"2018-02-12-PROD1","purchased_purges":0,"victory":false,"master_deck":["Defend_G","Defend_G","Defend_G","Defend_G","Defend_G","Strike_G","Strike_G","Strike_G","Strike_G","Strike_G","Survivor","Neutralize","Quick Slash","Dagger Throw","All Out Attack","Night Terror+1","Outmaneuver+1","Regret","Predator","Terror","Flying Knee","Leg Sweep","Adrenaline","Finisher","PiercingWail"],"max_hp_per_floor":[70,70,70,70,70,70,70,70,70,70,70,70,70,70,70,70,70,70,70],"relics":["Ring of the Snake","Gambling Chip","Sundial","Anchor","Question Card","Omamori"],"card_choices":[{"not_picked":["Acrobatics","Blade Dance"],"picked":"Quick Slash"},{"not_picked":["Deflect","Deadly Poison"],"picked":"Dagger Throw"},{"not_picked":["Eviscerate","Deflect"],"picked":"All Out Attack"},{"not_picked":["Dagger Spray","Sucker Punch"],"picked":"Predator"},{"not_picked":["PiercingWail","Wraith Form"],"picked":"Terror"},{"not_picked":["Outmaneuver","Eviscerate"],"picked":"Flying Knee"},{"not_picked":["Choke","Deadly Poison"],"picked":"Leg Sweep"},{"not_picked":["Tools of the Trade","Envenom"],"picked":"Adrenaline"},{"not_picked":["Terror","Quick Slash","Poisoned Stab"],"picked":"Finisher"}],"player_experience":18670,"potions_floor_usage":[16,16,16,20],"damage_taken":[{"damage":0.0,"enemies":"2 Louse","floor":1.0,"turns":2.0},{"damage":0.0,"enemies":"Jaw Worm","floor":2.0,"turns":4.0},{"damage":4.0,"enemies":"Cultist","floor":3.0,"turns":3.0},{"damage":12.0,"enemies":"Exordium Wildlife","floor":7.0,"turns":5.0},{"damage":10.0,"enemies":"Lots of Slimes","floor":8.0,"turns":4.0},{"damage":10,"enemies":"Looter","floor":10,"turns":3},{"damage":14,"enemies":"3 Louse","floor":12,"turns":4},{"damage":64,"enemies":"Hexaghost","floor":16,"turns":16},{"damage":44,"enemies":"Spheric Guardian","floor":18,"turns":9},{"damage":41,"enemies":"Chosen","floor":20,"turns":6}],"event_choices":[{"event_name":"Big Fish","player_choice":"Box","floor":5.0,"damage_taken":0.0},{"event_name":"Upgrade Shrine","player_choice":"Upgraded","floor":13,"damage_taken":0}],"boss_relics":[{"not_picked":["Velvet Choker","Snecko Eye"],"picked":"Question Card"}],"potions_floor_spawned":[3,8,12],"seed_played":"8126459816472105398","killed_by":"Chosen","ascension_level":0,"is_trial":false}