{"gold_per_floor":[111,122,140,155,6,6,38,38,62,93,93,105,60,70,70,174,174,184,184,184,34,44,44,19,19,43,43,43,58,58,58,58,154,154,174,189,189,69,69],"floor_reached":39,"playtime":2682,"items_purged":["Strike_B","Strike_B"],"score":470,"play_id":"66f9bdac-d0b2-4e2b-b685-b5851e2c4eea","local_time":"20190203100604","is_ascension_mode":true,"campfire_choices":[{"data":"Coolheaded","floor":6,"key":"SMITH"},{"floor":8,"key":"REST"},{"floor":15,"key":"REST"},{"data":"Loop","floor":23,"key":"SMITH"},{"data":"Go for the Eyes","floor":25,"key":"SMITH"},{"data":"Hello World","floor":27,"key":"SMITH"},{"data":"Ghostly","floor":30,"key":"SMITH"},{"data":"Ghostly","floor":32,"key":"SMITH"}],"neow_cost":"NONE","seed_source_timestamp":161233495831696,"circlet_count":0,"master_deck":["Strike_B","Strike_B","Defend_B","Defend_B","Defend_B","Defend_B","Zap","Dualcast","Cold Snap","White Noise","Coolheaded+1","Blizzard","Auto Shields","Doom and Gloom","Turbo","Hello World+1","Machine Learning","Go for the Eyes+1","Loop+1","Coolheaded+1","Cold Snap","Ghostly+1","Ghostly+1","Ghostly+1","Ghostly","Ghostly","Redo","Echo Form","Pain","Shame","Writhe","Redo+1","Capacitor"],"relics":["Cracked Core","Art of War","Omamori","Strawberry","Centennial Puzzle","Velvet Choker","MutagenicStrength","WarpedTongs","Toxic Egg 2","Calling Bell","Smiling Mask","Blue Candle","Shovel"],"potions_floor_usage":[39],"damage_taken":[{"damage":1,"enemies":"Cultist","floor":1,"turns":3},{"damage":0,"enemies":"Small Slimes","floor":2,"turns":3},{"damage":5,"enemies":"Jaw Worm","floor":3,"turns":3},{"damage":0,"enemies":"Large Slime","floor":4,"turns":6},{"damage":38,"enemies":"Lagavulin","floor":7,"turns":11},{"damage":23,"enemies":"3 Sentries","floor":10,"turns":8},{"damage":9,"enemies":"Exordium Thugs","floor":12,"turns":3},{"damage":11,"enemies":"3 Louse","floor":14,"turns":3},{"damage":33,"enemies":"The Guardian","floor":16,"turns":9},{"damage":18,"enemies":"Shell Parasite","floor":18,"turns":5},{"damage":17,"enemies":"Chosen","floor":22,"turns":4},{"damage":2,"enemies":"3 Cultists","floor":29,"turns":5},{"damage":11,"enemies":"Champ","floor":33,"turns":18},{"damage":9,"enemies":"3 Darklings","floor":35,"turns":8},{"damage":5,"enemies":"Orb Walker","floor":36,"turns":4},{"damage":34,"enemies":"Sphere and 2 Shapes","floor":39,"turns":2}],"seed_played":"-1697671895882540378","potions_obtained":[{"floor":1,"key":"EssenceOfSteel"},{"floor":4,"key":"SteroidPotion"},{"floor":7,"key":"SpeedPotion"},{"floor":16,"key":"Swift Potion"}],"is_trial":false,"path_per_floor":["M","M","M","M","$","R","E","R","T","E","?","M","?","M","R","B",null,"M","?","?","$","M","R","$","R","T","R","?","M","R","?","R","B",null,"M","M","?","$","M"],"character_chosen":"DEFECT","items_purchased":["Blizzard","Auto Shields","Loop","Cold Snap","Capacitor"],"campfire_rested":2,"item_purchase_floors":[5,5,21,24,38],"current_hp_per_floor":[81,81,76,76,76,76,38,62,62,46,46,37,37,26,52,19,89,71,71,71,71,54,54,54,54,54,54,44,42,42,42,42,31,44,35,30,30,30,0],"gold":69,"neow_bonus":"TEN_PERCENT_HP_BONUS","is_prod":false,"is_daily":false,"chose_seed":false,"campfire_upgraded":6,"win_rate":0,"timestamp":1549184764,"path_taken":["M","M","?","M","?","R","E","R","T","E","?","?","?","M","R","BOSS","M","?","?","$","?","R","$","R","T","R","?","M","R","?","R","BOSS","M","M","?","$","?"],"build_version":"2019-01-23","purchased_purges":2,"victory":false,"max_hp_per_floor":[82,82,82,82,82,82,82,82,82,89,89,89,89,89,89,89,89,89,89,89,89,89,89,89,89,89,89,44,44,44,44,44,44,44,44,44,44,44,44],"card_choices":[{"not_picked":["Hello World","Stack"],"picked":"Cold Snap","floor":1},{"not_picked":["Cold Snap","Reprogram"],"picked":"White Noise","floor":2},{"not_picked":["Recycle","Rebound"],"picked":"Coolheaded","floor":3},{"not_picked":["Hello World","Recycle","Melter"],"picked":"SKIP","floor":4},{"not_picked":["Barrage","Static Discharge","Sunder"],"picked":"SKIP","floor":7},{"not_picked":["Aggregate","Turbo"],"picked":"Doom and Gloom","floor":10},{"not_picked":["Streamline","Stack"],"picked":"Turbo","floor":12},{"not_picked":["Leap","Genetic Algorithm"],"picked":"Hello World","floor":14},{"not_picked":["Buffer","Rainbow"],"picked":"Machine Learning","floor":16},{"not_picked":["Melter+1","Genetic Algorithm"],"picked":"Go for the Eyes","floor":18},{"not_picked":["Skim","Conserve Battery+1"],"picked":"Coolheaded+1","floor":22},{"not_picked":["FTL","Consume+1"],"picked":"Redo","floor":29},{"not_picked":["Buffer","Biased Cognition"],"picked":"Echo Form","floor":33},{"not_picked":["Steam Power+1","Aggregate+1","Rebound+1"],"picked":"SKIP","floor":35},{"not_picked":["Fusion+1","Rebound"],"picked":"Redo+1","floor":36}],"player_experience":512215,"relics_obtained":[{"floor":7,"key":"Art of War"},{"floor":9,"key":"Omamori"},{"floor":10,"key":"Strawberry"},{"floor":34,"key":"Smiling Mask"},{"floor":34,"key":"Blue Candle"},{"floor":34,"key":"Shovel"}],"event_choices":[{"damage_healed":0,"gold_gain":0,"player_choice":"Gave Potion","damage_taken":0,"relics_obtained":["Centennial Puzzle"],"max_hp_gain":0,"max_hp_loss":0,"event_name":"WeMeetAgain","floor":11,"gold_loss":0},{"damage_healed":0,"gold_gain":0,"player_choice":"Left Gold","damage_taken":0,"max_hp_gain":0,"max_hp_loss":0,"event_name":"World of Goop","floor":13,"gold_loss":45},{"damage_healed":0,"gold_gain":0,"player_choice":"Inject Mutagens","damage_taken":0,"relics_obtained":["MutagenicStrength"],"max_hp_gain":0,"max_hp_loss":0,"event_name":"Drug Dealer","floor":19,"gold_loss":0},{"damage_healed":0,"gold_gain":0,"player_choice":"Rummage","damage_taken":0,"relics_obtained":["WarpedTongs"],"max_hp_gain":0,"max_hp_loss":0,"event_name":"Accursed Blacksmith","floor":20,"gold_loss":0,"cards_obtained":["Pain"]},{"damage_healed":0,"gold_gain":0,"player_choice":"Became a Ghost","damage_taken":0,"max_hp_gain":0,"max_hp_loss":45,"event_name":"Ghosts","floor":28,"gold_loss":0,"cards_obtained":["Ghostly","Ghostly","Ghostly","Ghostly","Ghostly"]},{"damage_healed":0,"gold_gain":0,"player_choice":"Stole Relic","damage_taken":0,"relics_obtained":["Toxic Egg 2"],"max_hp_gain":0,"max_hp_loss":0,"event_name":"Addict","floor":31,"gold_loss":0,"cards_obtained":["Shame"]},{"damage_healed":0,"gold_gain":0,"player_choice":"Upgraded","damage_taken":0,"max_hp_gain":0,"max_hp_loss":0,"event_name":"Upgrade Shrine","floor":37,"gold_loss":0,"cards_upgraded":["Ghostly"]}],"is_beta":false,"boss_relics":[{"not_picked":["White Beast Statue","Nuclear Battery"],"picked":"Velvet Choker"},{"not_picked":["Cursed Key","Fusion Hammer"],"picked":"Calling Bell"}],"items_purged_floors":[21,38],"is_endless":false,"potions_floor_spawned":[1,4,7,16,36],"killed_by":"Sphere and 2 Shapes","ascension_level":3}