{"gold_per_floor":[111,121,132,151,215,215,250,11,11,11,43,43,43,62,62,62],"floor_reached":16,"playtime":761,"items_purged":["Strike_G"],"score":220,"play_id":"53b0b85f-4b46-4fdc-a75e-6b631bd5b416","local_time":"20190203113303","is_ascension_mode":true,"campfire_choices":[{"data":"Predator","floor":6,"key":"SMITH"},{"data":"Poisoned Stab","floor":10,"key":"SMITH"},{"data":"Footwork","floor":13,"key":"SMITH"},{"data":"Neutralize","floor":15,"key":"SMITH"}],"neow_cost":"NONE","seed_source_timestamp":1044743151231843,"circlet_count":0,"master_deck":["AscendersBane","Defend_G","Defend_G","Defend_G","Defend_G","Defend_G","Strike_G","Strike_G","Strike_G","Strike_G","Survivor","Neutralize+1","Flying Knee","Predator+1","Poisoned Stab+1","Footwork+1","Backflip"],"relics":["Ring of the Snake","Dream Catcher","Vajra","Strawberry","Mercury Hourglass"],"potions_floor_usage":[4,7,12],"damage_taken":[{"damage":3,"enemies":"Small Slimes","floor":1,"turns":5},{"damage":0,"enemies":"Jaw Worm","floor":2,"turns":4},{"damage":1,"enemies":"Cultist","floor":3,"turns":4},{"damage":11,"enemies":"Red Slaver","floor":4,"turns":6},{"damage":26,"enemies":"Lagavulin","floor":7,"turns":7},{"damage":25,"enemies":"3 Sentries","floor":11,"turns":8},{"damage":0,"enemies":"Blue Slaver","floor":14,"turns":3},{"damage":22,"enemies":"Hexaghost","floor":16,"turns":9}],"seed_played":"-1397107483755133613","potions_obtained":[{"floor":0,"key":"SteroidPotion"},{"floor":0,"key":"EssenceOfSteel"},{"floor":3,"key":"Regen Potion"},{"floor":4,"key":"AttackPotion"},{"floor":12,"key":"Fruit Juice"},{"floor":12,"key":"Strength Potion"}],"is_trial":false,"path_per_floor":["?","?"],"character_chosen":"THE_SILENT","items_purchased":["Vajra"],"campfire_rested":0,"item_purchase_floors":[8],"current_hp_per_floor":[56,56,55,59,59,59,33,33,40,40,15,20,20,20,20,0],"gold":62,"neow_bonus":"THREE_SMALL_POTIONS","is_prod":false,"is_daily":false,"chose_seed":false,"campfire_upgraded":4,"win_rate":0,"timestamp":1549186383,"path_taken":["M","M","M","M","?","R","E","$","T","R","E","?","R","M","R","BOSS"],"build_version":"2019-01-23","purchased_purges":1,"victory":false,"max_hp_per_floor":[66,66,66,66,66,66,66,66,73,73,73,78,78,78,78,78],"card_choices":[{"not_picked":["Masterful Stab","Sucker Punch"],"picked":"Flying Knee","floor":1},{"not_picked":["Sucker Punch","Slice","Eviscerate"],"picked":"SKIP","floor":2},{"not_picked":["Finisher","Quick Slash"],"picked":"Predator","floor":3},{"not_picked":["All Out Attack","Distraction","Outmaneuver"],"picked":"SKIP","floor":4},{"not_picked":["Night Terror","Deflect"],"picked":"Poisoned Stab","floor":7},{"not_picked":["Blade Dance","Flechettes"],"picked":"Footwork","floor":11},{"not_picked":["Cloak And Dagger","Deadly Poison"],"picked":"Backflip","floor":14}],"player_experience":1156227,"relics_obtained":[{"floor":7,"key":"Dream Catcher"},{"floor":9,"key":"Strawberry"},{"floor":11,"key":"Mercury Hourglass"}],"event_choices":[{"damage_healed":0,"gold_gain":64,"player_choice":"Gained Gold","damage_taken":0,"max_hp_gain":0,"max_hp_loss":0,"event_name":"Golden Wing","floor":5,"gold_loss":0},{"damage_healed":0,"gold_gain":0,"player_choice":"Got Potions","damage_taken":0,"max_hp_gain":0,"max_hp_loss":0,"event_name":"Lab","floor":12,"gold_loss":0}],"is_beta":false,"boss_relics":[],"items_purged_floors":[8],"is_endless":false,"potions_floor_spawned":[1,3,4],"killed_by":"Hexaghost","ascension_level":20}