{"gold_per_floor":[144,189,234,279,324,324,369,381,381,21,66,23,113,158,158,458,458,503,503,548,178,223,223,268,268,293,53,98,98,98,143,143,443,443,488,488,533,578,24,144,189,234,259,304,304,349,349,394,394,394],"floor_reached":51,"playtime":5868,"items_purged":["Writhe"],"score":889,"play_id":"bb0a3e6c-fce1-4924-a409-dd9cd92625c9","local_time":"20180702143909","daily_mods":["Insanity","Midas","Vintage"],"is_ascension_mode":false,"campfire_choices":[{"floor":6,"key":"REST"},{"floor":15,"key":"REST"},{"floor":23,"key":"REST"},{"floor":25,"key":"REST"},{"floor":32,"key":"REST"},{"data":"Injury","floor":45,"key":"PURGE"},{"floor":49,"key":"REST"}],"neow_cost":"","seed_source_timestamp":0,"circlet_count":0,"master_deck":["Compile Driver","FTL","Barrage","Hologram","Electrodynamics","White Noise","Self Repair","Seek","Blizzard","Chaos","Creative AI","Rebound","Auto Shields","Tempest","Loop","Rainbow","Heatsinks","Rebound","Lockon","Go for the Eyes","Capacitor","Steam Power","Darkness","Double Energy","Leap","Doom and Gloom+1","Biased Cognition","Defend_B+1","Darkness","Rebound","Fission","Thunder Strike","Lockon","Force Field","Buffer","Barrage","Amplify","Coolheaded","Lockon","Biased Cognition","Blizzard","Thunder Strike+1","Sunder","Meteor Strike","Core Surge","Auto Shields","Rainbow","Streamline","Reinforced Body","Fusion","Turbo","Go for the Eyes+1","Echo Form","Biased Cognition","Dramatic Entrance+1","White Noise+1","Ball Lightning+1"],"special_seed":17714,"relics":["Cracked Core","Lantern","Anchor","Pear","The Courier","Strawberry","Gremlin Horn","Odd Mushroom","Mercury Hourglass","Turnip","Omamori","Molten Egg 2","Ornamental Fan","Bottled Lightning","Whetstone","Inserter","Potion Belt","Orichalcum","Vajra","Cables","Centennial Puzzle","Bottled Flame","Oddly Smooth Stone","Art of War","Pen Nib","Bottled Tornado","Sundial","Regal Pillow","Calling Bell","Bag of Marbles","Darkstone Periapt","Peace Pipe","Letter Opener","Meat on the Bone","Kunai","Bag of Preparation","Thread and Needle","Tiny Chest","Matryoshka","Bronze Scales","Mummified Hand","Blood Vial","DataDisk","Dream Catcher","Happy Flower"],"potions_floor_usage":[7,16,22,33,33,33,40,44,50,50,50],"damage_taken":[{"damage":9,"enemies":"Jaw Worm","floor":1,"turns":2},{"damage":10,"enemies":"Small Slimes","floor":2,"turns":3},{"damage":0,"enemies":"Cultist","floor":3,"turns":2},{"damage":8,"enemies":"2 Fungi Beasts","floor":4,"turns":3},{"damage":0,"enemies":"Exordium Thugs","floor":5,"turns":3},{"damage":2,"enemies":"Large Slime","floor":7,"turns":5},{"damage":0,"floor":8,"turns":3},{"damage":0,"enemies":"3 Louse","floor":11,"turns":1},{"damage":0,"enemies":"3 Sentries","floor":13,"turns":3},{"damage":0,"enemies":"Lots of Slimes","floor":14,"turns":2},{"damage":0,"enemies":"Slime Boss","floor":16,"turns":4},{"damage":10,"enemies":"Spheric Guardian","floor":18,"turns":3},{"damage":14,"enemies":"2 Thieves","floor":20,"turns":3},{"damage":0,"enemies":"Snecko","floor":22,"turns":3},{"damage":13,"enemies":"Centurion and Healer","floor":24,"turns":3},{"damage":0,"enemies":"Chosen and Byrds","floor":28,"turns":4},{"damage":6,"enemies":"Snake Plant","floor":31,"turns":4},{"damage":65,"enemies":"Automaton","floor":33,"turns":9},{"damage":23,"enemies":"3 Darklings","floor":35,"turns":3},{"damage":0,"enemies":"Orb Walker","floor":37,"turns":3},{"damage":23,"enemies":"3 Darklings","floor":38,"turns":3},{"damage":3,"enemies":"Nemesis","floor":40,"turns":5},{"damage":15,"enemies":"Sphere and 2 Shapes","floor":41,"turns":2},{"damage":5,"enemies":"Maw","floor":42,"turns":6},{"damage":0,"enemies":"3 Darklings","floor":44,"turns":3},{"damage":0,"enemies":"Sphere and 2 Shapes","floor":46,"turns":2},{"damage":0,"enemies":"Maw","floor":48,"turns":6},{"damage":12,"enemies":"Awakened One","floor":50,"turns":7}],"seed_played":"9042137749875392319","potions_obtained":[{"floor":2,"key":"Explosive Potion"},{"floor":4,"key":"SpeedPotion"},{"floor":7,"key":"Ancient Potion"},{"floor":11,"key":"FocusPotion"},{"floor":13,"key":"EssenceOfSteel"},{"floor":16,"key":"FearPotion"},{"floor":20,"key":"Dexterity Potion"},{"floor":22,"key":"SpeedPotion"},{"floor":28,"key":"Fire Potion"},{"floor":38,"key":"PowerPotion"},{"floor":40,"key":"Poison Potion"},{"floor":44,"key":"SteroidPotion"},{"floor":46,"key":"SkillPotion"},{"floor":48,"key":"SmokeBomb"}],"is_trial":false,"path_per_floor":["M","M","M","M","M","R","M","?","T","$","M","$","E","M","R","B",null,"M","?","M","$","M","R","M","R","T","$","M","?","?","M","R","B",null,"M","?","M","M","$","E","M","M","T","M","R","M","?","M","R","B"],"character_chosen":"DEFECT","items_purchased":["Turnip","Omamori","Turbo","Vajra","Cables","Art of War","Pen Nib","Bag of Preparation","Thread and Needle","Dramatic Entrance+1"],"campfire_rested":6,"item_purchase_floors":[10,10,12,21,21,27,27,39,39,39],"current_hp_per_floor":[66,56,66,65,72,92,90,90,90,90,90,90,90,90,92,92,92,82,82,68,68,68,92,79,92,92,92,92,92,92,86,92,27,92,69,98,98,75,75,86,71,66,66,68,68,70,70,72,98,86],"gold":394,"neow_bonus":"","is_prod":false,"is_daily":true,"chose_seed":false,"campfire_upgraded":0,"win_rate":0.0,"timestamp":1530538749,"path_taken":["M","M","M","M","M","R","M","?","T","$","M","$","E","M","R","BOSS","M","?","M","$","M","R","?","R","T","$","M","?","?","M","R","BOSS","M","?","M","M","$","E","M","M","T","M","R","M","?","M","R","BOSS"],"build_version":"2018-06-28","purchased_purges":1,"victory":true,"max_hp_per_floor":[75,75,85,85,92,92,92,92,92,92,92,92,92,92,92,92,92,92,92,92,92,92,92,92,92,92,92,92,92,92,92,92,92,92,92,98,98,98,98,98,98,98,98,98,98,98,98,98,98,98],"card_choices":[{"not_picked":["Auto Shields","Chill"],"picked":"Go for the Eyes+1","floor":13},{"not_picked":["Core Surge+1","Thunder Strike+1"],"picked":"Echo Form","floor":16},{"not_picked":["Creative AI","Thunder Strike+1"],"picked":"Biased Cognition","floor":33},{"not_picked":["Cold Snap+1","Rebound+1"],"picked":"White Noise+1","floor":40},{"not_picked":["Biased Cognition","Sweeping Beam+1"],"picked":"Ball Lightning+1","floor":49}],"player_experience":201789,"relics_obtained":[{"floor":1,"key":"Lantern"},{"floor":2,"key":"Anchor"},{"floor":3,"key":"Pear"},{"floor":4,"key":"The Courier"},{"floor":5,"key":"Strawberry"},{"floor":7,"key":"Gremlin Horn"},{"floor":8,"key":"Odd Mushroom"},{"floor":9,"key":"Mercury Hourglass"},{"floor":11,"key":"Molten Egg 2"},{"floor":13,"key":"Ornamental Fan"},{"floor":14,"key":"Bottled Lightning"},{"floor":16,"key":"Whetstone"},{"floor":18,"key":"Potion Belt"},{"floor":20,"key":"Orichalcum"},{"floor":22,"key":"Centennial Puzzle"},{"floor":24,"key":"Bottled Flame"},{"floor":26,"key":"Oddly Smooth Stone"},{"floor":28,"key":"Bottled Tornado"},{"floor":31,"key":"Sundial"},{"floor":33,"key":"Regal Pillow"},{"floor":34,"key":"Bag of Marbles"},{"floor":34,"key":"Darkstone Periapt"},{"floor":34,"key":"Peace Pipe"},{"floor":35,"key":"Letter Opener"},{"floor":37,"key":"Meat on the Bone"},{"floor":38,"key":"Kunai"},{"floor":40,"key":"Tiny Chest"},{"floor":41,"key":"Matryoshka"},{"floor":42,"key":"Bronze Scales"},{"floor":43,"key":"Mummified Hand"},{"floor":43,"key":"Blood Vial"},{"floor":44,"key":"DataDisk"},{"floor":46,"key":"Dream Catcher"},{"floor":48,"key":"Happy Flower"}],"event_choices":[{"event_name":"Mushrooms","player_choice":"Fought Mushrooms","floor":8,"damage_taken":0},{"event_name":"Ghosts","player_choice":"Ignored","floor":19,"damage_taken":0},{"event_name":"Back to Basics","player_choice":"Simplicity","floor":29,"damage_taken":0},{"event_name":"Match and Keep!","player_choice":"0 cards matched","floor":30,"damage_taken":0},{"event_name":"Winding Halls","player_choice":"Writhe","floor":36,"damage_taken":0},{"event_name":"Mysterious Sphere","player_choice":"Ignore","floor":47,"damage_taken":0}],"boss_relics":[{"not_picked":["Orrery","Ectoplasm"],"picked":"Inserter"},{"not_picked":["Black Star","Astrolabe"],"picked":"Calling Bell"}],"items_purged_floors":[39],"is_endless":false,"potions_floor_spawned":[2,4,7,11,13,16,20,22,28,31,38,40,44,46,48],"ascension_level":0}