{"gold_per_floor":[109,119,133,133,27,91,91,103,128,128,162,162,19,31,31,134,134,145,164,164,263,61,61,61,93,93,110,11,22,39,51,51,148,148,159,69,69,69,89,89,89],"floor_reached":41,"playtime":2288,"items_purged":[],"score":567,"play_id":"cb189fcd-dc63-4c6d-98e9-1fa0bf9c6064","local_time":"20190130203604","is_ascension_mode":true,"campfire_choices":[{"floor":7,"key":"RECALL"},{"floor":15,"key":"REST"},{"floor":23,"key":"REST"},{"floor":32,"key":"REST"},{"data":"Noxious Fumes","floor":40,"key":"SMITH"}],"neow_cost":"NONE","seed_source_timestamp":1825490389141743,"circlet_count":0,"master_deck":["Strike_B","Strike_B","Strike_B","Defend_B","Defend_B","Defend_B","Defend_B","Zap","Dualcast","Gash","Go for the Eyes","Cold Snap","Auto Shields","Melter","Redo","Hologram","Double Energy","Defragment","Compile Driver","Machine Learning","Gash","Ball Lightning","Stack","Turbo","Streamline","Skim","Ball Lightning+1","BootSequence","Ball Lightning+1","Tempest+1","Dodge and Roll+1","Disarm+1","Die Die Die","Noxious Fumes+1","Jack Of All Trades+1","Writhe","Armaments+1"],"relics":["Cracked Core","Bronze Scales","Tiny Chest","Anchor","Oddly Smooth Stone","Orrery","PrismaticShard","Boot","Toxic Egg 2","Eternal Feather"],"potions_floor_usage":[6,6,16,16,25,25,25,29,33,33,33],"damage_taken":[{"damage":2,"enemies":"2 Louse","floor":1,"turns":2},{"damage":6,"enemies":"Cultist","floor":2,"turns":2},{"damage":7,"enemies":"Jaw Worm","floor":3,"turns":2},{"damage":0,"enemies":"Gremlin Nob","floor":6,"turns":3},{"damage":1,"enemies":"2 Fungi Beasts","floor":8,"turns":3},{"damage":27,"enemies":"Lagavulin","floor":11,"turns":7},{"damage":0,"enemies":"Blue Slaver","floor":14,"turns":3},{"damage":24,"enemies":"Hexaghost","floor":16,"turns":10},{"damage":0,"enemies":"Spheric Guardian","floor":18,"turns":3},{"damage":20,"enemies":"Shell Parasite","floor":19,"turns":5},{"damage":0,"enemies":"Gremlin Leader","floor":25,"turns":8},{"damage":6,"enemies":"Centurion and Healer","floor":27,"turns":5},{"damage":7,"enemies":"3 Cultists","floor":29,"turns":5},{"damage":18,"enemies":"Snecko","floor":30,"turns":5},{"damage":4,"enemies":"Cultist and Chosen","floor":31,"turns":5},{"damage":50,"enemies":"Champ","floor":33,"turns":13},{"damage":7,"enemies":"3 Shapes","floor":35,"turns":4},{"damage":25,"enemies":"Orb Walker","floor":39,"turns":4},{"damage":71,"enemies":"Nemesis","floor":41,"turns":5}],"seed_played":"-6301758610218230758","potions_obtained":[{"floor":2,"key":"Weak Potion"},{"floor":3,"key":"SkillPotion"},{"floor":11,"key":"FearPotion"},{"floor":16,"key":"Fire Potion"},{"floor":18,"key":"SkillPotion"},{"floor":19,"key":"FocusPotion"},{"floor":29,"key":"FearPotion"},{"floor":31,"key":"Ancient Potion"}],"is_trial":false,"path_per_floor":["M","M","M","?","$","E","R","M","T","?","E","?","$","M","R","B",null,"M","M","$","?","$","R","T","E","T","M","$","M","M","M","R","B",null,"M","$","?","?","M","R","E"],"character_chosen":"DEFECT","items_purchased":["Auto Shields","Melter","Defragment","Regen Potion","PrismaticShard","Fire Potion","Swift Potion","Jack Of All Trades+1"],"campfire_rested":3,"item_purchase_floors":[5,5,13,13,22,28,28,36],"current_hp_per_floor":[73,67,60,60,60,60,60,59,59,59,32,32,32,32,54,45,75,75,55,55,55,55,75,75,75,75,69,69,62,44,40,62,12,75,68,68,75,75,50,71,0],"gold":89,"neow_bonus":"RANDOM_COMMON_RELIC","is_prod":false,"is_daily":false,"chose_seed":false,"campfire_upgraded":1,"win_rate":0,"timestamp":1548887764,"path_taken":["M","M","M","?","$","E","R","M","T","?","E","?","$","M","R","BOSS","M","?","?","?","$","R","?","E","T","M","?","M","M","M","R","BOSS","M","$","?","?","M","R","E"],"build_version":"2019-01-23","purchased_purges":0,"victory":false,"max_hp_per_floor":[75,75,75,75,75,75,75,75,75,75,75,75,75,75,75,75,75,75,75,75,75,75,75,75,75,75,75,75,75,75,75,75,75,75,75,75,75,75,75,75,75],"card_choices":[{"not_picked":["Beam Cell","Compile Driver"],"picked":"Gash","floor":1},{"not_picked":["Glacier","Sunder"],"picked":"Go for the Eyes","floor":2},{"not_picked":["Compile Driver","Go for the Eyes"],"picked":"Cold Snap","floor":3},{"not_picked":["Reinforced Body","Barrage"],"picked":"Redo","floor":6},{"not_picked":["Go for the Eyes","Aggregate"],"picked":"Hologram","floor":8},{"not_picked":["Buffer","Reprogram"],"picked":"Double Energy","floor":11},{"not_picked":["Go for the Eyes","Rebound"],"picked":"Compile Driver","floor":14},{"not_picked":["Amplify","Seek"],"picked":"Machine Learning","floor":16},{"not_picked":["Stack","Melter"],"picked":"Gash","floor":17},{"not_picked":["Hologram","Auto Shields"],"picked":"Ball Lightning","floor":17},{"not_picked":["Coolheaded","Ball Lightning"],"picked":"Stack","floor":17},{"not_picked":["Go for the Eyes","Hologram"],"picked":"Turbo","floor":17},{"not_picked":["Barrage","Steam"],"picked":"Streamline","floor":17},{"not_picked":["Darkness+1","Chill"],"picked":"Skim","floor":18},{"not_picked":["Reboot","Chill"],"picked":"Ball Lightning+1","floor":19},{"not_picked":["Second Wind+1","Stack"],"picked":"BootSequence","floor":25},{"not_picked":["Twin Strike","Dash"],"picked":"Ball Lightning+1","floor":27},{"not_picked":["Redo+1","Mind Blast"],"picked":"Tempest+1","floor":29},{"not_picked":["Underhanded Strike","Evolve"],"picked":"Dodge and Roll+1","floor":30},{"not_picked":["Blizzard","Uppercut+1"],"picked":"Disarm+1","floor":31},{"not_picked":["Brutality","Corpse Explosion+1"],"picked":"Die Die Die","floor":33},{"not_picked":["Blade Dance+1","Pommel Strike+1"],"picked":"Noxious Fumes","floor":35},{"not_picked":["Anger+1","Flying Knee+1"],"picked":"Armaments+1","floor":39}],"player_experience":90201,"relics_obtained":[{"floor":6,"key":"Tiny Chest"},{"floor":9,"key":"Anchor"},{"floor":11,"key":"Oddly Smooth Stone"},{"floor":25,"key":"Boot"},{"floor":26,"key":"Toxic Egg 2"}],"event_choices":[{"damage_healed":0,"gold_gain":0,"player_choice":"Ignored","damage_taken":0,"max_hp_gain":0,"max_hp_loss":0,"event_name":"Golden Wing","floor":4,"gold_loss":0},{"damage_healed":0,"gold_gain":0,"cards_transformed":["Strike_B"],"player_choice":"Change","damage_taken":0,"max_hp_gain":0,"max_hp_loss":0,"event_name":"Living Wall","floor":10,"gold_loss":0,"cards_obtained":["Hyperbeam"]},{"cards_removed":["Hyperbeam"],"damage_healed":0,"gold_gain":0,"player_choice":"Purged","damage_taken":0,"max_hp_gain":0,"max_hp_loss":0,"event_name":"Purifier","floor":12,"gold_loss":0},{"damage_healed":0,"gold_gain":99,"player_choice":"Stole From Cult","damage_taken":0,"max_hp_gain":0,"max_hp_loss":0,"event_name":"Nest","floor":21,"gold_loss":0},{"damage_healed":19,"gold_gain":0,"player_choice":"Writhe","damage_taken":0,"max_hp_gain":0,"max_hp_loss":0,"event_name":"Winding Halls","floor":37,"gold_loss":0,"cards_obtained":["Writhe"]},{"damage_healed":0,"gold_gain":0,"player_choice":"Ignored","damage_taken":0,"max_hp_gain":0,"max_hp_loss":0,"event_name":"Mysterious Sphere","floor":38,"gold_loss":0}],"is_beta":false,"boss_relics":[{"not_picked":["Calling Bell","Snecko Eye"],"picked":"Orrery"},{"not_picked":["Velvet Choker","Empty Cage"],"picked":"Eternal Feather"}],"items_purged_floors":[],"is_endless":false,"potions_floor_spawned":[2,3,11,16,18,19,29,31],"killed_by":"Nemesis","ascension_level":3}