{"gold_per_floor":[212,143,143,72,88,13,13,13,36,56,82,102,102,114,114,218,218,230,247,299,299,199,229,229,25,70,70,70,70,70,80,80,182,182,195,144,198,213,213,232,232,232,232,232,105,125,145,177,177,177],"floor_reached":51,"playtime":1930,"items_purged":["Strike_R","Bite","Bite"],"score":716,"play_id":"f7e5471d-33e1-4d41-96e3-a89e30e5e331","local_time":"20190131111117","is_ascension_mode":false,"campfire_choices":[{"data":"Heavy Blade","floor":7,"key":"SMITH"},{"floor":15,"key":"REST"},{"data":"Inflame","floor":24,"key":"SMITH"},{"data":"Inflame","floor":27,"key":"SMITH"},{"data":"Inflame","floor":29,"key":"SMITH"},{"floor":32,"key":"REST"},{"data":"Armaments","floor":41,"key":"SMITH"},{"data":"Double Tap","floor":44,"key":"SMITH"},{"floor":49,"key":"REST"}],"neow_cost":"NONE","seed_source_timestamp":290062686793333,"circlet_count":0,"master_deck":["Defend_R+1","Defend_R+1","Defend_R","Defend_R","Bash","Uppercut","Inflame+1","Inflame+1","Heavy Blade+1","Battle Trance","Shrug It Off","Cleave","Armaments+1","Double Tap+1","Headbutt+1","Bite","Bite","Inflame+1","Necronomicurse","Clash+1","Shrug It Off+1","Demon Form","Iron Wave+1"],"relics":["Black Blood","Red Skull","Pen Nib","Shuriken","Velvet Choker","Dream Catcher","Regal Pillow","Necronomicon","Gambling Chip","Kunai","Strawberry"],"potions_floor_usage":[16,23,23,23,33,37,40,50,50,50],"damage_taken":[{"damage":20,"enemies":"Jaw Worm","floor":1,"turns":5},{"damage":7,"enemies":"Cultist","floor":5,"turns":4},{"damage":0,"enemies":"Small Slimes","floor":10,"turns":3},{"damage":28,"enemies":"Lagavulin","floor":11,"turns":5},{"damage":0,"enemies":"Blue Slaver","floor":12,"turns":2},{"damage":5,"enemies":"Red Slaver","floor":14,"turns":2},{"damage":43,"enemies":"Hexaghost","floor":16,"turns":8},{"damage":11,"enemies":"2 Thieves","floor":18,"turns":4},{"damage":27,"enemies":"3 Byrds","floor":19,"turns":6},{"damage":35,"enemies":"Slavers","floor":23,"turns":4},{"damage":0,"enemies":"Shelled Parasite and Fungi","floor":31,"turns":2},{"damage":40,"enemies":"Automaton","floor":33,"turns":7},{"damage":13,"enemies":"3 Shapes","floor":35,"turns":3},{"damage":44,"enemies":"2 Orb Walkers","floor":37,"turns":4},{"damage":5,"enemies":"3 Darklings","floor":38,"turns":3},{"damage":0,"enemies":"Jaw Worm Horde","floor":40,"turns":4},{"damage":0,"enemies":"Maw","floor":46,"turns":4},{"damage":39,"enemies":"3 Darklings","floor":47,"turns":4},{"damage":6,"enemies":"Nemesis","floor":48,"turns":3},{"damage":87,"enemies":"Awakened One","floor":50,"turns":9}],"seed_played":"-7244143002535635945","potions_obtained":[{"floor":1,"key":"BloodPotion"},{"floor":11,"key":"LiquidBronze"},{"floor":12,"key":"GamblersBrew"},{"floor":19,"key":"BloodPotion"},{"floor":23,"key":"Dexterity Potion"},{"floor":37,"key":"Energy Potion"},{"floor":40,"key":"EssenceOfSteel"},{"floor":47,"key":"PowerPotion"}],"is_trial":false,"path_per_floor":["M","$","?","$","M","$","R","?","T","M","E","M","T","M","R","B",null,"M","M","T","?","$","E","R","$","T","R","?","R","?","M","R","B",null,"M","$","?","M","?","M","R","?","T","R","$","M","M","E","R","B",null],"character_chosen":"IRONCLAD","items_purchased":["Inflame","Inflame","Inflame","Block Potion","BloodPotion","Swift Potion"],"campfire_rested":3,"item_purchase_floors":[2,4,25,36,45,45],"current_hp_per_floor":[66,66,66,66,65,65,65,49,49,55,33,39,39,40,64,27,80,75,54,54,54,54,47,47,47,47,47,31,31,31,41,80,50,80,79,79,46,51,51,63,63,63,63,63,63,79,52,63,87,22],"gold":177,"neow_bonus":"HUNDRED_GOLD","is_prod":false,"is_daily":false,"chose_seed":false,"campfire_upgraded":6,"win_rate":0.0,"timestamp":1548951077,"path_taken":["M","$","?","$","?","$","R","?","T","M","E","M","?","M","R","BOSS","M","M","?","?","$","E","R","$","T","R","?","R","?","?","R","BOSS","M","$","?","M","?","?","R","?","T","R","$","M","M","E","R","BOSS"],"build_version":"2019-01-23","purchased_purges":3,"victory":true,"max_hp_per_floor":[80,80,80,80,80,80,80,80,80,80,80,80,80,80,80,80,80,80,80,80,80,80,80,80,80,80,80,80,80,80,80,80,80,80,80,80,80,80,80,80,80,80,80,80,80,80,80,87,87,87],"card_choices":[{"not_picked":["Inflame","Cleave"],"picked":"Uppercut","floor":1},{"not_picked":["Sword Boomerang","Uppercut"],"picked":"Heavy Blade","floor":5},{"not_picked":["Twin Strike","Clash"],"picked":"Battle Trance","floor":10},{"not_picked":["Clothesline","Battle Trance"],"picked":"Shrug It Off","floor":11},{"not_picked":["Headbutt","Anger"],"picked":"Cleave","floor":12},{"not_picked":["Flex","Clothesline"],"picked":"Armaments","floor":14},{"not_picked":["Impervious","Dark Embrace"],"picked":"Double Tap","floor":16},{"not_picked":["Whirlwind","Rampage","Combust"],"picked":"SKIP","floor":18},{"not_picked":["Sword Boomerang","Clash"],"picked":"Headbutt+1","floor":19},{"not_picked":["Warcry+1","Body Slam+1","Barricade"],"picked":"SKIP","floor":23},{"not_picked":["Cleave","True Grit+1"],"picked":"Clash+1","floor":31},{"not_picked":["Cleave","Burning Pact"],"picked":"Shrug It Off+1","floor":32},{"not_picked":["Dark Embrace","Berserk"],"picked":"Demon Form","floor":33},{"not_picked":["Disarm","Feel No Pain","Intimidate"],"picked":"SKIP","floor":35},{"not_picked":["Rupture+1","Flex+1","Dropkick+1"],"picked":"SKIP","floor":38},{"not_picked":["Carnage","Anger"],"picked":"Iron Wave+1","floor":40},{"not_picked":["Iron Wave+1","Combust+1","Clash"],"picked":"SKIP","floor":46},{"not_picked":["Dropkick","Twin Strike+1","Pommel Strike+1"],"picked":"SKIP","floor":47},{"not_picked":["Body Slam","Iron Wave","Pommel Strike"],"picked":"SKIP","floor":48},{"not_picked":["Body Slam","Iron Wave","Pommel Strike"],"picked":"SKIP","floor":48}],"player_experience":2002,"relics_obtained":[{"floor":9,"key":"Red Skull"},{"floor":11,"key":"Pen Nib"},{"floor":13,"key":"Shuriken"},{"floor":20,"key":"Blood Vial"},{"floor":23,"key":"Dream Catcher"},{"floor":26,"key":"Regal Pillow"},{"floor":28,"key":"Necronomicon"},{"floor":37,"key":"Gambling Chip"},{"floor":43,"key":"Kunai"},{"floor":48,"key":"Strawberry"}],"event_choices":[{"damage_healed":0,"gold_gain":0,"player_choice":"Bought 0 Potions","damage_taken":0,"max_hp_gain":0,"max_hp_loss":0,"event_name":"The Woman in Blue","floor":3,"gold_loss":0},{"damage_healed":0,"gold_gain":0,"player_choice":"Entered Light","damage_taken":16,"max_hp_gain":0,"max_hp_loss":0,"event_name":"Shining Light","floor":8,"gold_loss":0,"cards_upgraded":["Defend_R","Defend_R"]},{"damage_healed":0,"gold_gain":0,"player_choice":"Became a vampire (Vial)","damage_taken":0,"max_hp_gain":0,"max_hp_loss":0,"event_name":"Vampires","floor":21,"relics_lost":["Blood Vial"],"gold_loss":0,"cards_obtained":["Bite","Bite","Bite","Bite","Bite"]},{"damage_healed":0,"gold_gain":0,"player_choice":"Obtained Book","damage_taken":16,"max_hp_gain":0,"max_hp_loss":0,"event_name":"Cursed Tome","floor":28,"gold_loss":0},{"cards_removed":["Bite"],"damage_healed":0,"gold_gain":0,"player_choice":"Elegance","damage_taken":0,"max_hp_gain":0,"max_hp_loss":0,"event_name":"Back to Basics","floor":30,"gold_loss":0},{"damage_healed":0,"gold_gain":0,"player_choice":"Fight","damage_taken":0,"max_hp_gain":0,"max_hp_loss":0,"event_name":"Mysterious Sphere","floor":37,"gold_loss":0},{"damage_healed":0,"gold_gain":0,"player_choice":"Leave","damage_taken":0,"max_hp_gain":0,"max_hp_loss":0,"event_name":"FaceTrader","floor":39,"gold_loss":0},{"damage_healed":0,"gold_gain":0,"player_choice":"Memory 1","damage_taken":0,"max_hp_gain":0,"max_hp_loss":0,"event_name":"SensoryStone","floor":42,"gold_loss":0}],"is_beta":false,"boss_relics":[{"not_picked":["Lizard Tail","Mark of Pain"],"picked":"Velvet Choker"},{"not_picked":["Snecko Eye","Eternal Feather"],"picked":"Black Blood"}],"items_purged_floors":[6,22,25],"is_endless":false,"potions_floor_spawned":[1,11,12,19,23,37,40,47,48],"ascension_level":0}