{"gold_per_floor":[116,132,145,2,2,2,20,51,127,127,146,159,159,176,176,250,250,250,15,0,0,0,0,0,0,0,0,0,0,0,0,0,0],"floor_reached":33,"playtime":1039,"items_purged":["Strike_G"],"score":501,"play_id":"65915c9c-3b1f-47ef-9d61-3dba1745cfa0","local_time":"20190204031547","is_ascension_mode":true,"campfire_choices":[{"data":"Deadly Poison","floor":6.0,"key":"SMITH"},{"data":"Noxious Fumes","floor":10.0,"key":"SMITH"},{"floor":15.0,"key":"REST"},{"data":"Dagger Spray","floor":23.0,"key":"SMITH"},{"floor":25.0,"key":"REST"},{"floor":28.0,"key":"REST"},{"floor":32,"key":"REST"}],"neow_cost":"NONE","seed_source_timestamp":25465126689900,"circlet_count":0,"master_deck":["AscendersBane","Defend_G","Defend_G","Defend_G","Defend_G","Strike_G+1","Strike_G","Survivor","Neutralize+1","Dodge and Roll","Deadly Poison+1","Well Laid Plans","PiercingWail","Noxious Fumes+1","Dagger Spray+1","Venomology","Backstab","Blur+1","Die Die Die","Noxious Fumes","Bane+1","Deadly Poison+1"],"special_seed":0,"relics":["Ring of the Snake","StoneCalendar","Shuriken","Ectoplasm","Snake Skull","Whetstone","Orichalcum"],"potions_floor_usage":[29,29,33,33,33],"damage_taken":[{"damage":0.0,"enemies":"2 Louse","floor":1.0,"turns":5.0},{"damage":3.0,"enemies":"Cultist","floor":2.0,"turns":4.0},{"damage":4.0,"enemies":"Small Slimes","floor":3.0,"turns":5.0},{"damage":5.0,"enemies":"Red Slaver","floor":7.0,"turns":4.0},{"damage":12.0,"enemies":"Lagavulin","floor":8.0,"turns":6.0},{"damage":4.0,"enemies":"Looter","floor":11.0,"turns":4.0},{"damage":17.0,"enemies":"Exordium Thugs","floor":12.0,"turns":5.0},{"damage":4.0,"enemies":"Blue Slaver","floor":14.0,"turns":4.0},{"damage":7.0,"enemies":"Slime Boss","floor":16.0,"turns":7.0},{"damage":5.0,"enemies":"Chosen","floor":18.0,"turns":6.0},{"damage":12.0,"enemies":"2 Thieves","floor":22.0,"turns":4.0},{"damage":16.0,"enemies":"Book of Stabbing","floor":24.0,"turns":6.0},{"damage":17.0,"enemies":"Snecko","floor":27.0,"turns":6.0},{"damage":17,"enemies":"Shelled Parasite and Fungi","floor":29,"turns":5},{"damage":8,"enemies":"Snake Plant","floor":30,"turns":4},{"damage":8,"enemies":"Snecko","floor":31,"turns":4},{"damage":31,"enemies":"Automaton","floor":33,"turns":6}],"seed_played":"-8646600379910244739","potions_obtained":[{"floor":2.0,"key":"GhostInAJar"},{"floor":7.0,"key":"SteroidPotion"},{"floor":8.0,"key":"EssenceOfSteel"},{"floor":16.0,"key":"GhostInAJar"},{"floor":18.0,"key":"Poison Potion"},{"floor":27.0,"key":"Explosive Potion"},{"floor":30,"key":"Block Potion"},{"floor":31,"key":"Energy Potion"}],"is_trial":false,"path_per_floor":["M","M","M","$","?","R","M","E","T","R","M","M","?","M","R","B",null,"M","$","?","?","M","R","E","R","T","M","R","M","M","M","R","B"],"character_chosen":"THE_SILENT","items_purchased":["Well Laid Plans","PiercingWail","Snake Skull"],"campfire_rested":4,"item_purchase_floors":[4,4,19],"current_hp_per_floor":[59,56,52,52,52,52,47,35,35,35,31,14,14,10,29,22,55,50,50,50,50,38,38,22,41,41,24,43,26,18,10,29,0],"gold":0,"neow_bonus":"TRANSFORM_CARD","is_prod":false,"is_daily":false,"chose_seed":false,"campfire_upgraded":3,"win_rate":0,"timestamp":1549242947,"path_taken":["M","M","M","$","?","R","M","E","T","R","M","?","?","M","R","BOSS","M","$","?","?","M","R","E","R","T","M","R","M","?","M","R","BOSS"],"build_version":"2019-01-23","purchased_purges":1,"victory":false,"max_hp_per_floor":[66,66,66,66,66,66,66,66,66,66,66,66,66,66,66,66,66,66,66,66,66,66,66,66,66,66,66,66,66,66,66,66,66],"card_choices":[{"not_picked":["Poisoned Stab","Backflip"],"picked":"Deadly Poison","floor":1.0},{"not_picked":["Flying Knee","Dagger Throw","Sucker Punch"],"picked":"SKIP","floor":2.0},{"not_picked":["Caltrops","Heel Hook","Masterful Stab"],"picked":"SKIP","floor":3.0},{"not_picked":["Quick Slash","Dagger Throw"],"picked":"Noxious Fumes","floor":7.0},{"not_picked":["Underhanded Strike","Deflect","Doppelganger"],"picked":"SKIP","floor":8.0},{"not_picked":["Finisher","Escape Plan"],"picked":"Dagger Spray","floor":11.0},{"not_picked":["Deflect","Acrobatics","Flying Knee"],"picked":"SKIP","floor":12.0},{"not_picked":["Dash","Infinite Blades","Dagger Throw"],"picked":"SKIP","floor":14.0},{"not_picked":["Doppelganger","Storm of Steel"],"picked":"Venomology","floor":16.0},{"not_picked":["Deflect","Underhanded Strike"],"picked":"Backstab","floor":18.0},{"not_picked":["Flechettes","Deflect"],"picked":"Blur+1","floor":22.0},{"not_picked":["Leg Sweep","Flying Knee","Well Laid Plans"],"picked":"SKIP","floor":24.0},{"not_picked":["Concentrate","Dash+1"],"picked":"Die Die Die","floor":27.0},{"not_picked":["Deflect","Acrobatics"],"picked":"Noxious Fumes","floor":29},{"not_picked":["Outmaneuver","Flying Knee"],"picked":"Bane+1","floor":30},{"not_picked":["Choke","Dagger Throw"],"picked":"Deadly Poison+1","floor":31}],"player_experience":604798,"relics_obtained":[{"floor":8.0,"key":"StoneCalendar"},{"floor":9.0,"key":"Shuriken"},{"floor":24.0,"key":"Whetstone"},{"floor":26.0,"key":"Orichalcum"}],"event_choices":[{"cards_removed":["Defend_G"],"damage_healed":0.0,"max_hp_gain":0.0,"max_hp_loss":0.0,"gold_gain":0.0,"event_name":"Purifier","player_choice":"Purged","floor":5.0,"gold_loss":0.0,"damage_taken":0.0},{"cards_removed":["Strike_G"],"damage_healed":0.0,"max_hp_gain":0.0,"max_hp_loss":0.0,"gold_gain":0.0,"event_name":"Bonfire Elementals","player_choice":"Offered Basic","floor":13.0,"gold_loss":0.0,"damage_taken":0.0},{"damage_healed":0.0,"max_hp_gain":0.0,"max_hp_loss":0.0,"gold_gain":0.0,"event_name":"Masked Bandits","player_choice":"Paid Fearfully","floor":20.0,"gold_loss":15.0,"damage_taken":0.0},{"damage_healed":0.0,"max_hp_gain":0.0,"max_hp_loss":0.0,"gold_gain":0.0,"event_name":"Match and Keep!","player_choice":"0 cards matched","floor":21.0,"gold_loss":0.0,"damage_taken":0.0,"cards_obtained":[]}],"is_beta":false,"boss_relics":[{"not_picked":["Snecko Eye","Pandora\u0027s Box"],"picked":"Ectoplasm"}],"items_purged_floors":[19],"is_endless":false,"potions_floor_spawned":[2,7,8,16,18,27,30,31],"killed_by":"Automaton","ascension_level":17}