{"gold_per_floor":[364,56,74,91,110,110,136,136,185,185,199,3,3,16,16,93,93,112,112,125,137,37,37,56,90,90,102,102,43,59,59,59,132,132,142,159,1158,1158,615,615,643,660,660,676,693,721,721,149,149,149],"floor_reached":51,"playtime":6329,"items_purged":["Strike_R","Bash","Normality"],"score":1297,"play_id":"2f97e701-55a1-4dcc-9a86-e6ccf49c75c0","local_time":"20181227172928","is_ascension_mode":true,"campfire_choices":[{"floor":6.0,"key":"REST"},{"data":"Immolate","floor":8.0,"key":"SMITH"},{"data":"Flame Barrier","floor":10.0,"key":"SMITH"},{"floor":15.0,"key":"REST"},{"data":"Apotheosis","floor":23.0,"key":"SMITH"},{"data":"True Grit","floor":28.0,"key":"SMITH"},{"data":"Writhe","floor":32.0,"key":"PURGE"},{"data":"Normality","floor":40.0,"key":"PURGE"},{"data":"Feel No Pain","floor":47,"key":"SMITH"},{"data":"Disarm","floor":49,"key":"SMITH"}],"neow_cost":"PERCENT_DAMAGE","seed_source_timestamp":338240320883187,"circlet_count":0,"master_deck":["AscendersBane","Flame Barrier+1","Feed","Feel No Pain+1","Battle Trance","Immolate+1","Sword Boomerang","Apotheosis+1","Offering","Barricade+1","Spot Weakness","Shockwave","Disarm+1","Bludgeon","Reaper","Berserk+1","Rage+1","Shrug It Off","Evolve+1","True Grit+1","Ghostly Armor","True Grit+1","Uppercut","Shrug It Off+1","Trip+1","Pummel","Metallicize+1","Seeing Red+1","Shrug It Off+1","Metallicize+1"],"special_seed":0,"relics":["Burning Blood","Frozen Egg 2","Strawberry","Pandora\u0027s Box","FossilizedHelix","Vajra","Peace Pipe","Blue Candle","Sozu","Toxic Egg 2","Self Forming Clay","Mercury Hourglass","Smiling Mask","War Paint","Nunchaku"],"potions_floor_usage":[46],"damage_taken":[{"damage":6.0,"enemies":"Cultist","floor":1.0,"turns":3.0},{"damage":3.0,"enemies":"Jaw Worm","floor":3.0,"turns":4.0},{"damage":6.0,"enemies":"2 Louse","floor":4.0,"turns":3.0},{"damage":52.0,"enemies":"Exordium Wildlife","floor":5.0,"turns":7.0},{"damage":29.0,"enemies":"Gremlin Nob","floor":7.0,"turns":5.0},{"damage":16.0,"enemies":"Blue Slaver","floor":11.0,"turns":5.0},{"damage":11.0,"enemies":"3 Louse","floor":14.0,"turns":3.0},{"damage":40.0,"enemies":"Hexaghost","floor":16.0,"turns":14.0},{"damage":23.0,"enemies":"Spheric Guardian","floor":18.0,"turns":5.0},{"damage":10.0,"enemies":"Chosen","floor":20.0,"turns":4.0},{"damage":28.0,"enemies":"Centurion and Healer","floor":21.0,"turns":9.0},{"damage":16.0,"enemies":"Shelled Parasite and Fungi","floor":24.0,"turns":4.0},{"damage":13.0,"enemies":"Book of Stabbing","floor":25.0,"turns":7.0},{"damage":6.0,"enemies":"Snake Plant","floor":27.0,"turns":6.0},{"damage":0.0,"enemies":"Snecko","floor":30.0,"turns":9.0},{"damage":39.0,"enemies":"Automaton","floor":33.0,"turns":15.0},{"damage":16.0,"enemies":"3 Shapes","floor":35.0,"turns":10.0},{"damage":25.0,"enemies":"3 Darklings","floor":36.0,"turns":8.0},{"damage":57.0,"enemies":"Giant Head","floor":41.0,"turns":11.0},{"damage":0.0,"enemies":"Transient","floor":42.0,"turns":5.0},{"damage":0.0,"enemies":"Spire Growth","floor":44.0,"turns":7.0},{"damage":30,"enemies":"Jaw Worm Horde","floor":45,"turns":7},{"damage":40,"enemies":"Reptomancer","floor":46,"turns":8},{"damage":13,"enemies":"Time Eater","floor":50,"turns":30}],"seed_played":"-6926030512841608419","potions_obtained":[{"floor":4.0,"key":"Swift Potion"},{"floor":11.0,"key":"Swift Potion"},{"floor":14.0,"key":"Dexterity Potion"},{"floor":16.0,"key":"Swift Potion"},{"floor":21.0,"key":"PowerPotion"},{"floor":24.0,"key":"Swift Potion"},{"floor":33.0,"key":"BloodPotion"}],"is_trial":false,"path_per_floor":["M","$","M","M","M","R","E","R","T","R","M","$","$","M","R","B",null,"M","T","M","M","$","R","M","E","T","M","R","$","M","?","R","B",null,"M","M","?","?","$","R","E","M","T","M","M","E","R","$","R","B",null],"character_chosen":"IRONCLAD","items_purchased":["Feed","Feel No Pain","Apotheosis","True Grit","Toxic Egg 2","Shrug It Off+1","Trip+1","War Paint","Nunchaku","Metallicize+1"],"campfire_rested":2,"item_purchase_floors":[2,2,12,29,39,39,39,48,48,48],"current_hp_per_floor":[50,50,56,59,16,41,18,18,25,25,18,18,18,16,45,11,76,59,59,68,63,63,63,57,50,50,72,72,72,91,91,91,72,106,121,125,125,125,125,125,98,104,104,129,123,135,135,135,135,128],"gold":149,"neow_bonus":"TWO_FIFTY_GOLD","is_prod":false,"is_daily":false,"chose_seed":false,"campfire_upgraded":6,"win_rate":0,"timestamp":1545928168,"path_taken":["M","$","M","M","M","R","E","R","T","R","M","?","$","M","R","BOSS","M","?","M","M","$","R","M","E","T","?","R","?","M","?","R","BOSS","M","M","?","?","$","R","E","M","T","M","M","E","R","?","R","BOSS"],"build_version":"2018-12-20","purchased_purges":3,"victory":true,"max_hp_per_floor":[75,75,78,81,84,84,84,84,91,91,94,94,94,97,97,97,97,97,97,101,105,105,105,109,109,109,113,113,113,117,117,117,117,117,121,125,125,125,125,125,129,129,129,129,133,137,137,137,137,137],"card_choices":[{"not_picked":["Heavy Blade","Body Slam"],"picked":"Flame Barrier","floor":1.0},{"not_picked":["Warcry","Anger","Body Slam"],"picked":"SKIP","floor":3.0},{"not_picked":["Pommel Strike","Second Wind"],"picked":"Battle Trance","floor":4.0},{"not_picked":["Spot Weakness","Armaments"],"picked":"Immolate","floor":5.0},{"not_picked":["Thunderclap","Wild Strike"],"picked":"Sword Boomerang","floor":7.0},{"not_picked":["Cleave","Iron Wave","Heavy Blade"],"picked":"SKIP","floor":11.0},{"not_picked":["Infernal Blade","Anger","Pommel Strike"],"picked":"SKIP","floor":14.0},{"not_picked":["Fiend Fire","Dark Embrace+1"],"picked":"Offering","floor":16.0},{"not_picked":["Warcry","Twin Strike"],"picked":"Shrug It Off","floor":18.0},{"not_picked":["Headbutt","Hemokinesis"],"picked":"Evolve+1","floor":20.0},{"not_picked":["Rampage","Dropkick","Body Slam"],"picked":"SKIP","floor":21.0},{"not_picked":["Sword Boomerang","Rage"],"picked":"True Grit","floor":24.0},{"not_picked":["Cleave","Bloodletting"],"picked":"Ghostly Armor","floor":25.0},{"not_picked":["Infernal Blade","Reckless Charge","Sever Soul"],"picked":"SKIP","floor":27.0},{"not_picked":["Fiend Fire","Warcry+1","Body Slam"],"picked":"SKIP","floor":30.0},{"not_picked":["Cleave","Havoc+1"],"picked":"Uppercut","floor":35.0},{"not_picked":["Body Slam","Iron Wave","Headbutt"],"picked":"SKIP","floor":36.0},{"not_picked":["Ghostly Armor+1","Whirlwind"],"picked":"Pummel","floor":41.0},{"not_picked":["True Grit+1","Seeing Red+1"],"picked":"Metallicize+1","floor":42.0},{"not_picked":["Sword Boomerang","Twin Strike"],"picked":"Seeing Red+1","floor":44.0},{"not_picked":["Cleave+1","Headbutt"],"picked":"Shrug It Off+1","floor":45},{"not_picked":["Heavy Blade","Rage+1","Berserk+1"],"picked":"SKIP","floor":46}],"player_experience":713200,"relics_obtained":[{"floor":7.0,"key":"Frozen Egg 2"},{"floor":9.0,"key":"Strawberry"},{"floor":19.0,"key":"FossilizedHelix"},{"floor":25.0,"key":"Vajra"},{"floor":26.0,"key":"Peace Pipe"},{"floor":41.0,"key":"Self Forming Clay"},{"floor":43.0,"key":"Mercury Hourglass"},{"floor":46,"key":"Smiling Mask"}],"event_choices":[{"damage_healed":0.0,"max_hp_gain":0.0,"max_hp_loss":0.0,"gold_gain":0.0,"event_name":"The Mausoleum","player_choice":"Opened","floor":31.0,"gold_loss":0.0,"damage_taken":0.0,"relics_obtained":["Blue Candle"],"cards_obtained":["Writhe"]},{"damage_healed":0.0,"max_hp_gain":0.0,"max_hp_loss":0.0,"gold_gain":999.0,"event_name":"MindBloom","player_choice":"Gold","floor":37.0,"gold_loss":0.0,"damage_taken":0.0,"cards_obtained":["Normality","Normality"]},{"damage_healed":0.0,"max_hp_gain":0.0,"max_hp_loss":0.0,"gold_gain":0.0,"event_name":"Mysterious Sphere","player_choice":"Ignored","floor":38.0,"gold_loss":0.0,"damage_taken":0.0}],"is_beta":false,"boss_relics":[{"not_picked":["Black Blood","Tiny House"],"picked":"Pandora\u0027s Box"},{"not_picked":["Philosopher\u0027s Stone","Velvet Choker"],"picked":"Sozu"}],"items_purged_floors":[2,22,39],"is_endless":false,"potions_floor_spawned":[4,11,14,16,21,24,27,33,41,42,45],"ascension_level":16}