{"gold_per_floor":[118,118,135,235,253,253,287,306,306,326,342,292,292,306,306,402,402,419,419,114,134,146,146,157,257,257,257,283,283,300,329,341,452,464,490,518,530,542,42,42,42,142,142,142,156,170,45,45,45,45],"floor_reached":51,"playtime":4086,"items_purged":["Strike_B","Redo","Strike_B"],"score":712,"play_id":"b01e77af-e1f8-47b6-a378-c55f3f59da22","local_time":"20190203145612","is_ascension_mode":false,"campfire_choices":[{"data":"Go for the Eyes","floor":6,"key":"SMITH"},{"data":"Buffer","floor":13,"key":"SMITH"},{"floor":15,"key":"REST"},{"data":"Sunder","floor":23,"key":"SMITH"},{"data":"Echo Form","floor":27,"key":"SMITH"},{"data":"Sunder","floor":29,"key":"SMITH"},{"data":"Self Repair","floor":32,"key":"SMITH"},{"data":"Consume","floor":40,"key":"SMITH"},{"data":"Defragment","floor":41,"key":"SMITH"},{"data":"Streamline","floor":44,"key":"SMITH"},{"data":"Glacier","floor":49,"key":"SMITH"}],"neow_cost":"NONE","seed_source_timestamp":53006331305211,"circlet_count":0,"master_deck":["Strike_B","Defend_B+1","Defend_B","Defend_B","Defend_B+1","Zap","Dualcast","Chill","Go for the Eyes+1","Conserve Battery","Self Repair+1","Sunder+1","Buffer+1","Consume+1","Echo Form+1","Defragment+1","Sunder+1","Streamline+1","Auto Shields","Leap","Cold Snap+1","Storm","Glacier+1"],"relics":["Snecko Eye","Mercury Hourglass","Gambling Chip","Black Star","DataDisk","WingedGreaves","Molten Egg 2","Mummified Hand","Emotion Chip","Bag of Marbles","Potion Belt","MawBank","Busted Crown","Regal Pillow","Pear","Nunchaku","Turnip"],"potions_floor_usage":[7,7,16,25,33,36,36,50,50,50],"damage_taken":[{"damage":0,"enemies":"Small Slimes","floor":1,"turns":2},{"damage":0,"enemies":"2 Louse","floor":3,"turns":3},{"damage":0,"enemies":"Cultist","floor":5,"turns":3},{"damage":34,"enemies":"Gremlin Nob","floor":7,"turns":5},{"damage":0,"enemies":"Lots of Slimes","floor":8,"turns":3},{"damage":14,"enemies":"Large Slime","floor":10,"turns":4},{"damage":0,"enemies":"Exordium Wildlife","floor":11,"turns":1},{"damage":0,"enemies":"Gremlin Gang","floor":14,"turns":4},{"damage":50,"enemies":"Hexaghost","floor":16,"turns":13},{"damage":10,"enemies":"Spheric Guardian","floor":18,"turns":3},{"damage":0,"enemies":"Shell Parasite","floor":21,"turns":5},{"damage":15,"enemies":"Chosen and Byrds","floor":22,"turns":4},{"damage":0,"enemies":"Sentry and Sphere","floor":24,"turns":3},{"damage":0,"enemies":"Colosseum Slavers","floor":25,"turns":4},{"damage":0,"enemies":"Colosseum Nobs","floor":25,"turns":3},{"damage":15,"enemies":"Gremlin Leader","floor":28,"turns":7},{"damage":0,"enemies":"Shelled Parasite and Fungi","floor":30,"turns":3},{"damage":0,"enemies":"Slavers","floor":31,"turns":4},{"damage":0,"enemies":"Automaton","floor":33,"turns":10},{"damage":0,"enemies":"3 Shapes","floor":35,"turns":4},{"damage":0,"enemies":"3 Darklings","floor":36,"turns":3},{"damage":0,"enemies":"Mind Bloom Boss Battle","floor":42,"turns":6},{"damage":0,"enemies":"4 Shapes","floor":45,"turns":4},{"damage":0,"enemies":"Jaw Worm Horde","floor":46,"turns":3},{"damage":15,"enemies":"Time Eater","floor":50,"turns":13}],"seed_played":"2711152119951057518","potions_obtained":[{"floor":1,"key":"SkillPotion"},{"floor":5,"key":"FocusPotion"},{"floor":8,"key":"Ancient Potion"},{"floor":14,"key":"GamblersBrew"},{"floor":16,"key":"FocusPotion"},{"floor":21,"key":"Strength Potion"},{"floor":30,"key":"SpeedPotion"},{"floor":31,"key":"Swift Potion"},{"floor":33,"key":"AttackPotion"},{"floor":35,"key":"Explosive Potion"},{"floor":36,"key":"Poison Potion"}],"is_trial":false,"path_per_floor":["M","?","M","?","M","R","E","M","T","M","M","?","R","M","R","B",null,"M","?","$","M","M","R","M","?","T","R","E","R","M","E","R","B",null,"M","M","?","T","$","R","R","?","T","R","M","M","$","?","R","B",null],"character_chosen":"DEFECT","items_purchased":["DataDisk","Defragment","Pear","Regen Potion","Cold Snap+1","Storm"],"campfire_rested":1,"item_purchase_floors":[20,20,39,39,39,39],"current_hp_per_floor":[75,60,60,60,60,60,26,33,33,26,26,26,26,33,55,12,75,72,72,72,75,67,67,67,67,67,67,59,59,66,73,73,75,75,75,75,75,75,85,85,85,85,85,85,85,85,85,85,85,70],"gold":45,"neow_bonus":"BOSS_RELIC","is_prod":false,"is_daily":false,"chose_seed":false,"campfire_upgraded":10,"win_rate":0,"timestamp":1549234572,"path_taken":["M","?","M","?","?","R","E","M","T","M","?","?","R","M","R","BOSS","M","?","$","M","?","R","M","?","T","R","E","R","M","E","R","BOSS","M","M","?","?","$","R","R","?","T","R","M","M","?","?","R","BOSS"],"build_version":"2019-01-23","purchased_purges":3,"victory":true,"max_hp_per_floor":[75,75,75,75,75,75,75,75,75,75,75,75,75,75,75,75,75,75,75,75,75,75,75,75,75,75,75,75,75,75,75,75,75,75,75,75,75,75,85,85,85,85,85,85,85,85,85,85,85,85],"card_choices":[{"not_picked":["Double Energy","Rebound"],"picked":"Chill","floor":1},{"not_picked":["Static Discharge","Gash"],"picked":"Go for the Eyes","floor":3},{"not_picked":["Stack","Steam"],"picked":"Conserve Battery","floor":5},{"not_picked":["Gash","Redo"],"picked":"Self Repair","floor":7},{"not_picked":["Tempest","Steam Power"],"picked":"Sunder","floor":8},{"not_picked":["Rebound","Go for the Eyes"],"picked":"Redo","floor":10},{"not_picked":["Stack","Hello World"],"picked":"Buffer","floor":11},{"not_picked":["Undo","Go for the Eyes"],"picked":"Consume","floor":14},{"not_picked":["Rainbow","Reboot"],"picked":"Echo Form","floor":16},{"not_picked":["Beam Cell","Aggregate+1","Rebound"],"picked":"SKIP","floor":18},{"not_picked":["Rebound","Turbo"],"picked":"Undo","floor":21},{"not_picked":["Cold Snap","Chill"],"picked":"Sunder","floor":22},{"not_picked":["Steam","Sweeping Beam"],"picked":"Streamline","floor":24},{"not_picked":["Buffer","Compile Driver+1","Recycle+1"],"picked":"SKIP","floor":28},{"not_picked":["Streamline+1","Chaos+1","Reprogram"],"picked":"SKIP","floor":30},{"not_picked":["Turbo","Compile Driver+1"],"picked":"Auto Shields","floor":31},{"not_picked":["White Noise"],"picked":"SKIP","floor":35},{"not_picked":[],"picked":"Leap","floor":36},{"not_picked":["Lockon+1"],"picked":"SKIP","floor":45},{"not_picked":[],"picked":"Glacier","floor":46}],"player_experience":315069,"relics_obtained":[{"floor":7,"key":"Mercury Hourglass"},{"floor":9,"key":"Gambling Chip"},{"floor":25,"key":"WingedGreaves"},{"floor":25,"key":"Molten Egg 2"},{"floor":26,"key":"Mummified Hand"},{"floor":28,"key":"Emotion Chip"},{"floor":28,"key":"Bag of Marbles"},{"floor":31,"key":"Potion Belt"},{"floor":31,"key":"MawBank"},{"floor":38,"key":"Regal Pillow"},{"floor":42,"key":"Nunchaku"},{"floor":43,"key":"Turnip"}],"event_choices":[{"damage_healed":0,"gold_gain":0,"player_choice":"Entered Light","damage_taken":15,"max_hp_gain":0,"max_hp_loss":0,"event_name":"Shining Light","floor":2,"gold_loss":0,"cards_upgraded":["Defend_B","Defend_B"]},{"damage_healed":0,"gold_gain":100,"player_choice":"Pray","damage_taken":0,"max_hp_gain":0,"max_hp_loss":0,"event_name":"Golden Shrine","floor":4,"gold_loss":0},{"cards_removed":["Strike_B"],"damage_healed":0,"gold_gain":0,"player_choice":"Card Removal","damage_taken":0,"max_hp_gain":0,"max_hp_loss":0,"event_name":"The Cleric","floor":12,"gold_loss":50},{"damage_healed":0,"gold_gain":0,"player_choice":"0 cards matched","damage_taken":0,"max_hp_gain":0,"max_hp_loss":0,"event_name":"Match and Keep!","floor":19,"gold_loss":0,"cards_obtained":[]},{"damage_healed":0,"gold_gain":0,"player_choice":"Fight","damage_taken":0,"max_hp_gain":0,"max_hp_loss":0,"event_name":"Colosseum","floor":25,"gold_loss":0},{"damage_healed":0,"gold_gain":0,"player_choice":"Fought Nobs","damage_taken":0,"max_hp_gain":0,"max_hp_loss":0,"event_name":"Colosseum","floor":25,"gold_loss":0},{"damage_healed":0,"gold_gain":0,"player_choice":"Ignored","damage_taken":0,"max_hp_gain":0,"max_hp_loss":0,"event_name":"Tomb of Lord Red Mask","floor":37,"gold_loss":0},{"damage_healed":0,"gold_gain":0,"player_choice":"Fight","damage_taken":0,"max_hp_gain":0,"max_hp_loss":0,"event_name":"MindBloom","floor":42,"gold_loss":0},{"cards_removed":["Undo"],"damage_healed":0,"gold_gain":0,"player_choice":"Removed Skill","damage_taken":0,"max_hp_gain":0,"max_hp_loss":0,"event_name":"Falling","floor":48,"gold_loss":0}],"is_beta":false,"boss_relics":[{"not_picked":["Lizard Tail","Orrery"],"picked":"Black Star"},{"not_picked":["White Beast Statue","Tiny House"],"picked":"Busted Crown"}],"items_purged_floors":[20,39,47],"is_endless":false,"potions_floor_spawned":[1,5,8,14,16,21,24,30,31,33,35,36],"ascension_level":0}