{"path_per_floor":["M","M","M","M","M","R","E","R","T","M","R","$","?","M","R","B",null,"M","$","M","M","M","R","M","E","T","R","?","R","T","$","R","B",null,"M","T","$","M","M","R","E","?","T","M","R","M","M","?","R","B"],"character_chosen":"THE_SILENT","items_purchased":["Infinite Blades","Malaise","Orichalcum","Accuracy"],"gold_per_floor":[114,129,144,159,174,174,234,234,259,274,274,53,53,68,68,168,168,183,33,48,63,78,78,93,123,123,123,123,123,123,42,42,142,142,157,157,57,72,87,87,117,165,165,180,180,195,210,210,210,210],"floor_reached":51,"campfire_rested":0,"playtime":16717,"current_hp_per_floor":[70,70,70,70,68,68,61,61,61,61,61,61,54,54,54,51,72,72,72,72,68,67,67,72,72,72,72,58,58,58,58,58,49,79,86,86,86,86,86,86,88,90,90,90,90,98,100,100,100,81],"items_purged":["Strike_G","Strike_G"],"gold":210,"score":876,"play_id":"4f35a8eb-91a5-481b-a470-eb9241dd49a8","local_time":"20180316134646","daily_mods":["Heirloom","Elite Swarm","Vintage"],"is_prod":false,"is_daily":true,"is_ascension_mode":false,"campfire_upgraded":10,"timestamp":1521208006,"path_taken":["M","M","M","M","M","R","E","R","T","M","R","$","?","M","R","BOSS","M","$","M","M","M","R","M","E","T","R","?","R","?","?","R","BOSS","M","?","$","M","M","R","E","?","T","?","R","M","M","?","R","BOSS"],"build_version":"2018-03-09","purchased_purges":2,"victory":true,"master_deck":["Defend_G+1","Defend_G+1","Defend_G+1","Strike_G","Strike_G+1","Strike_G+1","Survivor+1","Neutralize+1","Die Die Die+1","Infinite Blades+1","Malaise+1","Accuracy+1","Adrenaline+1"],"max_hp_per_floor":[70,70,70,70,70,70,70,70,70,70,70,70,70,70,70,72,72,72,72,72,72,72,72,72,74,74,74,79,79,79,79,79,79,79,86,86,86,86,86,86,88,90,90,90,90,100,100,100,100,100],"relics":["Ring of the Snake","Thread and Needle","Centennial Puzzle","Lantern","Blue Candle","Meat on the Bone","Bottled Flame","Tiny Chest","Oddly Smooth Stone","War Paint","Singing Bowl","Bronze Scales","White Beast Statue","Art of War","Orichalcum","Anchor","Pantograph","Bottled Lightning","Bag of Preparation","Kunai","Frozen Eye","Blood Vial","Dream Catcher","Question Card","Strawberry","Du-Vu Doll","Peace Pipe","Mummified Hand","Snake Skull","Tingsha","Ginger","Vajra","Pear","Frozen Egg 2"],"card_choices":[{"not_picked":["A Thousand Cuts","Phantasmal Killer"],"picked":"Die Die Die"},{"not_picked":["Grand Finale","Corpse Explosion"],"picked":"Adrenaline"}],"player_experience":155391,"potions_floor_usage":[4,7,7,16,18,21,24,25,25,25,33,35,38,39,41,46,50,50,50],"damage_taken":[{"damage":0,"enemies":"Jaw Worm","floor":1,"turns":6},{"damage":0,"enemies":"Cultist","floor":2,"turns":4},{"damage":0,"enemies":"2 Louse","floor":3,"turns":2},{"damage":0,"enemies":"Lots of Slimes","floor":4,"turns":1},{"damage":2,"enemies":"Exordium Wildlife","floor":5,"turns":5},{"damage":19,"enemies":"Lagavulin","floor":7,"turns":12},{"damage":0,"enemies":"Red Slaver","floor":10,"turns":3},{"damage":0,"enemies":"Large Slime","floor":14,"turns":6},{"damage":5,"enemies":"The Guardian","floor":16,"turns":19},{"damage":0,"enemies":"Chosen","floor":18,"turns":6},{"damage":0,"enemies":"Shell Parasite","floor":20,"turns":7},{"damage":4,"enemies":"Centurion and Healer","floor":21,"turns":10},{"damage":1,"enemies":"Chosen and Byrds","floor":22,"turns":8},{"damage":0,"enemies":"Snake Plant","floor":24,"turns":5},{"damage":11,"enemies":"Slavers","floor":25,"turns":6},{"damage":42,"enemies":"Automaton","floor":33,"turns":19},{"damage":0,"enemies":"3 Darklings","floor":35,"turns":6},{"damage":0,"enemies":"3 Shapes","floor":38,"turns":4},{"damage":0,"enemies":"3 Darklings","floor":39,"turns":10},{"damage":0,"enemies":"2 Orb Walkers","floor":41,"turns":6},{"damage":0,"enemies":"Mysterious Sphere","floor":42,"turns":6},{"damage":0,"enemies":"Sphere and 2 Shapes","floor":44,"turns":5},{"damage":2,"enemies":"Maw","floor":46,"turns":10},{"damage":0,"enemies":"3 Darklings","floor":47,"turns":4},{"damage":19,"enemies":"Time Eater","floor":50,"turns":16}],"event_choices":[{"event_name":"Golden Wing","player_choice":"Card Removal","floor":13,"damage_taken":0},{"event_name":"Forgotten Altar","player_choice":"Shed Blood","floor":28,"damage_taken":0},{"event_name":"Mysterious Sphere","player_choice":"Fight","floor":42,"damage_taken":0},{"event_name":"Golden Shrine","player_choice":"Skipped","floor":48,"damage_taken":0}],"boss_relics":[{"not_picked":["Philosopher\u0027s Stone","Pandora\u0027s Box"],"picked":"White Beast Statue"},{"not_picked":["The Specimen","Snecko Eye"],"picked":"Question Card"}],"potions_floor_spawned":[2,4,5,14,16,18,20,21,22,24,25,33,35,38,39,41,42,44,46,47],"seed_played":"5375251351321028032","ascension_level":0,"is_trial":false}