{"gold_per_floor":[110,110,35,35,54,82,26,45,120,120,170,186,59,76,76,149,149,159,74,74,90,90],"floor_reached":22,"playtime":1090,"items_purged":[],"score":418,"play_id":"cb6a9991-1448-4a89-ae8d-3f3b7a88cb24","local_time":"20190130014033","is_ascension_mode":true,"campfire_choices":[{"data":"Neutralize","floor":10.0,"key":"SMITH"},{"data":"Footwork","floor":15,"key":"SMITH"}],"neow_cost":"NONE","seed_source_timestamp":646429728632791,"circlet_count":0,"master_deck":["AscendersBane","Defend_G","Defend_G","Defend_G","Defend_G","Defend_G","Strike_G","Strike_G","Strike_G","Survivor","Neutralize+1","Infinite Blades","PiercingWail","Bouncing Flask","PiercingWail","Footwork+1","Footwork","After Image","Escape Plan"],"special_seed":0,"relics":["Ring of the Snake","NeowsBlessing","Potion Belt","The Courier","Coffee Dripper","Centennial Puzzle"],"potions_floor_usage":[16,21,22,22,22],"damage_taken":[{"damage":0.0,"enemies":"2 Louse","floor":1.0,"turns":1.0},{"damage":0.0,"enemies":"Small Slimes","floor":5.0,"turns":1.0},{"damage":0.0,"enemies":"Gremlin Nob","floor":6.0,"turns":1.0},{"damage":2.0,"enemies":"Cultist","floor":8.0,"turns":5.0},{"damage":3.0,"enemies":"Looter","floor":12.0,"turns":4.0},{"damage":0,"enemies":"Blue Slaver","floor":14,"turns":6},{"damage":12,"enemies":"The Guardian","floor":16,"turns":13},{"damage":1,"enemies":"Shell Parasite","floor":18,"turns":7},{"damage":3,"enemies":"Chosen","floor":21,"turns":6},{"damage":69,"enemies":"3 Cultists","floor":22,"turns":8}],"seed_played":"-8884198838829720289","potions_obtained":[{"floor":5.0,"key":"Energy Potion"},{"floor":6.0,"key":"AttackPotion"},{"floor":8.0,"key":"SneckoOil"},{"floor":18,"key":"SneckoOil"}],"is_trial":false,"path_per_floor":["M","?","?","$","M","E","$","M","T","R","?","M","$","M","R","B",null,"M","?","?","M","M"],"character_chosen":"THE_SILENT","items_purchased":["Strength Potion","Footwork","Footwork"],"campfire_rested":0,"item_purchase_floors":[7,13,13],"current_hp_per_floor":[59,52,52,52,52,52,52,50,50,50,50,47,47,47,47,35,58,57,57,57,54,0],"gold":90,"neow_bonus":"THREE_ENEMY_KILL","is_prod":false,"is_daily":false,"chose_seed":false,"campfire_upgraded":2,"win_rate":0,"timestamp":1548808833,"path_taken":["M","?","?","$","M","E","$","M","T","R","?","?","$","M","R","BOSS","M","?","?","M","M"],"build_version":"2019-01-23","purchased_purges":0,"victory":false,"max_hp_per_floor":[66,66,66,66,66,66,66,66,66,66,66,66,66,66,66,66,66,66,66,66,66,66],"card_choices":[{"not_picked":["Cloak And Dagger","Acrobatics","Dodge and Roll"],"picked":"SKIP","floor":1.0},{"not_picked":["Choke","Masterful Stab"],"picked":"Infinite Blades","floor":5.0},{"not_picked":["Terror","Deflect"],"picked":"PiercingWail","floor":6.0},{"not_picked":["Underhanded Strike","Backstab"],"picked":"Bouncing Flask","floor":8.0},{"not_picked":["Poisoned Stab","Backflip"],"picked":"PiercingWail","floor":12.0},{"not_picked":["Prepared","Cloak And Dagger","Quick Slash"],"picked":"SKIP","floor":14},{"not_picked":["Doppelganger","Bullet Time"],"picked":"After Image","floor":16},{"not_picked":["Tactician","Dagger Spray","Flechettes+1"],"picked":"SKIP","floor":18},{"not_picked":["Leg Sweep","Quick Slash+1"],"picked":"Escape Plan","floor":21}],"player_experience":1086112,"relics_obtained":[{"floor":6.0,"key":"Potion Belt"},{"floor":9.0,"key":"The Courier"}],"event_choices":[{"cards_removed":["Strike_G"],"damage_healed":0.0,"max_hp_gain":0.0,"max_hp_loss":0.0,"gold_gain":0.0,"event_name":"Golden Wing","player_choice":"Card Removal","floor":2.0,"gold_loss":0.0,"damage_taken":7.0},{"cards_removed":["Strike_G"],"damage_healed":0.0,"max_hp_gain":0.0,"max_hp_loss":0.0,"gold_gain":0.0,"event_name":"The Cleric","player_choice":"Card Removal","floor":3.0,"gold_loss":75.0,"damage_taken":0.0},{"damage_healed":0.0,"max_hp_gain":0.0,"max_hp_loss":0.0,"gold_gain":50.0,"event_name":"Golden Shrine","player_choice":"Pray","floor":11.0,"gold_loss":0.0,"damage_taken":0.0},{"damage_healed":0,"gold_gain":0,"player_choice":"Obtained Relic","damage_taken":0,"relics_obtained":["Centennial Puzzle"],"max_hp_gain":0,"max_hp_loss":0,"event_name":"Addict","floor":19,"gold_loss":85},{"damage_healed":0,"gold_gain":0,"player_choice":"Ignored","damage_taken":0,"max_hp_gain":0,"max_hp_loss":0,"event_name":"Vampires","floor":20,"gold_loss":0}],"is_beta":false,"boss_relics":[{"not_picked":["Cursed Key","Sozu"],"picked":"Coffee Dripper"}],"items_purged_floors":[],"is_endless":false,"potions_floor_spawned":[5,6,8,18],"killed_by":"3 Cultists","ascension_level":20}