{"gold_per_floor":[115,135,135,151,101,127,127,127,200,200,215,215,215,21,21,116,116,134,152,152,152,152,186,34,34],"floor_reached":25,"playtime":1003,"items_purged":["Strike_R","Normality"],"score":326,"play_id":"1312e271-6b56-448c-961f-b34386155281","local_time":"20181111132546","is_ascension_mode":true,"campfire_choices":[{"floor":7.0,"key":"DIG"},{"floor":10.0,"key":"DIG"},{"floor":12.0,"key":"DIG"},{"floor":15.0,"key":"REST"}],"neow_cost":"CURSE","seed_source_timestamp":49167422962654,"circlet_count":0,"master_deck":["AscendersBane","Strike_R","Strike_R","Strike_R","Defend_R","Defend_R","Defend_R","Defend_R","Bash","Immolate","Uppercut","Body Slam+1","True Grit","Finesse","Impervious","Infernal Blade+1","Body Slam+1","Armaments+1","Shrug It Off"],"special_seed":0,"relics":["Burning Blood","Kunai","Shovel","Juzu Bracelet","Shuriken","Letter Opener","Sundial","Art of War","Coffee Dripper","Ornamental Fan","StoneCalendar"],"potions_floor_usage":[23,23],"damage_taken":[{"damage":0.0,"enemies":"Small Slimes","floor":1.0,"turns":3.0},{"damage":7.0,"enemies":"Jaw Worm","floor":2.0,"turns":3.0},{"damage":6.0,"enemies":"Cultist","floor":4.0,"turns":3.0},{"damage":40.0,"enemies":"Lagavulin","floor":6.0,"turns":7.0},{"damage":18.0,"enemies":"Red Slaver","floor":11.0,"turns":3.0},{"damage":33.0,"enemies":"The Guardian","floor":16.0,"turns":14.0},{"damage":25.0,"enemies":"Spheric Guardian","floor":18.0,"turns":4.0},{"damage":16,"enemies":"Shell Parasite","floor":19,"turns":4},{"damage":31,"enemies":"Book of Stabbing","floor":23,"turns":5},{"damage":10,"enemies":"Snake Plant","floor":25,"turns":1}],"seed_played":"6695664326526067308","potions_obtained":[{"floor":2.0,"key":"Weak Potion"},{"floor":11.0,"key":"LiquidBronze"},{"floor":13.0,"key":"LiquidBronze"},{"floor":13.0,"key":"SpeedPotion"},{"floor":13.0,"key":"SneckoOil"}],"is_trial":false,"path_per_floor":["M","M","?","M","?","E","R","T","T","R","M","R","?","$","R","B",null,"M","M","T","?","?","E","$","M"],"character_chosen":"IRONCLAD","items_purchased":["True Grit","Finesse","Shrug It Off"],"campfire_rested":1,"item_purchase_floors":[14,14,24],"current_hp_per_floor":[78,77,59,59,59,25,25,25,25,25,13,13,13,13,37,10,63,44,34,34,34,34,9,9,0],"gold":34,"neow_bonus":"THREE_RARE_CARDS","is_prod":false,"is_daily":false,"chose_seed":false,"campfire_upgraded":0,"win_rate":0,"timestamp":1541939146,"path_taken":["M","M","?","M","?","E","R","?","T","R","M","R","?","$","R","BOSS","M","M","?","?","?","E","$","M"],"build_version":"2018-11-08","purchased_purges":2,"victory":false,"max_hp_per_floor":[80,80,80,80,80,80,80,80,80,80,80,80,80,80,80,80,80,80,80,80,80,80,80,80,80],"card_choices":[{"not_picked":["Demon Form","Offering"],"picked":"Immolate","floor":0.0},{"not_picked":["Anger","Clash"],"picked":"Uppercut","floor":1.0},{"not_picked":["Iron Wave","Perfected Strike"],"picked":"Body Slam","floor":2.0},{"not_picked":["Sword Boomerang","Evolve","Iron Wave"],"picked":"SKIP","floor":4.0},{"not_picked":["Brutality","Entrench","Iron Wave"],"picked":"SKIP","floor":6.0},{"not_picked":["Cleave","Reckless Charge","Searing Blow"],"picked":"SKIP","floor":11.0},{"not_picked":["Reaper","Fiend Fire"],"picked":"Impervious","floor":16.0},{"not_picked":["Bloodletting","Cleave","Clash"],"picked":"SKIP","floor":18.0},{"not_picked":["Warcry","Pummel+1"],"picked":"Infernal Blade+1","floor":19},{"not_picked":["Rage+1","Iron Wave"],"picked":"Armaments+1","floor":23}],"player_experience":494185,"relics_obtained":[{"floor":6.0,"key":"Shovel"},{"floor":7.0,"key":"Juzu Bracelet"},{"floor":8.0,"key":"Shuriken"},{"floor":9.0,"key":"Letter Opener"},{"floor":10.0,"key":"Sundial"},{"floor":12.0,"key":"Art of War"},{"floor":20,"key":"Ornamental Fan"},{"floor":23,"key":"StoneCalendar"}],"event_choices":[{"damage_healed":0.0,"max_hp_gain":0.0,"max_hp_loss":0.0,"gold_gain":0.0,"event_name":"Scrap Ooze","player_choice":"Success","floor":3.0,"gold_loss":0.0,"damage_taken":18.0,"relics_obtained":["Kunai"]},{"cards_removed":["Strike_R"],"damage_healed":0.0,"max_hp_gain":0.0,"max_hp_loss":0.0,"gold_gain":0.0,"event_name":"The Cleric","player_choice":"Card Removal","floor":5.0,"gold_loss":50.0,"damage_taken":0.0},{"damage_healed":0.0,"max_hp_gain":0.0,"max_hp_loss":0.0,"gold_gain":0.0,"event_name":"Lab","player_choice":"Got Potions","floor":13.0,"gold_loss":0.0,"damage_taken":0.0},{"damage_healed":0,"gold_gain":0,"player_choice":"Forge","damage_taken":0,"max_hp_gain":0,"max_hp_loss":0,"event_name":"Accursed Blacksmith","floor":21,"gold_loss":0,"cards_upgraded":["Body Slam"]},{"damage_healed":0,"gold_gain":0,"player_choice":"Copied","damage_taken":0,"max_hp_gain":0,"max_hp_loss":0,"event_name":"Duplicator","floor":22,"gold_loss":0,"cards_obtained":["Body Slam"]}],"is_beta":false,"boss_relics":[{"not_picked":["Runic Cube","Eternal Feather"],"picked":"Coffee Dripper"}],"items_purged_floors":[14,24],"is_endless":false,"potions_floor_spawned":[2,11],"killed_by":"Snake Plant","ascension_level":10}