{"gold_per_floor":[115,130,130,130,147,147],"floor_reached":6,"playtime":266,"items_purged":[],"score":72,"play_id":"4643f8bf-fd1d-41bf-8d89-b8104ff13957","local_time":"20190129162900","is_ascension_mode":true,"campfire_choices":[],"neow_cost":"NONE","seed_source_timestamp":614146674020662,"circlet_count":0,"master_deck":["AscendersBane","Defend_G","Defend_G","Defend_G","Defend_G","Defend_G","Strike_G","Strike_G+1","Strike_G","Strike_G","Strike_G","Survivor","Neutralize","Poisoned Stab","Infinite Blades+1"],"special_seed":0,"relics":["Ring of the Snake","Bronze Scales"],"potions_floor_usage":[6],"damage_taken":[{"damage":0.0,"enemies":"Cultist","floor":1.0,"turns":3.0},{"damage":0.0,"enemies":"Small Slimes","floor":2.0,"turns":3.0},{"damage":0.0,"enemies":"2 Louse","floor":5.0,"turns":2.0},{"damage":32,"enemies":"3 Sentries","floor":6,"turns":6}],"seed_played":"-4452693929098989502","potions_obtained":[{"floor":2.0,"key":"Fire Potion"},{"floor":5.0,"key":"Dexterity Potion"}],"is_trial":false,"path_per_floor":["M","M","?","?","M","E"],"character_chosen":"THE_SILENT","items_purchased":[],"campfire_rested":0,"item_purchase_floors":[],"current_hp_per_floor":[59,59,39,28,28,0],"gold":147,"neow_bonus":"THREE_CARDS","is_prod":false,"is_daily":false,"chose_seed":false,"campfire_upgraded":0,"win_rate":0,"timestamp":1548775740,"path_taken":["M","?","?","?","M","E"],"build_version":"2019-01-23","purchased_purges":0,"victory":false,"max_hp_per_floor":[66,66,66,66,66,66],"card_choices":[{"not_picked":["Blade Dance","Infinite Blades"],"picked":"Poisoned Stab","floor":0.0},{"not_picked":["Sucker Punch","Outmaneuver","Endless Agony"],"picked":"SKIP","floor":1.0},{"not_picked":["Concentrate","Dodge and Roll"],"picked":"Infinite Blades","floor":2.0},{"not_picked":["Acrobatics","Reflex","Deflect"],"picked":"SKIP","floor":5.0}],"player_experience":1061235,"relics_obtained":[],"event_choices":[{"damage_healed":0.0,"max_hp_gain":0.0,"max_hp_loss":0.0,"gold_gain":0.0,"event_name":"Shining Light","player_choice":"Entered Light","floor":3.0,"gold_loss":0.0,"damage_taken":20.0,"cards_upgraded":["Infinite Blades","Strike_G"]},{"damage_healed":0.0,"max_hp_gain":0.0,"max_hp_loss":0.0,"gold_gain":0.0,"event_name":"Scrap Ooze","player_choice":"Success","floor":4.0,"gold_loss":0.0,"damage_taken":11.0,"relics_obtained":["Bronze Scales"]}],"is_beta":false,"boss_relics":[],"items_purged_floors":[],"is_endless":false,"potions_floor_spawned":[2,5],"killed_by":"3 Sentries","ascension_level":20}