{"gold_per_floor":[118,131,131,7,82,111,111,61,61,75,105,125,160,231,243,357,369,401,433,445,457,485,522,534,577,616,287,305,316,189,288,288,392,392,410,1,11,25,25,54,54,80,104,104,120,220,231,105,105,105],"floor_reached":51,"playtime":12499,"items_purged":["Strike_B","Parasite","Defend_B","Strike_B","Parasite"],"score":864,"play_id":"1c6fce77-5972-4a84-9fb9-51a9675d4bed","local_time":"20190203154600","is_ascension_mode":true,"campfire_choices":[{"data":"White Noise","floor":7,"key":"SMITH"},{"data":"Zap","floor":15,"key":"SMITH"},{"floor":24,"key":"REST"},{"data":"Creative AI","floor":32,"key":"SMITH"},{"data":"Lockon","floor":41,"key":"SMITH"},{"data":"Chill","floor":44,"key":"SMITH"},{"data":"Electrodynamics","floor":49,"key":"SMITH"}],"neow_cost":"NONE","seed_source_timestamp":765315403450630,"circlet_count":0,"master_deck":["Strike_B","Defend_B","Defend_B","Zap+1","Dualcast","White Noise+1","Self Repair","Cold Snap+1","Ball Lightning+1","Ball Lightning","BootSequence","Coolheaded","Leap","Creative AI+1","FTL","Lockon+1","Glacier","Conserve Battery+1","Coolheaded+1","Chill+1","Electrodynamics+1","Conserve Battery+1","Capacitor+1","Static Discharge"],"relics":["Cracked Core","NeowsBlessing","Kunai","Pear","Whetstone","Potion Belt","MawBank","Orichalcum","Cursed Key","Smiling Mask","Bird Faced Urn","Boot","Gambling Chip","Inserter","HandDrill","Juzu Bracelet","Bronze Scales","Ancient Tea Set","Omamori","Pocketwatch"],"potions_floor_usage":[11,14,14,23,23,25,40,42,50,50,50,50],"damage_taken":[{"damage":0,"enemies":"Jaw Worm","floor":1,"turns":1},{"damage":0,"enemies":"Small Slimes","floor":2,"turns":1},{"damage":0,"enemies":"Lagavulin","floor":6,"turns":1},{"damage":3,"enemies":"2 Louse","floor":10,"turns":3},{"damage":0,"enemies":"Gremlin Nob","floor":11,"turns":3},{"damage":6,"enemies":"Exordium Wildlife","floor":12,"turns":4},{"damage":27,"enemies":"Lagavulin","floor":13,"turns":4},{"damage":7,"enemies":"Lagavulin Event","floor":14,"turns":4},{"damage":15,"enemies":"The Guardian","floor":16,"turns":11},{"damage":14,"enemies":"Spheric Guardian","floor":18,"turns":4},{"damage":10,"enemies":"3 Byrds","floor":19,"turns":5},{"damage":33,"enemies":"3 Cultists","floor":22,"turns":5},{"damage":14,"enemies":"Book of Stabbing","floor":23,"turns":6},{"damage":20,"enemies":"Slavers","floor":25,"turns":6},{"damage":11,"enemies":"Centurion and Healer","floor":28,"turns":12},{"damage":14,"enemies":"Chosen and Byrds","floor":29,"turns":8},{"damage":51,"enemies":"Automaton","floor":33,"turns":9},{"damage":14,"enemies":"Orb Walker","floor":35,"turns":4},{"damage":13,"enemies":"3 Darklings","floor":37,"turns":4},{"damage":48,"enemies":"Maw","floor":38,"turns":9},{"damage":22,"enemies":"Giant Head","floor":40,"turns":8},{"damage":41,"enemies":"Nemesis","floor":42,"turns":9},{"damage":0,"enemies":"4 Shapes","floor":45,"turns":4},{"damage":3,"enemies":"Mind Bloom Boss Battle","floor":46,"turns":8},{"damage":21,"enemies":"3 Darklings","floor":47,"turns":5},{"damage":56,"enemies":"Awakened One","floor":50,"turns":13}],"seed_played":"-5371256933394909034","potions_obtained":[{"floor":10,"key":"Dexterity Potion"},{"floor":11,"key":"SpeedPotion"},{"floor":12,"key":"AttackPotion"},{"floor":16,"key":"SpeedPotion"},{"floor":18,"key":"LiquidBronze"},{"floor":19,"key":"SteroidPotion"},{"floor":28,"key":"GamblersBrew"},{"floor":29,"key":"GamblersBrew"},{"floor":38,"key":"FocusPotion"},{"floor":40,"key":"FearPotion"},{"floor":46,"key":"Strength Potion"},{"floor":47,"key":"LiquidBronze"}],"is_trial":false,"path_per_floor":["M","M","?","$","?","E","R","?","T","M","E","M","E","?","R","B",null,"M","M","?","?","M","E","R","E","T","$","M","M","$","?","R","B",null,"M","$","M","M","?","E","R","E","T","R","M","?","M","$","R","B",null],"character_chosen":"DEFECT","items_purchased":["Cold Snap","Gambling Chip","Chill","HandDrill","Juzu Bracelet","EssenceOfSteel"],"campfire_rested":1,"item_purchase_floors":[4,27,30,36,36,48],"current_hp_per_floor":[75,75,72,72,61,71,71,71,71,75,82,83,63,63,63,55,85,78,75,75,75,49,42,67,54,54,54,76,82,82,82,82,48,82,79,79,80,67,67,68,68,52,52,52,69,78,78,75,75,27],"gold":105,"neow_bonus":"THREE_ENEMY_KILL","is_prod":false,"is_daily":false,"chose_seed":false,"campfire_upgraded":6,"win_rate":0,"timestamp":1549208760,"path_taken":["M","M","?","$","?","E","R","?","T","M","E","M","E","?","R","BOSS","M","M","?","?","M","E","R","E","T","$","?","M","$","?","R","BOSS","M","$","M","M","?","E","R","E","T","R","M","?","M","$","R","BOSS"],"build_version":"2019-01-23","purchased_purges":5,"victory":true,"max_hp_per_floor":[75,75,75,75,75,85,85,85,85,85,85,85,85,85,85,85,85,85,85,85,85,85,85,85,85,85,82,82,82,82,82,82,82,82,82,82,82,82,78,78,78,78,78,78,78,78,78,75,75,75],"card_choices":[{"not_picked":["Redo","Sweeping Beam"],"picked":"White Noise","floor":1},{"not_picked":["Doom and Gloom","Beam Cell"],"picked":"Self Repair","floor":2},{"not_picked":["Skim","Force Field"],"picked":"Ball Lightning","floor":6},{"not_picked":["Sweeping Beam","Rebound"],"picked":"Ball Lightning","floor":10},{"not_picked":["Multi-Cast","Beam Cell","Steam Power"],"picked":"SKIP","floor":11},{"not_picked":["Steam Power","Compile Driver"],"picked":"BootSequence","floor":12},{"not_picked":["Barrage","Force Field"],"picked":"Coolheaded","floor":13},{"not_picked":["Rebound","Stack"],"picked":"Leap","floor":14},{"not_picked":["Reboot","Rainbow"],"picked":"Creative AI","floor":16},{"not_picked":["Stack","BootSequence"],"picked":"FTL","floor":18},{"not_picked":["Force Field","Leap","Sweeping Beam"],"picked":"SKIP","floor":19},{"not_picked":["Compile Driver","Sweeping Beam+1","Coolheaded"],"picked":"SKIP","floor":22},{"not_picked":["Leap","Hello World"],"picked":"Glacier","floor":23},{"not_picked":["Compile Driver","Beam Cell","Reprogram+1"],"picked":"SKIP","floor":25},{"not_picked":["Beam Cell","Recycle+1"],"picked":"Conserve Battery+1","floor":28},{"not_picked":["Beam Cell+1","Sweeping Beam"],"picked":"Coolheaded+1","floor":29},{"not_picked":["Buffer","Biased Cognition"],"picked":"Electrodynamics","floor":33},{"not_picked":["Reprogram","Coolheaded+1","Consume+1"],"picked":"SKIP","floor":35},{"not_picked":["Leap","Gash+1","Reprogram"],"picked":"SKIP","floor":37},{"not_picked":["Go for the Eyes+1","Leap","Multi-Cast"],"picked":"SKIP","floor":38},{"not_picked":["Beam Cell+1","Undo"],"picked":"Conserve Battery+1","floor":40},{"not_picked":["Coolheaded+1","Barrage"],"picked":"Capacitor+1","floor":42},{"not_picked":["Steam+1","Fusion","Double Energy+1"],"picked":"SKIP","floor":45},{"not_picked":["Multi-Cast","Barrage"],"picked":"Static Discharge","floor":47}],"player_experience":254722,"relics_obtained":[{"floor":6,"key":"Pear"},{"floor":9,"key":"Whetstone"},{"floor":11,"key":"Potion Belt"},{"floor":13,"key":"MawBank"},{"floor":23,"key":"Smiling Mask"},{"floor":25,"key":"Bird Faced Urn"},{"floor":26,"key":"Boot"},{"floor":40,"key":"Bronze Scales"},{"floor":42,"key":"Ancient Tea Set"},{"floor":43,"key":"Omamori"},{"floor":46,"key":"Pocketwatch"}],"event_choices":[{"damage_healed":0,"gold_gain":0,"player_choice":"Success","damage_taken":3,"relics_obtained":["Kunai"],"max_hp_gain":0,"max_hp_loss":0,"event_name":"Scrap Ooze","floor":3,"gold_loss":0},{"damage_healed":0,"gold_gain":75,"player_choice":"Gather Gold","damage_taken":11,"max_hp_gain":0,"max_hp_loss":0,"event_name":"World of Goop","floor":5,"gold_loss":0},{"cards_removed":["Strike_B"],"damage_healed":0,"gold_gain":0,"player_choice":"Card Removal","damage_taken":0,"max_hp_gain":0,"max_hp_loss":0,"event_name":"The Cleric","floor":8,"gold_loss":50},{"damage_healed":0,"gold_gain":0,"player_choice":"Searched \u00272\u0027 times","damage_taken":0,"relics_obtained":["Orichalcum"],"max_hp_gain":0,"max_hp_loss":0,"event_name":"Dead Adventurer","floor":14,"gold_loss":0},{"damage_healed":0,"gold_gain":0,"player_choice":"Ignored","damage_taken":0,"max_hp_gain":0,"max_hp_loss":0,"event_name":"Ghosts","floor":20,"gold_loss":0},{"damage_healed":0,"gold_gain":0,"cards_transformed":["Defend_B"],"player_choice":"Transformed","damage_taken":0,"max_hp_gain":0,"max_hp_loss":0,"event_name":"Transmorgrifier","floor":21,"gold_loss":0,"cards_obtained":["Lockon"]},{"damage_healed":0,"gold_gain":99,"player_choice":"Stole From Cult","damage_taken":0,"max_hp_gain":0,"max_hp_loss":0,"event_name":"Nest","floor":31,"gold_loss":0},{"damage_healed":0,"gold_gain":0,"player_choice":"Max HP","damage_taken":0,"max_hp_gain":0,"max_hp_loss":4,"event_name":"Winding Halls","floor":39,"gold_loss":0},{"damage_healed":0,"gold_gain":0,"player_choice":"Fight","damage_taken":0,"max_hp_gain":0,"max_hp_loss":0,"event_name":"MindBloom","floor":46,"gold_loss":0}],"is_beta":false,"boss_relics":[{"not_picked":["Velvet Choker","Tiny House"],"picked":"Cursed Key"},{"not_picked":["Astrolabe","Runic Dome"],"picked":"Inserter"}],"items_purged_floors":[4,27,30,36,48],"is_endless":false,"potions_floor_spawned":[10,11,12,16,18,19,28,29,38,40,46,47],"ascension_level":2}