{"gold_per_floor":[114,114,124,139,139,139,170,185,185,185,195,15,15,45,45,121,121,139,189,206,17,28,28,63,39,62,62,62,73,73,90,90,164,214,227,227,10,26,38,38,38],"floor_reached":41,"playtime":4599,"items_purged":["Strike_R","Strike_R"],"score":825,"play_id":"5b7ce0d2-75a3-4414-91f8-697ca803f6f2","local_time":"20190126130736","is_ascension_mode":true,"campfire_choices":[{"data":"Twin Strike","floor":6.0,"key":"SMITH"},{"data":"Iron Wave","floor":10.0,"key":"SMITH"},{"data":"Rupture","floor":13.0,"key":"SMITH"},{"floor":15.0,"key":"REST"},{"data":"Immolate","floor":23.0,"key":"SMITH"},{"floor":28.0,"key":"REST"},{"data":"Combust","floor":30.0,"key":"SMITH"},{"data":"Heavy Blade","floor":32.0,"key":"SMITH"},{"floor":40,"key":"REST"}],"neow_cost":"NONE","seed_source_timestamp":338539835421980,"circlet_count":0,"master_deck":["AscendersBane","Strike_R","Defend_R","Defend_R","Defend_R","Defend_R","Bash+1","Twin Strike+1","Iron Wave+1","Disarm","Rupture+1","Offering","Battle Trance","Shrug It Off","Immolate+1","Combust+1","True Grit","Limit Break+1","Juggernaut+1","Heavy Blade+1","Corruption+1","Evolve+1","Flame Barrier","Burning Pact","Flame Barrier"],"special_seed":0,"relics":["Burning Blood","Darkstone Periapt","Singing Bowl","Bottled Tornado","Mark of Pain","Frozen Egg 2","Blood Vial","Tiny House"],"potions_floor_usage":[33,33,38,41],"damage_taken":[{"damage":9.0,"enemies":"Jaw Worm","floor":1.0,"turns":4.0},{"damage":18.0,"enemies":"Small Slimes","floor":3.0,"turns":5.0},{"damage":1.0,"enemies":"Cultist","floor":4.0,"turns":3.0},{"damage":7.0,"enemies":"Gremlin Nob","floor":7.0,"turns":3.0},{"damage":9.0,"enemies":"Red Slaver","floor":8.0,"turns":3.0},{"damage":7.0,"enemies":"2 Fungi Beasts","floor":11.0,"turns":3.0},{"damage":21.0,"enemies":"Lagavulin","floor":14.0,"turns":3.0},{"damage":44.0,"enemies":"Slime Boss","floor":16.0,"turns":11.0},{"damage":15.0,"enemies":"Shell Parasite","floor":18.0,"turns":5.0},{"damage":6.0,"enemies":"3 Byrds","floor":20.0,"turns":6.0},{"damage":27.0,"enemies":"Cultist and Chosen","floor":22.0,"turns":5.0},{"damage":25.0,"enemies":"Slavers","floor":24.0,"turns":3.0},{"damage":24.0,"enemies":"Chosen and Byrds","floor":29.0,"turns":5.0},{"damage":6.0,"enemies":"Centurion and Healer","floor":31.0,"turns":6.0},{"damage":44,"enemies":"Automaton","floor":33,"turns":8},{"damage":20,"enemies":"3 Shapes","floor":35,"turns":5},{"damage":22,"enemies":"Orb Walker","floor":38,"turns":5},{"damage":64,"enemies":"3 Darklings","floor":39,"turns":6},{"damage":69,"enemies":"Reptomancer","floor":41,"turns":3}],"seed_played":"-2433175228279899971","potions_obtained":[{"floor":0.0,"key":"SteroidPotion"},{"floor":0.0,"key":"Strength Potion"},{"floor":3.0,"key":"Poison Potion"},{"floor":11.0,"key":"SteroidPotion"},{"floor":14.0,"key":"SkillPotion"},{"floor":16.0,"key":"Block Potion"},{"floor":22.0,"key":"Swift Potion"},{"floor":24.0,"key":"BloodPotion"},{"floor":29.0,"key":"FearPotion"},{"floor":31.0,"key":"Dexterity Potion"},{"floor":34,"key":"FairyPotion"},{"floor":35,"key":"Weak Potion"},{"floor":39,"key":"Regen Potion"}],"is_trial":false,"path_per_floor":["M","?","M","M","?","R","E","M","T","R","M","$","R","E","R","B",null,"M","?","M","$","M","R","E","$","T","?","R","M","R","M","R","B",null,"M","?","$","M","M","R","E"],"character_chosen":"IRONCLAD","items_purchased":["Shrug It Off","Explosive Potion","Combust","True Grit","Evolve+1","Flame Barrier","Burning Pact"],"campfire_rested":3,"item_purchase_floors":[12,12,21,25,37,37,37],"current_hp_per_floor":[65,65,53,58,58,58,57,54,54,54,55,55,55,42,65,27,66,59,59,61,61,42,42,25,25,25,25,51,37,37,39,39,13,77,67,67,67,53,17,47,0],"gold":38,"neow_bonus":"THREE_SMALL_POTIONS","is_prod":false,"is_daily":false,"chose_seed":false,"campfire_upgraded":6,"win_rate":0,"timestamp":1548504456,"path_taken":["M","?","M","M","?","R","E","M","T","R","?","?","R","E","R","BOSS","M","?","M","$","M","R","E","?","T","?","R","M","R","M","R","BOSS","M","?","$","M","M","R","E"],"build_version":"2019-01-23","purchased_purges":2,"victory":false,"max_hp_per_floor":[75,75,75,75,75,75,75,75,75,75,77,77,77,79,79,79,79,81,81,83,83,85,85,87,87,87,87,87,89,89,89,89,91,96,98,98,98,98,100,100,100],"card_choices":[{"not_picked":["Wild Strike","Power Through"],"picked":"Twin Strike","floor":1.0},{"not_picked":["Second Wind","Twin Strike"],"picked":"Iron Wave","floor":3.0},{"not_picked":["Shockwave","Ghostly Armor"],"picked":"Disarm","floor":4.0},{"not_picked":["Carnage","Clash"],"picked":"Battle Trance","floor":7.0},{"not_picked":["Hemokinesis","Sword Boomerang","Rage"],"picked":"SKIP","floor":8.0},{"not_picked":["Perfected Strike","Power Through","Body Slam"],"picked":"Singing Bowl","floor":11.0},{"not_picked":["Clothesline","Pommel Strike","Cleave"],"picked":"Singing Bowl","floor":14.0},{"not_picked":["Berserk","Impervious"],"picked":"Immolate","floor":16.0},{"not_picked":["Clash","Body Slam","Sever Soul"],"picked":"Singing Bowl","floor":18.0},{"not_picked":["Body Slam","Ghostly Armor","Wild Strike+1"],"picked":"Singing Bowl","floor":20.0},{"not_picked":["Heavy Blade","Rage","Rampage"],"picked":"Singing Bowl","floor":22.0},{"not_picked":["Thunderclap","Sever Soul","Feed"],"picked":"Singing Bowl","floor":24.0},{"not_picked":["Cleave","Blood for Blood","Wild Strike"],"picked":"Singing Bowl","floor":29.0},{"not_picked":["Reckless Charge","Uppercut"],"picked":"Heavy Blade","floor":31.0},{"not_picked":["Double Tap","Demon Form+1","Juggernaut+1"],"picked":"Singing Bowl","floor":33},{"not_picked":["Armaments","Cleave"],"picked":"Corruption+1","floor":34},{"not_picked":["Perfected Strike","Rupture+1","Anger"],"picked":"Singing Bowl","floor":35},{"not_picked":["Flex+1","Perfected Strike"],"picked":"Flame Barrier","floor":38},{"not_picked":["Barricade+1","Second Wind","Headbutt+1"],"picked":"Singing Bowl","floor":39}],"player_experience":1012725,"relics_obtained":[{"floor":7.0,"key":"Darkstone Periapt"},{"floor":9.0,"key":"Singing Bowl"},{"floor":14.0,"key":"Bottled Tornado"},{"floor":24.0,"key":"Frozen Egg 2"},{"floor":26.0,"key":"Blood Vial"}],"event_choices":[{"damage_healed":0.0,"max_hp_gain":0.0,"max_hp_loss":0.0,"gold_gain":0.0,"event_name":"Living Wall","player_choice":"Grow","floor":2.0,"gold_loss":0.0,"damage_taken":0.0,"cards_upgraded":["Bash"]},{"damage_healed":0.0,"max_hp_gain":0.0,"max_hp_loss":0.0,"gold_gain":0.0,"event_name":"Match and Keep!","player_choice":"2 cards matched","floor":5.0,"gold_loss":0.0,"damage_taken":0.0,"cards_obtained":["Rupture","Offering"]},{"damage_healed":0.0,"max_hp_gain":0.0,"max_hp_loss":0.0,"gold_gain":50.0,"event_name":"Nest","player_choice":"Stole From Cult","floor":19.0,"gold_loss":0.0,"damage_taken":0.0},{"damage_healed":0.0,"max_hp_gain":0.0,"max_hp_loss":0.0,"gold_gain":0.0,"cards_transformed":["Strike_R","Strike_R"],"event_name":"Drug Dealer","player_choice":"Became Test Subject","floor":27.0,"gold_loss":0.0,"damage_taken":0.0,"cards_obtained":["Limit Break","Juggernaut"]},{"damage_healed":0,"gold_gain":0,"player_choice":"Ignored","damage_taken":0,"max_hp_gain":0,"max_hp_loss":0,"event_name":"SecretPortal","floor":36,"gold_loss":0}],"is_beta":false,"boss_relics":[{"not_picked":["Philosopher\u0027s Stone","Runic Cube"],"picked":"Mark of Pain"},{"not_picked":["White Beast Statue","Astrolabe"],"picked":"Tiny House"}],"items_purged_floors":[12,21],"is_endless":false,"potions_floor_spawned":[3,11,14,16,22,24,29,31,35,39],"killed_by":"Reptomancer","ascension_level":18}