{"gold_per_floor":[109,124,142,157,157,192,4,4,57,57,76,94,94,104,104,207,207,222,232,23,23,36,61,61,73,119,119,119],"floor_reached":28,"playtime":1654,"items_purged":[],"score":268,"play_id":"3bf1bedb-9197-4791-ac60-d792eee1bcd8","local_time":"20190127212940","is_ascension_mode":true,"campfire_choices":[{"floor":8,"key":"REST"},{"floor":10,"key":"REST"},{"floor":13,"key":"REST"},{"floor":15,"key":"RECALL"},{"floor":24,"key":"REST"}],"neow_cost":"NONE","seed_source_timestamp":1570129026601025,"circlet_count":0,"master_deck":["Strike_B","Strike_B","Strike_B","Strike_B","Defend_B","Defend_B","Defend_B","Defend_B","Zap","Dualcast","Electrodynamics","Darkness","Go for the Eyes","Core Surge","Cold Snap","Hello World","Leap","Storm","Rebound","Creative AI","Cold Snap","Go for the Eyes","Melter+1","Reinforced Body+1","Beam Cell"],"relics":["Cracked Core","Kunai","Boot","Regal Pillow","Eternal Feather","Lee\u0027s Waffle","Lantern","Vajra"],"potions_floor_usage":[6,16,18,23,27],"damage_taken":[{"damage":12,"enemies":"Small Slimes","floor":1,"turns":2},{"damage":6,"enemies":"Cultist","floor":2,"turns":3},{"damage":12,"enemies":"Jaw Worm","floor":3,"turns":3},{"damage":12,"enemies":"Exordium Wildlife","floor":4,"turns":3},{"damage":22,"enemies":"Gremlin Nob","floor":6,"turns":4},{"damage":25,"enemies":"Gremlin Gang","floor":11,"turns":3},{"damage":7,"enemies":"Blue Slaver","floor":12,"turns":3},{"damage":16,"enemies":"3 Louse","floor":14,"turns":2},{"damage":42,"enemies":"Hexaghost","floor":16,"turns":10},{"damage":14,"enemies":"Chosen","floor":18,"turns":5},{"damage":28,"enemies":"Shell Parasite","floor":19,"turns":6},{"damage":20,"enemies":"Cultist and Chosen","floor":22,"turns":6},{"damage":54,"enemies":"Book of Stabbing","floor":23,"turns":7},{"damage":53,"enemies":"Snake Plant","floor":25,"turns":7},{"damage":0,"enemies":"3 Cultists","floor":27,"turns":1},{"damage":19,"enemies":"Centurion and Healer","floor":28,"turns":5}],"seed_played":"136790852833337366","potions_obtained":[{"floor":3,"key":"Ancient Potion"},{"floor":4,"key":"EssenceOfSteel"},{"floor":16,"key":"SpeedPotion"},{"floor":19,"key":"LiquidBronze"},{"floor":23,"key":"SmokeBomb"}],"is_trial":false,"path_per_floor":["M","M","M","M","?","E","$","R","T","R","M","M","R","M","R","B",null,"M","M","$","?","M","E","R","M","T","M","M"],"character_chosen":"DEFECT","items_purchased":["Regal Pillow","Hello World","Lee\u0027s Waffle"],"campfire_rested":4,"item_purchase_floors":[7,7,20],"current_hp_per_floor":[63,57,45,33,33,11,11,48,48,75,50,43,75,59,59,17,75,61,33,82,82,62,8,59,6,6,6,0],"gold":119,"neow_bonus":"ONE_RANDOM_RARE_CARD","is_prod":false,"is_daily":false,"chose_seed":false,"campfire_upgraded":0,"win_rate":0,"timestamp":1548631780,"path_taken":["M","M","M","M","?","E","$","R","T","R","M","M","R","M","R","BOSS","M","?","$","?","M","E","R","M","T","M","M"],"build_version":"2019-01-23","purchased_purges":0,"victory":false,"max_hp_per_floor":[75,75,75,75,75,75,75,75,75,75,75,75,75,75,75,75,75,75,75,82,82,82,82,82,82,82,82,82],"card_choices":[{"not_picked":["Consume","Steam Power"],"picked":"Stack","floor":1},{"not_picked":["Steam","Streamline"],"picked":"Darkness","floor":2},{"not_picked":["Redo","Leap"],"picked":"Go for the Eyes","floor":3},{"not_picked":["Streamline","Barrage"],"picked":"Core Surge","floor":4},{"not_picked":["Steam","Conserve Battery"],"picked":"Cold Snap","floor":6},{"not_picked":["Turbo","Meteor Strike"],"picked":"Leap","floor":11},{"not_picked":["Force Field","Barrage"],"picked":"Storm","floor":12},{"not_picked":["Barrage","Scrape"],"picked":"Rebound","floor":14},{"not_picked":["Fission","All For One"],"picked":"Creative AI","floor":16},{"not_picked":["Coolheaded","Streamline+1"],"picked":"Cold Snap","floor":18},{"not_picked":["Streamline","Redo"],"picked":"Go for the Eyes","floor":19},{"not_picked":["Leap","Glacier"],"picked":"Melter+1","floor":22},{"not_picked":["Electrodynamics","Steam+1"],"picked":"Reinforced Body+1","floor":23},{"not_picked":["Doom and Gloom+1","Cold Snap"],"picked":"Beam Cell","floor":25}],"player_experience":72716,"relics_obtained":[{"floor":6,"key":"Boot"},{"floor":23,"key":"Lantern"},{"floor":26,"key":"Vajra"}],"event_choices":[{"cards_removed":["Stack"],"damage_healed":0,"gold_gain":0,"player_choice":"Gave Card","damage_taken":0,"relics_obtained":["Kunai"],"max_hp_gain":0,"max_hp_loss":0,"event_name":"WeMeetAgain","floor":5,"gold_loss":0},{"damage_healed":0,"gold_gain":0,"player_choice":"Ignored","damage_taken":0,"max_hp_gain":0,"max_hp_loss":0,"event_name":"Beggar","floor":21,"gold_loss":0}],"is_beta":false,"boss_relics":[{"not_picked":["Empty Cage","Busted Crown"],"picked":"Eternal Feather"}],"items_purged_floors":[],"is_endless":false,"potions_floor_spawned":[3,4,16,19,23],"killed_by":"Centurion and Healer","ascension_level":2}