{"gold_per_floor":[115,134,59,24,24,54,54,72,72,72,86,86,117,136,136,209,209,224,242,242,55,72,72],"floor_reached":23,"playtime":1320,"items_purged":["Strike_B"],"score":429,"play_id":"86a1dd71-cc1b-4136-a4f2-b5e4781a694b","local_time":"20190106024050","is_ascension_mode":true,"campfire_choices":[{"data":"Zap","floor":7.0,"key":"SMITH"},{"data":"Chill","floor":10.0,"key":"SMITH"},{"data":"Tempest","floor":15,"key":"SMITH"}],"neow_cost":"NONE","seed_source_timestamp":7515742971453,"circlet_count":0,"master_deck":["AscendersBane","Zap+1","Dualcast","Ball Lightning","Capacitor","Chill+1","Tempest+1","BootSequence","All For One","Hello World","Tempest","Blizzard","Rebound","Rebound","Creative AI","Coolheaded+1","Coolheaded"],"special_seed":0,"relics":["Cracked Core","NeowsBlessing","Torii","Letter Opener","Vajra","Pandora\u0027s Box","Omamori"],"potions_floor_usage":[16],"damage_taken":[{"damage":0.0,"enemies":"2 Louse","floor":1.0,"turns":1.0},{"damage":0.0,"enemies":"Jaw Worm","floor":2.0,"turns":1.0},{"damage":0.0,"enemies":"Lagavulin","floor":6.0,"turns":1.0},{"damage":0.0,"enemies":"Small Slimes","floor":8.0,"turns":3.0},{"damage":0.0,"enemies":"Gremlin Gang","floor":11.0,"turns":4.0},{"damage":10,"enemies":"3 Sentries","floor":13,"turns":8},{"damage":0,"enemies":"3 Louse","floor":14,"turns":2},{"damage":23,"enemies":"Hexaghost","floor":16,"turns":11},{"damage":17,"enemies":"3 Byrds","floor":18,"turns":4},{"damage":9,"enemies":"Chosen","floor":19,"turns":4},{"damage":19,"enemies":"Centurion and Healer","floor":22,"turns":9},{"damage":23,"enemies":"Book of Stabbing","floor":23,"turns":2}],"seed_played":"467425622952358138","potions_obtained":[{"floor":2.0,"key":"Strength Potion"},{"floor":6.0,"key":"Energy Potion"},{"floor":16,"key":"Swift Potion"},{"floor":19,"key":"PowerPotion"}],"is_trial":false,"path_per_floor":["M","M","$","?","$","E","R","M","T","R","M","?","E","M","R","B",null,"M","M","?","$","M","E"],"character_chosen":"DEFECT","items_purchased":["Omamori","Coolheaded"],"campfire_rested":0,"item_purchase_floors":[21,21],"current_hp_per_floor":[64,64,64,71,71,71,71,71,71,71,71,71,61,61,61,38,63,46,37,37,37,18,0],"gold":72,"neow_bonus":"THREE_ENEMY_KILL","is_prod":false,"is_daily":false,"chose_seed":false,"campfire_upgraded":3,"win_rate":0,"timestamp":1546738850,"path_taken":["M","M","$","?","$","E","R","M","T","R","M","?","E","M","R","BOSS","M","M","?","$","M","E"],"build_version":"2019-01-03v4","purchased_purges":1,"victory":false,"max_hp_per_floor":[71,71,71,71,71,71,71,71,71,71,71,71,71,71,71,71,71,71,71,71,71,71,71],"card_choices":[{"not_picked":["Streamline","Compile Driver"],"picked":"Ball Lightning","floor":1.0},{"not_picked":["Auto Shields","Gash"],"picked":"Capacitor","floor":2.0},{"not_picked":["Hello World","Coolheaded"],"picked":"Chill","floor":6.0},{"not_picked":["Barrage","Compile Driver","Streamline"],"picked":"SKIP","floor":8.0},{"not_picked":["Blizzard","Sunder"],"picked":"Tempest","floor":11.0},{"not_picked":["Rebound","Heatsinks"],"picked":"BootSequence","floor":13},{"not_picked":["Redo","Gash","Double Energy"],"picked":"SKIP","floor":14},{"not_picked":["Reprogram","Barrage"],"picked":"Coolheaded+1","floor":18},{"not_picked":["Fusion","Sunder","Chaos"],"picked":"SKIP","floor":19},{"not_picked":["Turbo","Coolheaded","Rip and Tear"],"picked":"SKIP","floor":22}],"player_experience":740634,"relics_obtained":[{"floor":6.0,"key":"Torii"},{"floor":9.0,"key":"Letter Opener"},{"floor":13,"key":"Vajra"}],"event_choices":[{"damage_healed":17.0,"max_hp_gain":0.0,"max_hp_loss":0.0,"gold_gain":0.0,"event_name":"The Cleric","player_choice":"Healed","floor":4.0,"gold_loss":35.0,"damage_taken":0.0},{"damage_healed":0,"gold_gain":0,"player_choice":"Fled","damage_taken":0,"max_hp_gain":0,"max_hp_loss":0,"event_name":"Scrap Ooze","floor":12,"gold_loss":0},{"damage_healed":0,"gold_gain":0,"player_choice":"Ignored","damage_taken":0,"max_hp_gain":0,"max_hp_loss":0,"event_name":"Vampires","floor":20,"gold_loss":0}],"is_beta":false,"boss_relics":[{"not_picked":["Calling Bell","Runic Dome"],"picked":"Pandora\u0027s Box"}],"items_purged_floors":[3],"is_endless":false,"potions_floor_spawned":[2,6,13,16,19,22],"killed_by":"Book of Stabbing","ascension_level":18}