{"gold_per_floor":[112,132,150,150,17,17,47,57,57,57,73,73,73,91,91,167,167,179,229,50,50,61,61,95,95,95,128,53,66,86,98,98,174,174,194,76,92,147,147,209,209,237,237,262,273,273,273,301,301,301,301],"floor_reached":51,"playtime":5012,"items_purged":["Strike_G","Strike_G"],"score":1656,"play_id":"8bb6964f-073b-4a82-bf48-1898ce25786e","local_time":"20190130182624","is_ascension_mode":true,"campfire_choices":[{"data":"Deadly Poison","floor":6.0,"key":"SMITH"},{"data":"Backflip","floor":12.0,"key":"SMITH"},{"data":"Noxious Fumes","floor":15.0,"key":"SMITH"},{"data":"Wraith Form v2","floor":23.0,"key":"SMITH"},{"floor":25.0,"key":"REST"},{"data":"Well Laid Plans","floor":32.0,"key":"SMITH"},{"data":"Catalyst","floor":41.0,"key":"SMITH"},{"data":"Wraith Form v2","floor":46.0,"key":"SMITH"},{"data":"Catalyst","floor":49.0,"key":"SMITH"}],"neow_cost":"TEN_PERCENT_HP_LOSS","seed_source_timestamp":702169238075434,"circlet_count":0,"master_deck":["AscendersBane","Defend_G","Defend_G","Defend_G","Defend_G","Survivor","Neutralize+1","Deadly Poison+1","Backflip+1","Quick Slash","Noxious Fumes+1","Wraith Form v2+1","Well Laid Plans+1","Leg Sweep+1","PiercingWail","Wraith Form v2+1","Catalyst+1","Noxious Fumes","Catalyst+1"],"special_seed":0,"relics":["Ring of the Snake","Anchor","Vajra","PreservedInsect","Philosopher\u0027s Stone","Mercury Hourglass","Boot","Lantern","Cursed Key","Turnip","Tiny Chest","Mummified Hand","Ginger","Pantograph"],"potions_floor_usage":[51,51],"damage_taken":[{"damage":1.0,"enemies":"Small Slimes","floor":1.0,"turns":5.0},{"damage":0.0,"enemies":"Jaw Worm","floor":2.0,"turns":5.0},{"damage":2.0,"enemies":"2 Louse","floor":3.0,"turns":4.0},{"damage":10.0,"enemies":"Lagavulin","floor":7.0,"turns":6.0},{"damage":3.0,"enemies":"Looter","floor":8.0,"turns":3.0},{"damage":0.0,"enemies":"3 Louse","floor":11.0,"turns":4.0},{"damage":0.0,"enemies":"Lots of Slimes","floor":14.0,"turns":5.0},{"damage":7.0,"enemies":"Hexaghost","floor":16.0,"turns":9.0},{"damage":12.0,"enemies":"3 Byrds","floor":18.0,"turns":5.0},{"damage":1.0,"enemies":"Colosseum Slavers","floor":21.0,"turns":5.0},{"damage":2.0,"enemies":"Spheric Guardian","floor":22.0,"turns":5.0},{"damage":2.0,"enemies":"Gremlin Leader","floor":24.0,"turns":7.0},{"damage":0.0,"enemies":"Book of Stabbing","floor":27.0,"turns":6.0},{"damage":0.0,"enemies":"Snake Plant","floor":29.0,"turns":4.0},{"damage":3.0,"enemies":"Cultist and Chosen","floor":30.0,"turns":7.0},{"damage":3.0,"enemies":"3 Cultists","floor":31.0,"turns":6.0},{"damage":34.0,"enemies":"Champ","floor":33.0,"turns":15.0},{"damage":0.0,"enemies":"3 Darklings","floor":35.0,"turns":5.0},{"damage":1.0,"enemies":"3 Shapes","floor":37.0,"turns":4.0},{"damage":3.0,"enemies":"2 Orb Walkers","floor":38.0,"turns":5.0},{"damage":0.0,"enemies":"Reptomancer","floor":40.0,"turns":5.0},{"damage":9.0,"enemies":"Giant Head","floor":42.0,"turns":8.0},{"damage":6.0,"enemies":"Nemesis","floor":44.0,"turns":7.0},{"damage":0.0,"enemies":"Writhing Mass","floor":45.0,"turns":4.0},{"damage":1.0,"enemies":"Giant Head","floor":48.0,"turns":5.0},{"damage":36.0,"enemies":"Donu and Deca","floor":50.0,"turns":9.0},{"damage":47,"enemies":"Awakened One","floor":51,"turns":11}],"seed_played":"-2493035362476505776","potions_obtained":[{"floor":3.0,"key":"Poison Potion"},{"floor":7.0,"key":"EssenceOfSteel"},{"floor":8.0,"key":"SteroidPotion"},{"floor":24.0,"key":"Poison Potion"},{"floor":27.0,"key":"Energy Potion"},{"floor":35.0,"key":"LiquidBronze"}],"is_trial":false,"path_per_floor":["M","M","M","?","$","R","E","M","T","?","M","R","T","M","R","B",null,"M","?","$","?","M","R","E","R","T","E","?","M","M","M","R","B",null,"M","$","M","?","?","E","R","E","T","E","M","R","T","E","R","B","B"],"character_chosen":"THE_SILENT","items_purchased":["Quick Slash","Well Laid Plans","Catalyst","Noxious Fumes"],"campfire_rested":1,"item_purchase_floors":[5,20,36,36],"current_hp_per_floor":[58,58,56,56,56,56,46,43,43,36,36,36,36,36,36,29,52,40,40,40,39,37,37,35,53,53,53,53,53,50,47,47,13,48,48,48,47,44,44,44,44,35,35,29,29,29,29,28,28,17,0],"gold":301,"neow_bonus":"REMOVE_TWO","is_prod":false,"is_daily":false,"chose_seed":false,"campfire_upgraded":8,"win_rate":0,"timestamp":1548869184,"path_taken":["M","M","M","?","$","R","E","M","T","?","M","R","?","?","R","BOSS","M","?","$","?","M","R","E","R","T","E","?","M","M","M","R","BOSS","M","$","M","?","?","E","R","E","T","E","M","R","?","E","R","BOSS","BOSS"],"build_version":"2019-01-23","purchased_purges":2,"victory":false,"max_hp_per_floor":[60,60,60,60,60,60,60,60,60,60,60,60,60,60,60,60,60,60,60,60,60,60,60,60,60,60,60,60,60,60,60,60,60,60,60,60,60,60,60,60,60,60,60,60,60,60,60,60,60,60,60],"card_choices":[{"not_picked":["Sucker Punch","Masterful Stab"],"picked":"Deadly Poison","floor":1.0},{"not_picked":["Outmaneuver","Dagger Spray"],"picked":"Backflip","floor":2.0},{"not_picked":["Outmaneuver","Heel Hook","Prepared"],"picked":"SKIP","floor":3.0},{"not_picked":["Riddle With Holes","Dagger Throw","Terror"],"picked":"SKIP","floor":7.0},{"not_picked":["Blur","Terror","Heel Hook"],"picked":"SKIP","floor":8.0},{"not_picked":["Dagger Spray","Slice","Quick Slash"],"picked":"SKIP","floor":11.0},{"not_picked":["Dodge and Roll","Blade Dance"],"picked":"Noxious Fumes","floor":14.0},{"not_picked":["Grand Finale","Envenom"],"picked":"Wraith Form v2","floor":16.0},{"not_picked":["Reflex","Deflect","Infinite Blades"],"picked":"SKIP","floor":18.0},{"not_picked":["Deflect","Dagger Spray","Blade Dance"],"picked":"SKIP","floor":22.0},{"not_picked":["Dagger Spray","Noxious Fumes"],"picked":"Leg Sweep+1","floor":24.0},{"not_picked":["Outmaneuver","Quick Slash+1","Deflect"],"picked":"SKIP","floor":27.0},{"not_picked":["Tactician","Prepared"],"picked":"PiercingWail","floor":29.0},{"not_picked":["Dagger Spray+1","Acrobatics","Eviscerate"],"picked":"SKIP","floor":30.0},{"not_picked":["Choke","Dagger Spray","Dash"],"picked":"SKIP","floor":31.0},{"not_picked":["Unload","Night Terror"],"picked":"Wraith Form v2","floor":33.0},{"not_picked":["Poisoned Stab","Dodge and Roll+1","Caltrops"],"picked":"SKIP","floor":35.0},{"not_picked":["Finisher","Outmaneuver","Predator"],"picked":"SKIP","floor":37.0},{"not_picked":["Caltrops+1","Underhanded Strike","Prepared"],"picked":"SKIP","floor":40.0},{"not_picked":["Dodge and Roll","Tools of the Trade","Underhanded Strike+1"],"picked":"SKIP","floor":42.0},{"not_picked":["Poisoned Stab","Flying Knee"],"picked":"Catalyst","floor":44.0},{"not_picked":["Sucker Punch","Eviscerate","Blade Dance"],"picked":"SKIP","floor":45.0},{"not_picked":["Slice","Deadly Poison","Glass Knife"],"picked":"SKIP","floor":48.0}],"player_experience":1093358,"relics_obtained":[{"floor":7.0,"key":"Anchor"},{"floor":9.0,"key":"Vajra"},{"floor":13.0,"key":"PreservedInsect"},{"floor":24.0,"key":"Mercury Hourglass"},{"floor":26.0,"key":"Boot"},{"floor":27.0,"key":"Lantern"},{"floor":38.0,"key":"Turnip"},{"floor":40.0,"key":"Tiny Chest"},{"floor":42.0,"key":"Mummified Hand"},{"floor":44.0,"key":"Ginger"},{"floor":48.0,"key":"Pantograph"}],"event_choices":[{"damage_healed":0.0,"max_hp_gain":0.0,"max_hp_loss":0.0,"gold_gain":0.0,"event_name":"Living Wall","player_choice":"Grow","floor":4.0,"gold_loss":0.0,"damage_taken":0.0,"cards_upgraded":["Neutralize"]},{"cards_removed":["Strike_G"],"damage_healed":0.0,"max_hp_gain":0.0,"max_hp_loss":0.0,"gold_gain":0.0,"event_name":"Golden Wing","player_choice":"Card Removal","floor":10.0,"gold_loss":0.0,"damage_taken":7.0},{"damage_healed":0.0,"max_hp_gain":0.0,"max_hp_loss":0.0,"gold_gain":50.0,"event_name":"Nest","player_choice":"Stole From Cult","floor":19.0,"gold_loss":0.0,"damage_taken":0.0},{"damage_healed":0.0,"max_hp_gain":0.0,"max_hp_loss":0.0,"gold_gain":0.0,"event_name":"Colosseum","player_choice":"Fight","floor":21.0,"gold_loss":0.0,"damage_taken":0.0},{"damage_healed":0.0,"max_hp_gain":0.0,"max_hp_loss":0.0,"gold_gain":0.0,"event_name":"Colosseum","player_choice":"Fled From Nobs","floor":21.0,"gold_loss":0.0,"damage_taken":0.0},{"cards_removed":["Defend_G"],"damage_healed":0.0,"max_hp_gain":0.0,"max_hp_loss":0.0,"gold_gain":0.0,"event_name":"Beggar","player_choice":"Gave Gold","floor":28.0,"gold_loss":75.0,"damage_taken":0.0},{"damage_healed":0.0,"max_hp_gain":0.0,"max_hp_loss":0.0,"gold_gain":0.0,"event_name":"Mysterious Sphere","player_choice":"Fight","floor":38.0,"gold_loss":0.0,"damage_taken":0.0},{"damage_healed":0.0,"max_hp_gain":0.0,"max_hp_loss":0.0,"gold_gain":0.0,"event_name":"Tomb of Lord Red Mask","player_choice":"Ignored","floor":39.0,"gold_loss":0.0,"damage_taken":0.0}],"is_beta":false,"boss_relics":[{"not_picked":["Coffee Dripper","White Beast Statue"],"picked":"Philosopher\u0027s Stone"},{"not_picked":["Eternal Feather","Calling Bell"],"picked":"Cursed Key"}],"items_purged_floors":[5,20],"is_endless":false,"potions_floor_spawned":[3,7,8,21,24,27,35,37,44],"killed_by":"Awakened One","ascension_level":20}