{"gold_per_floor":[117,131,146,162,182,182,182,210,257,290,300,311,344,344,344,344],"floor_reached":16,"playtime":903,"items_purged":[],"score":130,"play_id":"5fd5a7fb-5480-4331-8390-8a3a6e2f2a44","local_time":"20181021114540","is_ascension_mode":true,"campfire_choices":[{"data":"Carnage","floor":6,"key":"SMITH"},{"floor":15,"key":"REST"}],"neow_cost":"NONE","seed_source_timestamp":669336209515913,"circlet_count":0,"master_deck":["Strike_R+1","Strike_R","Strike_R","Strike_R","Strike_R","Defend_R","Defend_R","Defend_R+1","Defend_R","Bash","Clothesline","Carnage+1","Feel No Pain","Dropkick","Iron Wave","Immolate","Feed","True Grit","Demon Form","Whirlwind"],"relics":["Burning Blood","Boot","StoneCalendar","Red Skull","Dodecahedron","Art of War"],"potions_floor_usage":[16],"damage_taken":[{"damage":4,"enemies":"Cultist","floor":1,"turns":4},{"damage":5,"enemies":"2 Louse","floor":2,"turns":3},{"damage":3,"enemies":"Jaw Worm","floor":3,"turns":3},{"damage":6,"enemies":"Exordium Wildlife","floor":4,"turns":3},{"damage":11,"enemies":"Looter","floor":5,"turns":4},{"damage":16,"enemies":"Lagavulin","floor":8,"turns":5},{"damage":26,"enemies":"3 Sentries","floor":10,"turns":4},{"damage":0,"enemies":"Large Slime","floor":11,"turns":6},{"damage":7,"enemies":"3 Louse","floor":12,"turns":3},{"damage":28,"enemies":"Gremlin Nob","floor":13,"turns":5},{"damage":41,"enemies":"Hexaghost","floor":16,"turns":7}],"seed_played":"4505650046636033979","potions_obtained":[{"floor":2,"key":"Energy Potion"},{"floor":5,"key":"Swift Potion"},{"floor":8,"key":"AttackPotion"}],"is_trial":false,"path_per_floor":["M","M","M","M","M","R","T","E","T","E","M","M","E","?","R"],"character_chosen":"IRONCLAD","items_purchased":[],"campfire_rested":1,"item_purchase_floors":[],"current_hp_per_floor":[80,80,80,80,75,75,75,65,65,45,54,53,31,14,38,0],"gold":344,"neow_bonus":"RANDOM_COMMON_RELIC","is_prod":false,"is_daily":false,"chose_seed":false,"campfire_upgraded":1,"win_rate":0,"timestamp":1540115140,"path_taken":["M","M","M","M","?","R","?","E","T","E","M","M","E","?","R","BOSS"],"build_version":"2018-10-18","purchased_purges":0,"victory":false,"max_hp_per_floor":[80,80,80,80,80,80,80,80,80,80,83,83,83,83,83,83],"card_choices":[{"not_picked":["Wild Strike","Twin Strike"],"picked":"Clothesline","floor":1},{"not_picked":["Entrench","Searing Blow"],"picked":"Carnage","floor":2},{"not_picked":["Shockwave","Clothesline"],"picked":"Feel No Pain","floor":3},{"not_picked":["Infernal Blade","Clash"],"picked":"Dropkick","floor":4},{"not_picked":["Perfected Strike","Metallicize"],"picked":"Iron Wave","floor":5},{"not_picked":["Perfected Strike","Twin Strike"],"picked":"Immolate","floor":8},{"not_picked":["Cleave","True Grit"],"picked":"Feed","floor":10},{"not_picked":["Wild Strike","Clash"],"picked":"True Grit","floor":11},{"not_picked":["Cleave","Dual Wield"],"picked":"Demon Form","floor":12},{"not_picked":["Sentinel","Iron Wave"],"picked":"Whirlwind","floor":13}],"player_experience":189020,"relics_obtained":[{"floor":8,"key":"StoneCalendar"},{"floor":9,"key":"Red Skull"},{"floor":10,"key":"Dodecahedron"},{"floor":13,"key":"Art of War"}],"event_choices":[{"damage_healed":0,"gold_gain":0,"player_choice":"Entered Light","damage_taken":17,"max_hp_gain":0,"max_hp_loss":0,"event_name":"Shining Light","floor":14,"gold_loss":0,"cards_upgraded":["Defend_R","Strike_R"]}],"is_beta":false,"boss_relics":[],"items_purged_floors":[],"is_endless":false,"potions_floor_spawned":[2,5,8,10,12],"killed_by":"Hexaghost","ascension_level":1}