{"gold_per_floor":[110,110,127,142,217,249,249,277,329,108,127,145,162,207,207,303,353,373,373,392,403,414,414,446,446,446,361,381,381,393,44,44,144,144,162,121,133,133,133,133,161,161,161,187,187,200,200,215,215,215,215,215,7,7],"floor_reached":54,"playtime":4496,"items_purged":[],"score":832,"play_id":"cef273e3-bba5-41e0-a435-e1847254e533","local_time":"20190130235829","is_ascension_mode":true,"campfire_choices":[{"floor":7,"key":"REST"},{"floor":15,"key":"REST"},{"floor":23,"key":"RECALL"},{"floor":25,"key":"REST"},{"data":"Defragment","floor":29,"key":"SMITH"},{"floor":32,"key":"REST"},{"floor":40,"key":"REST"},{"floor":42,"key":"REST"},{"data":"Echo Form","floor":47,"key":"SMITH"},{"floor":49,"key":"REST"},{"data":"Defragment","floor":52,"key":"SMITH"}],"neow_cost":"NONE","seed_source_timestamp":1835419879960615,"circlet_count":0,"master_deck":["Strike_B","Strike_B","Strike_B","Strike_B","Defend_B","Defend_B","Defend_B","Defend_B","Zap+1","Dualcast","Turbo","Steam","Dramatic Entrance","Coolheaded","Stack","Sweeping Beam","Glacier","Melter","Beam Cell","Machine Learning","Redo","Redo+1","Dramatic Entrance","Beam Cell+1","Leap+1","Leap+1","Defragment+1","Ball Lightning","Leap+1","Echo Form+1","Go for the Eyes+1","Defragment+1","Conserve Battery+1","Good Instincts+1","Madness+1","Rainbow+1","Ball Lightning","Streamline+1"],"relics":["Cracked Core","NeowsBlessing","Cables","Boot","DataDisk","Centennial Puzzle","Tiny House","Vajra","Mercury Hourglass","Toxic Egg 2","TheAbacus","Art of War","Lizard Tail","Ornamental Fan","Frozen Egg 2","Turnip","Toolbox"],"potions_floor_usage":[8,11,16,16,16,20,20,21,21,33,46,50,50,50],"damage_taken":[{"damage":0,"enemies":"Jaw Worm","floor":1,"turns":1},{"damage":0,"enemies":"Cultist","floor":3,"turns":1},{"damage":0,"enemies":"Small Slimes","floor":4,"turns":1},{"damage":29,"enemies":"3 Sentries","floor":6,"turns":8},{"damage":34,"enemies":"Lagavulin","floor":8,"turns":8},{"damage":7,"enemies":"Exordium Wildlife","floor":11,"turns":4},{"damage":0,"enemies":"2 Fungi Beasts","floor":12,"turns":2},{"damage":1,"enemies":"Red Slaver","floor":13,"turns":3},{"damage":7,"enemies":"The Guardian","floor":16,"turns":12},{"damage":1,"enemies":"3 Byrds","floor":18,"turns":3},{"damage":0,"enemies":"2 Thieves","floor":20,"turns":1},{"damage":1,"enemies":"Snecko","floor":21,"turns":5},{"damage":3,"enemies":"Sentry and Sphere","floor":22,"turns":3},{"damage":33,"enemies":"Book of Stabbing","floor":24,"turns":6},{"damage":0,"enemies":"3 Cultists","floor":28,"turns":4},{"damage":2,"enemies":"Centurion and Healer","floor":30,"turns":3},{"damage":18,"enemies":"Automaton","floor":33,"turns":11},{"damage":8,"enemies":"Orb Walker","floor":35,"turns":3},{"damage":0,"enemies":"3 Shapes","floor":37,"turns":4},{"damage":14,"enemies":"Giant Head","floor":41,"turns":15},{"damage":51,"enemies":"Reptomancer","floor":44,"turns":7},{"damage":7,"enemies":"3 Darklings","floor":46,"turns":3},{"damage":20,"enemies":"Writhing Mass","floor":48,"turns":8},{"damage":54,"enemies":"Awakened One","floor":50,"turns":13},{"damage":132,"enemies":"Shield and Spear","floor":54,"turns":6}],"seed_played":"-8880366547460134311","potions_obtained":[{"floor":1,"key":"Poison Potion"},{"floor":8,"key":"PowerPotion"},{"floor":11,"key":"Weak Potion"},{"floor":12,"key":"Fire Potion"},{"floor":16,"key":"Block Potion"},{"floor":17,"key":"SteroidPotion"},{"floor":18,"key":"SteroidPotion"},{"floor":20,"key":"Swift Potion"},{"floor":28,"key":"LiquidBronze"},{"floor":33,"key":"FearPotion"},{"floor":35,"key":"Fire Potion"},{"floor":44,"key":"Strength Potion"},{"floor":46,"key":"Ancient Potion"},{"floor":48,"key":"Regen Potion"}],"is_trial":false,"path_per_floor":["M","?","M","M","?","E","R","E","T","$","M","M","M","T","R","B",null,"M","?","M","M","M","R","E","R","T","?","M","R","M","$","R","B",null,"M","$","M","?","?","R","E","R","T","E","?","M","R","M","R","B",null,"R","$","E"],"character_chosen":"DEFECT","items_purchased":["DataDisk","Regen Potion","TheAbacus","Art of War","Defragment","Toolbox"],"campfire_rested":7,"item_purchase_floors":[10,10,31,31,36,53],"current_hp_per_floor":[75,75,75,75,64,35,57,23,23,23,28,28,27,27,49,42,80,79,79,79,78,75,75,42,66,66,66,66,66,64,64,80,62,80,72,72,72,72,62,80,66,80,80,29,80,73,73,53,77,38,80,80,80,0],"gold":7,"neow_bonus":"THREE_ENEMY_KILL","is_prod":false,"is_daily":false,"chose_seed":false,"campfire_upgraded":3,"win_rate":0,"timestamp":1548899909,"path_taken":["M","?","M","?","?","E","R","E","T","$","M","M","M","?","R","BOSS","M","?","?","M","M","R","E","R","T","?","M","R","M","$","R","BOSS","M","$","M","?","?","R","E","R","T","E","?","M","R","M","R","BOSS","R","$","E"],"build_version":"2019-01-23","purchased_purges":0,"victory":false,"max_hp_per_floor":[75,75,75,75,75,75,75,75,75,75,75,75,75,75,75,75,80,80,80,80,80,80,80,80,80,80,80,80,80,80,80,80,80,80,80,80,80,80,80,80,80,80,80,80,80,80,80,80,80,80,80,80,80,80],"card_choices":[{"not_picked":["Reinforced Body","Streamline"],"picked":"Turbo","floor":1},{"not_picked":["Steam","Aggregate","Blizzard"],"picked":"SKIP","floor":3},{"not_picked":["Steam Power","Turbo"],"picked":"Coolheaded","floor":4},{"not_picked":["Glacier","Fusion"],"picked":"Stack","floor":6},{"not_picked":["Darkness","Amplify"],"picked":"Sweeping Beam","floor":8},{"not_picked":["Skim","Coolheaded"],"picked":"Glacier","floor":11},{"not_picked":["Chaos","Fusion"],"picked":"Melter","floor":12},{"not_picked":["Tempest","Heatsinks"],"picked":"Beam Cell","floor":13},{"not_picked":["Multi-Cast","Reboot"],"picked":"Machine Learning","floor":16},{"not_picked":["Lockon","Turbo"],"picked":"Redo","floor":17},{"not_picked":["Undo","Steam"],"picked":"Redo+1","floor":18},{"not_picked":["Skim+1","Reprogram"],"picked":"Beam Cell+1","floor":20},{"not_picked":["Self Repair+1","Sweeping Beam"],"picked":"Leap+1","floor":21},{"not_picked":["Undo","Rebound"],"picked":"Leap+1","floor":22},{"not_picked":["Double Energy","Hologram"],"picked":"Defragment","floor":24},{"not_picked":["Sunder","Turbo+1"],"picked":"Ball Lightning","floor":28},{"not_picked":["Amplify+1","Loop"],"picked":"Leap+1","floor":30},{"not_picked":["Seek+1","Biased Cognition"],"picked":"Echo Form","floor":33},{"not_picked":["Consume+1","Rebound+1"],"picked":"Go for the Eyes+1","floor":35},{"not_picked":["Redo+1","Static Discharge"],"picked":"Conserve Battery+1","floor":37},{"not_picked":["Swift Strike","Deep Breath+1"],"picked":"Good Instincts+1","floor":38},{"not_picked":["Capacitor+1","Rebound+1","Turbo+1"],"picked":"SKIP","floor":41},{"not_picked":["Gash","Compile Driver+1"],"picked":"Rainbow+1","floor":44},{"not_picked":["Beam Cell","Steam+1"],"picked":"Ball Lightning","floor":46},{"not_picked":["Darkness+1","Reinforced Body+1"],"picked":"Streamline+1","floor":48}],"player_experience":92499,"relics_obtained":[{"floor":6,"key":"Cables"},{"floor":8,"key":"Boot"},{"floor":14,"key":"Centennial Puzzle"},{"floor":24,"key":"Vajra"},{"floor":26,"key":"Mercury Hourglass"},{"floor":41,"key":"Ornamental Fan"},{"floor":43,"key":"Frozen Egg 2"},{"floor":44,"key":"Turnip"}],"event_choices":[{"damage_healed":0,"gold_gain":0,"player_choice":"2 cards matched","damage_taken":0,"max_hp_gain":0,"max_hp_loss":0,"event_name":"Match and Keep!","floor":2,"gold_loss":0,"cards_obtained":["Steam","Dramatic Entrance"]},{"damage_healed":0,"gold_gain":75,"player_choice":"Gather Gold","damage_taken":11,"max_hp_gain":0,"max_hp_loss":0,"event_name":"World of Goop","floor":5,"gold_loss":0},{"damage_healed":0,"gold_gain":0,"player_choice":"Copied","damage_taken":0,"max_hp_gain":0,"max_hp_loss":0,"event_name":"Duplicator","floor":19,"gold_loss":0,"cards_obtained":["Dramatic Entrance"]},{"damage_healed":0,"gold_gain":0,"player_choice":"Obtained Relic","damage_taken":0,"relics_obtained":["Toxic Egg 2"],"max_hp_gain":0,"max_hp_loss":0,"event_name":"Addict","floor":27,"gold_loss":85},{"damage_healed":0,"gold_gain":0,"player_choice":"Memory 1","damage_taken":0,"max_hp_gain":0,"max_hp_loss":0,"event_name":"SensoryStone","floor":38,"gold_loss":0},{"damage_healed":0,"gold_gain":0,"player_choice":"Embrace Madness","damage_taken":10,"max_hp_gain":0,"max_hp_loss":0,"event_name":"Winding Halls","floor":39,"gold_loss":0,"cards_obtained":["Madness","Madness"]},{"cards_removed":["Madness"],"damage_healed":51,"gold_gain":0,"player_choice":"Offered Uncommon","damage_taken":0,"max_hp_gain":0,"max_hp_loss":0,"event_name":"Bonfire Elementals","floor":45,"gold_loss":0}],"is_beta":false,"boss_relics":[{"not_picked":["Runic Dome","Orrery"],"picked":"Tiny House"},{"not_picked":["Coffee Dripper","Calling Bell"],"picked":"Lizard Tail"}],"items_purged_floors":[],"is_endless":false,"potions_floor_spawned":[1,8,11,12,16,18,20,28,33,35,44,46,48],"killed_by":"Shield and Spear","ascension_level":3}