{"gold_per_floor":[116,127,127,142,156,156,196,196,196,224,236,279,291,324,336,348],"floor_reached":16,"playtime":961,"items_purged":[],"score":207,"play_id":"04c9221c-f17d-4bb6-a0b9-bf2cc32c9514","local_time":"20190106004014","is_ascension_mode":true,"campfire_choices":[{"data":"Uppercut","floor":6.0,"key":"SMITH"},{"floor":8.0,"key":"REST"},{"data":"Combust","floor":11.0,"key":"SMITH"},{"floor":15,"key":"REST"}],"neow_cost":"PERCENT_DAMAGE","seed_source_timestamp":643383448668,"circlet_count":0,"master_deck":["AscendersBane","Strike_R","Strike_R","Strike_R","Defend_R","Defend_R","Defend_R","Defend_R","Bash","Havoc","Uppercut+1","Headbutt","Anger","Disarm","Combust+1","Pummel","Evolve","Whirlwind"],"special_seed":0,"relics":["Burning Blood","Golden Idol","Omamori","MawBank","Kunai"],"potions_floor_usage":[14,16],"damage_taken":[{"damage":7.0,"enemies":"Cultist","floor":1.0,"turns":4.0},{"damage":13.0,"enemies":"Small Slimes","floor":2.0,"turns":4.0},{"damage":4.0,"enemies":"Jaw Worm","floor":4.0,"turns":3.0},{"damage":10.0,"enemies":"2 Fungi Beasts","floor":5.0,"turns":4.0},{"damage":36.0,"enemies":"3 Sentries","floor":7.0,"turns":7.0},{"damage":12.0,"enemies":"Looter","floor":10.0,"turns":4.0},{"damage":19.0,"enemies":"Lagavulin","floor":12.0,"turns":6.0},{"damage":17,"enemies":"Large Slime","floor":14,"turns":5},{"damage":41,"enemies":"Slime Boss","floor":16,"turns":3}],"seed_played":"-6306063580566848732","potions_obtained":[{"floor":2.0,"key":"SkillPotion"},{"floor":5.0,"key":"SpeedPotion"},{"floor":7.0,"key":"Regen Potion"},{"floor":10.0,"key":"Explosive Potion"},{"floor":14,"key":"BloodPotion"}],"is_trial":false,"path_per_floor":["M","M","?","M","M","R","E","R","T","M","R","E","?","M","R","B"],"character_chosen":"IRONCLAD","items_purchased":[],"campfire_rested":2,"item_purchase_floors":[],"current_hp_per_floor":[49,42,42,44,40,40,10,30,30,24,24,23,23,12,32,0],"gold":348,"neow_bonus":"TRANSFORM_TWO_CARDS","is_prod":false,"is_daily":false,"chose_seed":false,"campfire_upgraded":2,"win_rate":0,"timestamp":1546731614,"path_taken":["M","M","?","M","M","R","E","R","T","M","R","E","?","M","R","BOSS"],"build_version":"2019-01-03v4","purchased_purges":0,"victory":false,"max_hp_per_floor":[75,75,68,68,68,68,68,68,68,68,68,68,68,68,68,68],"card_choices":[{"not_picked":["Warcry","Perfected Strike"],"picked":"Headbutt","floor":1.0},{"not_picked":["Clash","Infernal Blade"],"picked":"Anger","floor":2.0},{"not_picked":["Clash","Pommel Strike"],"picked":"Disarm","floor":4.0},{"not_picked":["Uppercut","Body Slam"],"picked":"Combust","floor":5.0},{"not_picked":["Sword Boomerang","Twin Strike","Body Slam"],"picked":"SKIP","floor":7.0},{"not_picked":["Reaper","Perfected Strike"],"picked":"Pummel","floor":10.0},{"not_picked":["Inflame","Battle Trance"],"picked":"Evolve","floor":12.0},{"not_picked":["True Grit","Spot Weakness"],"picked":"Whirlwind","floor":14}],"player_experience":734217,"relics_obtained":[{"floor":7.0,"key":"Omamori"},{"floor":9.0,"key":"MawBank"},{"floor":12.0,"key":"Kunai"}],"event_choices":[{"damage_healed":0.0,"max_hp_gain":0.0,"max_hp_loss":7.0,"gold_gain":0.0,"event_name":"Golden Idol","player_choice":"Lose Max HP","floor":3.0,"gold_loss":0.0,"damage_taken":0.0,"relics_obtained":["Golden Idol"]},{"damage_healed":0.0,"max_hp_gain":0.0,"max_hp_loss":0.0,"gold_gain":0.0,"event_name":"Liars Game","player_choice":"Ignored","floor":13.0,"gold_loss":0.0,"damage_taken":0.0}],"is_beta":false,"boss_relics":[],"items_purged_floors":[],"is_endless":false,"potions_floor_spawned":[2,5,7,10,14],"killed_by":"Slime Boss","ascension_level":17}