{"path_per_floor":["M","M","?","$","?","R","M","R","T","M","E","R","E","M","R","B",null,"M","$","M","M","$","E","R","?","T","?","T","?","M","$","R","B",null,"M","M"],"character_chosen":"IRONCLAD","items_purchased":["Purity","Happy Flower","Mind Blast","Poison Potion"],"gold_per_floor":[114,129,129,32,32,32,47,47,72,87,117,117,147,162,162,262,262,232,82,97,112,13,43,43,43,43,43,68,68,83,33,33,133,133,148,163],"floor_reached":37,"campfire_rested":3,"playtime":2720,"current_hp_per_floor":[78,77,76,75,74,73,72,71,70,69,68,67,28,32,64,52,62,61,60,59,37,37,42,55,54,53,52,51,50,34,34,47,24,45,44,43],"items_purged":[],"gold":163,"score":574,"play_id":"1626744e-c525-45e1-be55-f79ad4b1fb72","local_time":"20180322204031","daily_mods":["Diverse","Terminal","Hoarder"],"is_prod":false,"is_daily":true,"is_ascension_mode":false,"campfire_upgraded":3,"timestamp":1521751231,"path_taken":["M","M","?","$","?","R","M","R","T","M","E","R","E","M","R","BOSS","M","$","M","M","$","E","R","?","T","?","?","?","M","?","R","BOSS","M","M","M"],"build_version":"2018-03-15v3","purchased_purges":0,"victory":false,"master_deck":["Bash","Noxious Fumes","Noxious Fumes","Noxious Fumes","Dash","Dash+1","Dash","Entrench","Entrench+1","Entrench+1","Shrug It Off","Shrug It Off","Shrug It Off","Immolate","Immolate","Immolate","Purity","Purity","Purity","Battle Trance","Battle Trance","Battle Trance","Armaments+1","Armaments","Armaments","Metallicize","Metallicize","Metallicize","Ghostly Armor","Ghostly Armor","Ghostly Armor","Feed+1","Feed","Feed","Bloodletting+1","Bloodletting+1","Bloodletting+1","Rupture+1","Rupture","Rupture","Mind Blast","Mind Blast","Mind Blast","Power Through","Power Through","Power Through","Decay","Decay","Decay","Pain","Pain","Pain","Reaper","Reaper","Reaper","Shrug It Off","Shrug It Off","Shrug It Off","Perfected Strike","Perfected Strike","Perfected Strike","Sword Boomerang","Sword Boomerang","Sword Boomerang","Heavy Blade","Heavy Blade","Heavy Blade","Anger","Anger","Anger","Heavy Blade","Heavy Blade","Heavy Blade","Thunderclap","Thunderclap","Thunderclap","Wild Strike","Wild Strike","Wild Strike","Cleave+1","Cleave","Cleave","Body Slam+1","Body Slam","Body Slam"],"max_hp_per_floor":[78,77,76,75,74,73,72,71,70,69,68,67,66,65,64,63,62,61,60,59,58,57,56,55,54,53,52,51,50,49,48,47,46,45,44,43],"relics":["Burning Blood","Juzu Bracelet","Vajra","Regal Pillow","Cursed Key","Happy Flower","Whetstone","Shovel","War Paint","Pandora\u0027s Box"],"card_choices":[{"not_picked":["Warcry","Sword Boomerang"],"picked":"Entrench"},{"not_picked":["Thunderclap","Whirlwind"],"picked":"Shrug It Off"},{"not_picked":["Flex","Headbutt"],"picked":"Battle Trance"},{"not_picked":["Warcry","Clothesline"],"picked":"Armaments"},{"not_picked":["Cleave","Sword Boomerang"],"picked":"Metallicize"},{"not_picked":["Clothesline","Armaments"],"picked":"Ghostly Armor"},{"not_picked":["Brutality","Fiend Fire"],"picked":"Feed"},{"not_picked":["Cleave","Hemokinesis"],"picked":"Bloodletting"},{"not_picked":["Sword Boomerang","Heavy Blade"],"picked":"Rupture"},{"not_picked":["Offering","Heavy Blade"],"picked":"Power Through"},{"not_picked":["Dark Embrace","Feed"],"picked":"Reaper"},{"not_picked":["Entrench","Clothesline"],"picked":"Cleave"},{"not_picked":["Havoc","Feel No Pain"],"picked":"Body Slam"}],"player_experience":182843,"potions_floor_usage":[11,13,23,30,33,33],"damage_taken":[{"damage":0,"enemies":"2 Louse","floor":1,"turns":2},{"damage":0,"enemies":"Jaw Worm","floor":2,"turns":4},{"damage":0,"enemies":"Cultist","floor":7,"turns":4},{"damage":2,"enemies":"Blue Slaver","floor":10,"turns":5},{"damage":1,"enemies":"3 Sentries","floor":11,"turns":7},{"damage":45,"enemies":"Gremlin Nob","floor":13,"turns":8},{"damage":2,"enemies":"3 Louse","floor":14,"turns":8},{"damage":18,"enemies":"Hexaghost","floor":16,"turns":13},{"damage":2,"enemies":"2 Thieves","floor":18,"turns":5},{"damage":0,"enemies":"Spheric Guardian","floor":20,"turns":7},{"damage":28,"enemies":"3 Cultists","floor":21,"turns":8},{"damage":16,"enemies":"Book of Stabbing","floor":23,"turns":8},{"damage":22,"enemies":"Centurion and Healer","floor":30,"turns":9},{"damage":29,"enemies":"Automaton","floor":33,"turns":12},{"damage":8,"enemies":"Orb Walker","floor":35,"turns":4},{"damage":5,"enemies":"3 Shapes","floor":36,"turns":3},{"damage":45,"enemies":"Maw","floor":37,"turns":9}],"event_choices":[{"event_name":"Living Wall","player_choice":"Change","floor":3,"damage_taken":0},{"event_name":"The Cleric","player_choice":"Leave","floor":5,"damage_taken":0},{"event_name":"Beggar","player_choice":"Ignored","floor":25,"damage_taken":0},{"event_name":"Addict","player_choice":"Ignored","floor":27,"damage_taken":0},{"event_name":"Back to Basics","player_choice":"Simplicity","floor":29,"damage_taken":0}],"boss_relics":[{"not_picked":["Runic Pyramid","Black Blood"],"picked":"Cursed Key"},{"not_picked":["White Beast Statue","Eternal Feather"],"picked":"Pandora\u0027s Box"}],"potions_floor_spawned":[2,7,10,16,23],"seed_played":"7321977595555922760","killed_by":"Maw","ascension_level":0,"is_trial":false}