{"gold_per_floor":[115,134,145,156,41,41,55,73,97,97,123,123,73,73,73,73],"floor_reached":16,"playtime":858,"items_purged":["Strike_G"],"score":148,"play_id":"f34d147e-58da-4505-934a-44a50b3bd4ee","local_time":"20181113233028","is_ascension_mode":true,"campfire_choices":[{"data":"Neutralize","floor":6,"key":"SMITH"},{"data":"All Out Attack","floor":10,"key":"SMITH"},{"floor":12,"key":"REST"},{"data":"Dagger Throw","floor":15,"key":"SMITH"}],"neow_cost":"NONE","seed_source_timestamp":258596886610197,"circlet_count":0,"master_deck":["Defend_G","Defend_G","Defend_G","Defend_G","Defend_G","Strike_G","Strike_G","Survivor","Neutralize+1","All Out Attack+1","Blur","Slice","Blur","Prepared","Dagger Throw+1","Cloak And Dagger"],"relics":["Ring of the Snake","NeowsBlessing","Orichalcum","Bird Faced Urn"],"potions_floor_usage":[],"damage_taken":[{"damage":0,"enemies":"Small Slimes","floor":1,"turns":1},{"damage":0,"enemies":"2 Louse","floor":2,"turns":1},{"damage":0,"enemies":"Cultist","floor":3,"turns":1},{"damage":11,"enemies":"3 Louse","floor":4,"turns":2},{"damage":7,"enemies":"Large Slime","floor":7,"turns":7},{"damage":0,"enemies":"Blue Slaver","floor":8,"turns":6},{"damage":30,"enemies":"Lagavulin","floor":11,"turns":10},{"damage":39,"enemies":"Hexaghost","floor":16,"turns":16}],"seed_played":"-5761048265110347941","potions_obtained":[{"floor":1,"key":"Ancient Potion"},{"floor":7,"key":"SmokeBomb"},{"floor":11,"key":"Weak Potion"}],"is_trial":false,"path_per_floor":["M","M","M","M","$","R","M","M","T","R","E","R","?","?","R","B"],"character_chosen":"THE_SILENT","items_purchased":["Blur"],"campfire_rested":1,"item_purchase_floors":[5],"current_hp_per_floor":[63,63,63,52,52,52,45,45,45,45,15,36,36,36,36,0],"gold":73,"neow_bonus":"THREE_ENEMY_KILL","is_prod":false,"is_daily":false,"chose_seed":false,"campfire_upgraded":3,"win_rate":0,"timestamp":1542148228,"path_taken":["M","M","M","M","$","R","M","M","T","R","E","R","?","?","R","BOSS"],"build_version":"2018-11-08","purchased_purges":1,"victory":false,"max_hp_per_floor":[70,70,70,70,70,70,70,70,70,70,70,70,70,70,70,70],"card_choices":[{"not_picked":["Calculated Gamble","Dagger Throw"],"picked":"All Out Attack","floor":1},{"not_picked":["Bane","Underhanded Strike"],"picked":"Blur","floor":2},{"not_picked":["Blade Dance","Quick Slash"],"picked":"Slice","floor":3},{"not_picked":["Acrobatics","Poisoned Stab","Bane"],"picked":"SKIP","floor":4},{"not_picked":["Eviscerate","Expertise"],"picked":"Prepared","floor":7},{"not_picked":["Prepared","Flying Knee"],"picked":"Dagger Throw","floor":8},{"not_picked":["Wraith Form v2","Dagger Spray"],"picked":"Cloak And Dagger","floor":11}],"player_experience":509395,"relics_obtained":[{"floor":9,"key":"Orichalcum"},{"floor":11,"key":"Bird Faced Urn"}],"event_choices":[{"cards_removed":["Strike_G"],"damage_healed":0,"gold_gain":0,"player_choice":"Card Removal","damage_taken":0,"max_hp_gain":0,"max_hp_loss":0,"event_name":"The Cleric","floor":13,"gold_loss":50},{"cards_removed":["Strike_G"],"damage_healed":0,"gold_gain":0,"player_choice":"Purged","damage_taken":0,"max_hp_gain":0,"max_hp_loss":0,"event_name":"Purifier","floor":14,"gold_loss":0}],"is_beta":false,"boss_relics":[],"items_purged_floors":[5],"is_endless":false,"potions_floor_spawned":[1,7,11],"killed_by":"Hexaghost","ascension_level":9}