{"gold_per_floor":[119,194,206,206,216,216,248,248,248,248,281,140,150,150,150,253,253,267,287,13,13,26,26,57,75,75,75],"floor_reached":27,"playtime":2199,"items_purged":["Strike_B"],"score":302,"play_id":"b520f1a3-bd7f-42b9-93d9-9d7b24eecf24","local_time":"20190102131024","is_ascension_mode":true,"campfire_choices":[{"data":"Dualcast","floor":6,"key":"SMITH"},{"data":"Creative AI","floor":10,"key":"SMITH"},{"floor":15,"key":"REST"},{"data":"Auto Shields","floor":23,"key":"SMITH"}],"neow_cost":"PERCENT_DAMAGE","seed_source_timestamp":796081674135,"circlet_count":0,"master_deck":["Strike_B","Defend_B","Defend_B","Zap","Dualcast+1","Creative AI+1","Streamline","Rebound","Conserve Battery","Auto Shields+1","Sweeping Beam","Flash of Steel","Conserve Battery","Core Surge","Core Surge+1","Core Surge+1","Core Surge+1","Skim","Sweeping Beam","Electrodynamics","Leap+1"],"relics":["Cracked Core","Pear","Oddly Smooth Stone","Letter Opener","Singing Bowl","Nunchaku","Astrolabe","HandDrill","Toxic Egg 2","Mercury Hourglass"],"potions_floor_usage":[7,7],"damage_taken":[{"damage":0,"enemies":"2 Louse","floor":1,"turns":3},{"damage":8,"enemies":"Jaw Worm","floor":3,"turns":4},{"damage":0,"enemies":"Small Slimes","floor":5,"turns":3},{"damage":8,"enemies":"Gremlin Nob","floor":7,"turns":3},{"damage":20,"enemies":"3 Sentries","floor":11,"turns":7},{"damage":1,"enemies":"Blue Slaver","floor":13,"turns":2},{"damage":11,"enemies":"The Guardian","floor":16,"turns":10},{"damage":8,"enemies":"3 Byrds","floor":18,"turns":5},{"damage":6,"enemies":"Chosen","floor":19,"turns":4},{"damage":22,"enemies":"Snake Plant","floor":22,"turns":3},{"damage":38,"enemies":"Gremlin Leader","floor":24,"turns":7},{"damage":6,"enemies":"Cultist and Chosen","floor":25,"turns":4},{"damage":24,"enemies":"Book of Stabbing","floor":27,"turns":3}],"seed_played":"5000664742276568560","potions_obtained":[{"floor":1,"key":"Ancient Potion"},{"floor":3,"key":"EntropicBrew"},{"floor":18,"key":"EssenceOfSteel"}],"is_trial":false,"path_per_floor":["M","?","M","T","M","R","E","T","T","R","E","$","M","?","R","B",null,"M","M","$","?","M","R","E","M","T","E"],"character_chosen":"DEFECT","items_purchased":["Sweeping Beam","Flash of Steel","HandDrill"],"campfire_rested":1,"item_purchase_floors":[12,12,20],"current_hp_per_floor":[54,43,35,45,45,45,37,37,37,37,19,19,18,18,44,33,87,79,73,73,73,53,53,15,9,9,0],"gold":75,"neow_bonus":"THREE_RARE_CARDS","is_prod":false,"is_daily":false,"chose_seed":false,"campfire_upgraded":3,"win_rate":0,"timestamp":1546456224,"path_taken":["M","?","M","?","M","R","E","?","T","R","E","$","M","?","R","BOSS","M","M","$","?","M","R","E","M","T","E"],"build_version":"2018-12-20","purchased_purges":1,"victory":false,"max_hp_per_floor":[75,75,75,85,85,85,85,85,85,85,87,87,87,87,87,87,87,87,87,87,87,89,89,89,89,89,89],"card_choices":[{"not_picked":["Seek","Reboot"],"picked":"Creative AI","floor":0},{"not_picked":["Barrage","Compile Driver"],"picked":"Streamline","floor":1},{"not_picked":["Capacitor","Barrage"],"picked":"Rebound","floor":3},{"not_picked":["Rip and Tear","Beam Cell"],"picked":"Conserve Battery","floor":5},{"not_picked":["Compile Driver","Gash"],"picked":"Auto Shields","floor":7},{"not_picked":["Scrape","Barrage","Stack"],"picked":"Singing Bowl","floor":11},{"not_picked":["Barrage","Scrape"],"picked":"Conserve Battery","floor":13},{"not_picked":["Seek","Multi-Cast"],"picked":"Core Surge","floor":16},{"not_picked":["Sweeping Beam","Turbo+1"],"picked":"Skim","floor":18},{"not_picked":["Coolheaded+1","Steam"],"picked":"Sweeping Beam","floor":19},{"not_picked":["Rebound","Seek","Turbo"],"picked":"Singing Bowl","floor":22},{"not_picked":["Beam Cell+1","Ball Lightning"],"picked":"Electrodynamics","floor":24},{"not_picked":["Consume+1","Sweeping Beam"],"picked":"Leap+1","floor":25}],"player_experience":270652,"relics_obtained":[{"floor":4,"key":"Pear"},{"floor":7,"key":"Oddly Smooth Stone"},{"floor":8,"key":"Letter Opener"},{"floor":9,"key":"Singing Bowl"},{"floor":11,"key":"Nunchaku"},{"floor":24,"key":"Toxic Egg 2"},{"floor":26,"key":"Mercury Hourglass"}],"event_choices":[{"damage_healed":0,"gold_gain":75,"player_choice":"Gather Gold","damage_taken":11,"max_hp_gain":0,"max_hp_loss":0,"event_name":"World of Goop","floor":2,"gold_loss":0},{"cards_removed":["Strike_B"],"damage_healed":0,"gold_gain":0,"player_choice":"Forget","damage_taken":0,"max_hp_gain":0,"max_hp_loss":0,"event_name":"Living Wall","floor":14,"gold_loss":0},{"damage_healed":0,"gold_gain":0,"player_choice":"Ignored","damage_taken":0,"max_hp_gain":0,"max_hp_loss":0,"event_name":"Beggar","floor":21,"gold_loss":0}],"is_beta":false,"boss_relics":[{"not_picked":["Eternal Feather","White Beast Statue"],"picked":"Astrolabe"}],"items_purged_floors":[20],"is_endless":false,"potions_floor_spawned":[1,3,18,22,24],"killed_by":"Book of Stabbing","ascension_level":3}