{"path_per_floor":["M","?","$","M","M","R","M","R","T","M","M","E","M","?","R","B",null,"M","M","M","?","$","R","E","M","T","M","M","R","M","$","R","B",null,"M","M","?","M","$","R","T","M","T"],"character_chosen":"IRONCLAD","items_purchased":["Rupture","Frozen Egg 2","Anchor","Intimidate"],"gold_per_floor":[114,114,34,49,64,64,79,79,104,119,134,164,179,179,179,279,279,294,309,324,324,74,74,104,119,194,209,224,224,239,21,21,121,121,136,151,151,166,91,91,166,181,231,231],"floor_reached":44,"campfire_rested":1,"playtime":5680,"current_hp_per_floor":[80,80,80,80,80,80,79,79,79,80,80,77,79,89,89,58,90,90,77,53,45,45,45,34,35,35,37,28,41,43,43,43,31,45,45,43,43,45,45,45,45,45,45,0],"items_purged":["Sever Soul"],"gold":231,"score":512,"play_id":"28114bed-6da1-405a-b48e-714b6e512ff7","local_time":"20180411113745","daily_mods":["Draft","Time Dilation","Uncertain Future"],"is_prod":false,"is_daily":true,"is_ascension_mode":false,"campfire_upgraded":6,"timestamp":1523443065,"path_taken":["M","?","$","M","M","R","?","R","T","M","M","E","M","?","R","BOSS","M","M","M","?","$","R","E","M","T","?","M","R","M","?","R","BOSS","M","M","?","M","$","R","?","M","T","E"],"build_version":"2018-04-05v2","purchased_purges":1,"victory":false,"master_deck":["Burning Pact","Iron Wave+1","Ghostly Armor","Body Slam","Whirlwind+1","Flex","Heavy Blade+1","Clothesline","Spot Weakness","Shrug It Off","Shrug It Off","Clash","Armaments+1","Evolve","Rupture","Shrug It Off","Wild Strike","Pommel Strike+1","Offering","Spot Weakness","Barricade+1","Dual Wield+1","Headbutt","Ghostly","Ghostly","Ghostly","Ghostly","Intimidate+1","Offering","Disarm+1","Enlightenment+1","Shockwave+1","Mind Blast+1","Sentinel+1","Thunderclap+1"],"max_hp_per_floor":[80,80,80,80,80,80,80,80,80,80,80,80,80,90,90,90,90,90,90,90,45,45,45,45,45,45,45,45,45,45,45,45,45,45,45,45,45,45,45,45,45,45,45,45],"relics":["Burning Blood","Bag of Preparation","Omamori","Pear","Black Star","Frozen Egg 2","Bag of Marbles","Whetstone","Question Card","Anchor","Astrolabe","The Courier","Art of War"],"card_choices":[{"not_picked":["Hemokinesis","True Grit"],"picked":"Burning Pact","floor":0},{"not_picked":["Perfected Strike","Heavy Blade"],"picked":"Iron Wave","floor":0},{"not_picked":["Battle Trance","Blood for Blood"],"picked":"Ghostly Armor","floor":0},{"not_picked":["Spot Weakness","Cleave"],"picked":"Body Slam","floor":0},{"not_picked":["Fire Breathing","Perfected Strike"],"picked":"Searing Blow","floor":0},{"not_picked":["Reckless Charge","Burning Pact"],"picked":"Whirlwind","floor":0},{"not_picked":["Sentinel","Warcry"],"picked":"Flex","floor":0},{"not_picked":["Disarm","Perfected Strike"],"picked":"Heavy Blade","floor":0},{"not_picked":["Sword Boomerang","Searing Blow"],"picked":"Clothesline","floor":0},{"not_picked":["Heavy Blade","Clothesline"],"picked":"Spot Weakness","floor":0},{"not_picked":["Anger","Wild Strike"],"picked":"Combust","floor":0},{"not_picked":["Uppercut","Rage"],"picked":"Shrug It Off","floor":0},{"not_picked":["Dual Wield","Heavy Blade"],"picked":"Shrug It Off","floor":0},{"not_picked":["Corruption","Second Wind"],"picked":"Clash","floor":0},{"not_picked":["Flex","Headbutt"],"picked":"Armaments","floor":0},{"not_picked":["Sentinel","Sword Boomerang"],"picked":"Evolve","floor":1},{"not_picked":["Rupture","Heavy Blade"],"picked":"Shrug It Off","floor":4},{"not_picked":["Havoc","Sword Boomerang"],"picked":"Wild Strike","floor":5},{"not_picked":["Perfected Strike","Flex"],"picked":"Pommel Strike","floor":7},{"not_picked":["Corruption","Shrug It Off"],"picked":"Offering","floor":10},{"not_picked":["Dual Wield","Inflame"],"picked":"Spot Weakness","floor":11},{"not_picked":["Reaper","Bludgeon"],"picked":"Barricade","floor":16},{"not_picked":["Armaments","Infernal Blade"],"picked":"Dual Wield","floor":18},{"not_picked":["Rupture","Heavy Blade"],"picked":"Headbutt","floor":19},{"not_picked":["Reaper","Barricade","Fiend Fire"],"picked":"Offering","floor":33},{"not_picked":["Armaments","Warcry","Pummel"],"picked":"Shockwave","floor":35},{"not_picked":["Purity","Jack Of All Trades","Master of Strategy"],"picked":"Mind Blast","floor":37},{"not_picked":["True Grit","Shrug It Off","Twin Strike"],"picked":"Sentinel","floor":38},{"not_picked":["Armaments","Sword Boomerang","Clash"],"picked":"Thunderclap","floor":42}],"player_experience":196109,"potions_floor_usage":[12,12,16,18,24,24,28,33,33,42],"damage_taken":[{"damage":2,"enemies":"Small Slimes","floor":1,"turns":2},{"damage":0,"enemies":"2 Louse","floor":4,"turns":1},{"damage":6,"enemies":"Cultist","floor":5,"turns":3},{"damage":7,"enemies":"2 Fungi Beasts","floor":7,"turns":2},{"damage":0,"enemies":"3 Louse","floor":10,"turns":1},{"damage":4,"enemies":"Looter","floor":11,"turns":1},{"damage":9,"enemies":"Lagavulin","floor":12,"turns":4},{"damage":4,"enemies":"Exordium Wildlife","floor":13,"turns":2},{"damage":37,"enemies":"The Guardian","floor":16,"turns":12},{"damage":14,"enemies":"2 Thieves","floor":18,"turns":5},{"damage":19,"enemies":"Spheric Guardian","floor":19,"turns":6},{"damage":30,"enemies":"Snake Plant","floor":20,"turns":6},{"damage":17,"enemies":"Book of Stabbing","floor":24,"turns":6},{"damage":5,"enemies":"Cultist and Chosen","floor":25,"turns":7},{"damage":4,"enemies":"Centurion and Healer","floor":27,"turns":6},{"damage":15,"enemies":"Snake Plant","floor":28,"turns":6},{"damage":4,"enemies":"3 Cultists","floor":30,"turns":5},{"damage":18,"enemies":"Collector","floor":33,"turns":9},{"damage":2,"enemies":"Orb Walker","floor":35,"turns":1},{"damage":8,"enemies":"3 Shapes","floor":36,"turns":9},{"damage":4,"enemies":"Maw","floor":38,"turns":9},{"damage":18,"enemies":"4 Shapes","floor":42,"turns":6},{"damage":64,"enemies":"Giant Head","floor":44,"turns":8}],"event_choices":[{"event_name":"The Cleric","player_choice":"Leave","floor":2,"damage_taken":0},{"event_name":"Big Fish","player_choice":"Box","floor":14,"damage_taken":0},{"event_name":"Ghosts","player_choice":"Became a Ghost","floor":21,"damage_taken":0},{"event_name":"SensoryStone","player_choice":"Memory 1","floor":37,"damage_taken":0}],"boss_relics":[{"not_picked":["Orrery","Black Blood"],"picked":"Black Star"},{"not_picked":["Runic Pyramid","Eternal Feather"],"picked":"Astrolabe"}],"potions_floor_spawned":[1,7,10,12,16,18,20,27,28,35,42],"seed_played":"-391097367170320496","killed_by":"Giant Head","ascension_level":0,"is_trial":false}