{"gold_per_floor":[14,14,14,25,41,41,73,91,117,133,144,144,160,5,5,79,79,89,107,8,8,25,54,54,85,131,160,222,234,256,280,292,304],"floor_reached":33,"playtime":2056,"items_purged":["Strike_R"],"score":600,"play_id":"5e45da12-8ac5-4718-81c0-df9675d2d7ec","local_time":"20190125185308","is_ascension_mode":true,"campfire_choices":[{"data":"Bash","floor":6.0,"key":"SMITH"},{"data":"Carnage","floor":12.0,"key":"SMITH"},{"data":"Combust","floor":15.0,"key":"SMITH"},{"data":"True Grit","floor":24.0,"key":"SMITH"},{"floor":29.0,"key":"REST"},{"data":"Rupture","floor":32.0,"key":"SMITH"}],"neow_cost":"NO_GOLD","seed_source_timestamp":274933044955296,"circlet_count":0,"master_deck":["AscendersBane","Bash+1","Iron Wave","Twin Strike","Carnage+1","Shrug It Off","Feel No Pain","Burning Pact","Combust+1","Feed","Inflame","Exhume","Impervious","Body Slam","Feel No Pain","Battle Trance","Metallicize","Corruption","True Grit+1","Ghostly","Ghostly","Ghostly","Immolate","Spot Weakness","Rupture+1","Uppercut+1"],"special_seed":0,"relics":["Burning Blood","Regal Pillow","Orichalcum","Pandora\u0027s Box","Strawberry","PreservedInsect","MawBank"],"potions_floor_usage":[],"damage_taken":[{"damage":1.0,"enemies":"Small Slimes","floor":1.0,"turns":4.0},{"damage":4.0,"enemies":"2 Louse","floor":4.0,"turns":4.0},{"damage":1.0,"enemies":"Cultist","floor":5.0,"turns":3.0},{"damage":32.0,"enemies":"Gremlin Nob","floor":7.0,"turns":4.0},{"damage":2.0,"enemies":"2 Fungi Beasts","floor":8.0,"turns":3.0},{"damage":13.0,"enemies":"Exordium Wildlife","floor":10.0,"turns":6.0},{"damage":9.0,"enemies":"Red Slaver","floor":11.0,"turns":6.0},{"damage":4.0,"enemies":"Blue Slaver","floor":13.0,"turns":5.0},{"damage":33.0,"enemies":"Slime Boss","floor":16.0,"turns":6.0},{"damage":29.0,"enemies":"Shell Parasite","floor":18.0,"turns":6.0},{"damage":19.0,"enemies":"3 Byrds","floor":19.0,"turns":4.0},{"damage":17.0,"enemies":"Cultist and Chosen","floor":22.0,"turns":8.0},{"damage":6.0,"enemies":"Gremlin Leader","floor":23.0,"turns":8.0},{"damage":20.0,"enemies":"Slavers","floor":25.0,"turns":7.0},{"damage":22.0,"enemies":"3 Cultists","floor":27.0,"turns":6.0},{"damage":12.0,"enemies":"Snake Plant","floor":30.0,"turns":5.0},{"damage":20.0,"enemies":"Cultist and Chosen","floor":31.0,"turns":12.0},{"damage":42,"enemies":"Automaton","floor":33,"turns":6}],"seed_played":"-9221539547880049053","potions_obtained":[{"floor":5.0,"key":"Energy Potion"},{"floor":7.0,"key":"Weak Potion"},{"floor":10.0,"key":"Regen Potion"},{"floor":11.0,"key":"Fire Potion"},{"floor":19.0,"key":"Poison Potion"},{"floor":25.0,"key":"Explosive Potion"},{"floor":30.0,"key":"FearPotion"},{"floor":31.0,"key":"SteroidPotion"}],"is_trial":false,"path_per_floor":["M","?","?","M","M","R","E","M","T","M","M","R","M","$","R","B",null,"M","M","$","?","M","E","R","E","T","M","?","R","M","M","R","B"],"character_chosen":"IRONCLAD","items_purchased":["Combust","Corruption","True Grit"],"campfire_rested":1,"item_purchase_floors":[14,20,20],"current_hp_per_floor":[73,78,78,80,80,80,54,58,58,51,63,63,65,65,65,38,70,50,40,40,40,32,42,42,31,31,18,18,51,48,37,37,0],"gold":304,"neow_bonus":"REMOVE_TWO","is_prod":false,"is_daily":false,"chose_seed":false,"campfire_upgraded":5,"win_rate":0,"timestamp":1548438788,"path_taken":["M","?","?","M","?","R","E","M","T","M","M","R","M","$","R","BOSS","M","M","$","?","M","E","R","E","T","M","?","R","?","M","R","BOSS"],"build_version":"2019-01-23","purchased_purges":1,"victory":false,"max_hp_per_floor":[75,80,80,80,80,80,80,80,80,80,80,80,80,80,80,80,80,83,86,86,43,46,56,56,59,59,62,62,62,65,68,68,68],"card_choices":[{"not_picked":["Heavy Blade","Rage"],"picked":"Iron Wave","floor":1.0},{"not_picked":["Shrug It Off","True Grit"],"picked":"Twin Strike","floor":4.0},{"not_picked":["Thunderclap","Clash","Twin Strike"],"picked":"SKIP","floor":5.0},{"not_picked":["Wild Strike","Burning Pact"],"picked":"Carnage","floor":7.0},{"not_picked":["True Grit","Whirlwind"],"picked":"Shrug It Off","floor":8.0},{"not_picked":["Flex","Body Slam"],"picked":"Feel No Pain","floor":10.0},{"not_picked":["Flex","Sentinel","Ghostly Armor"],"picked":"SKIP","floor":11.0},{"not_picked":["Barricade","Headbutt"],"picked":"Burning Pact","floor":13.0},{"not_picked":["Offering","Impervious"],"picked":"Feed","floor":16.0},{"not_picked":["Flex","Warcry"],"picked":"Battle Trance","floor":18.0},{"not_picked":["Dropkick+1","Second Wind"],"picked":"Metallicize","floor":19.0},{"not_picked":["Havoc","Twin Strike+1"],"picked":"Immolate","floor":22.0},{"not_picked":["Heavy Blade+1","Twin Strike+1"],"picked":"Spot Weakness","floor":23.0},{"not_picked":["Flex","Entrench+1"],"picked":"Rupture","floor":25.0},{"not_picked":["Iron Wave","Perfected Strike"],"picked":"Uppercut+1","floor":27.0},{"not_picked":["Spot Weakness","Thunderclap","Corruption"],"picked":"SKIP","floor":30.0},{"not_picked":["Sever Soul","Perfected Strike","Clash"],"picked":"SKIP","floor":31.0}],"player_experience":1002155,"relics_obtained":[{"floor":7.0,"key":"Regal Pillow"},{"floor":9.0,"key":"Orichalcum"},{"floor":23.0,"key":"Strawberry"},{"floor":25.0,"key":"PreservedInsect"},{"floor":26.0,"key":"MawBank"}],"event_choices":[{"damage_healed":0.0,"max_hp_gain":5.0,"max_hp_loss":0.0,"gold_gain":0.0,"event_name":"Big Fish","player_choice":"Donut","floor":2.0,"gold_loss":0.0,"damage_taken":0.0},{"cards_removed":["Strike_R"],"damage_healed":0.0,"max_hp_gain":0.0,"max_hp_loss":0.0,"gold_gain":0.0,"event_name":"Bonfire Elementals","player_choice":"Offered Basic","floor":3.0,"gold_loss":0.0,"damage_taken":0.0},{"damage_healed":0.0,"max_hp_gain":0.0,"max_hp_loss":43.0,"gold_gain":0.0,"event_name":"Ghosts","player_choice":"Became a Ghost","floor":21.0,"gold_loss":0.0,"damage_taken":0.0,"cards_obtained":["Ghostly","Ghostly","Ghostly"]},{"damage_healed":0.0,"max_hp_gain":0.0,"max_hp_loss":0.0,"gold_gain":50.0,"event_name":"Golden Shrine","player_choice":"Pray","floor":28.0,"gold_loss":0.0,"damage_taken":0.0}],"is_beta":false,"boss_relics":[{"not_picked":["Calling Bell","Busted Crown"],"picked":"Pandora\u0027s Box"}],"items_purged_floors":[14],"is_endless":false,"potions_floor_spawned":[5,7,10,11,19,25,30,31],"killed_by":"Automaton","ascension_level":18}