{"gold_per_floor":[113,288,43,59,74,108,108,133,211,116,116,128,146,156,156,256,256,273,292,292,308,131,151,151,166,193,193,207,232,232,247,247,351,351,370,370,370,383,74,74,100,116,116,130,144,0,14,33,33,33],"floor_reached":51,"playtime":8486,"items_purged":["Doubt","Strike_R","Defend_R"],"score":844,"play_id":"eda7f42e-7dcc-4246-b84d-bf9837586ab6","local_time":"20181219145545","is_ascension_mode":true,"campfire_choices":[{"data":"Bash","floor":7,"key":"SMITH"},{"data":"Pommel Strike","floor":11,"key":"SMITH"},{"data":"Metallicize","floor":15,"key":"SMITH"},{"data":"True Grit","floor":24,"key":"SMITH"},{"data":"Metallicize","floor":27,"key":"SMITH"},{"floor":30,"key":"REST"},{"floor":32,"key":"REST"},{"data":"Spot Weakness","floor":40,"key":"SMITH"},{"floor":49,"key":"REST"}],"neow_cost":"NONE","seed_source_timestamp":43765281082093,"circlet_count":0,"master_deck":["Strike_R","Strike_R","Strike_R","Defend_R","Defend_R","Defend_R","Bash+1","Pommel Strike+1","Flash of Steel","Spot Weakness+1","Cleave","Clothesline","Dual Wield","True Grit+1","Metallicize+1","Sentinel+1","Battle Trance+1","Feed","Ghostly Armor+1","Warcry+1","Pain","Metallicize+1","Inflame","True Grit+1","Sword Boomerang","Shrug It Off+1","Havoc+1","Limit Break+1","Anger+1","Dark Shackles+1","Madness+1","Limit Break+1","Warcry+1","Master of Strategy+1","Twin Strike+1","Heavy Blade+1","Thunderclap+1","Heavy Blade+1","Impervious+1"],"relics":["Burning Blood","Du-Vu Doll","Vajra","Bottled Flame","Toxic Egg 2","Velvet Choker","WarpedTongs","Boot","Peace Pipe","Runic Cube","Unceasing Top","Red Mask"],"potions_floor_usage":[6,8,8,33],"damage_taken":[{"damage":8,"enemies":"2 Louse","floor":1,"turns":3},{"damage":9,"enemies":"Jaw Worm","floor":4,"turns":4},{"damage":1,"enemies":"Cultist","floor":5,"turns":3},{"damage":25,"enemies":"3 Sentries","floor":6,"turns":6},{"damage":18,"enemies":"Gremlin Nob","floor":8,"turns":4},{"damage":10,"enemies":"2 Fungi Beasts","floor":12,"turns":3},{"damage":7,"enemies":"Red Slaver","floor":13,"turns":3},{"damage":5,"enemies":"Blue Slaver","floor":14,"turns":4},{"damage":37,"enemies":"Hexaghost","floor":16,"turns":12},{"damage":1,"enemies":"Chosen","floor":18,"turns":3},{"damage":4,"enemies":"Shell Parasite","floor":19,"turns":4},{"damage":13,"enemies":"Centurion and Healer","floor":21,"turns":4},{"damage":14,"enemies":"3 Cultists","floor":23,"turns":4},{"damage":15,"enemies":"Cultist and Chosen","floor":25,"turns":6},{"damage":17,"enemies":"Snake Plant","floor":28,"turns":3},{"damage":50,"enemies":"Gremlin Leader","floor":29,"turns":7},{"damage":0,"enemies":"Snecko","floor":31,"turns":4},{"damage":57,"enemies":"Collector","floor":33,"turns":8},{"damage":4,"enemies":"3 Shapes","floor":35,"turns":4},{"damage":14,"enemies":"Orb Walker","floor":38,"turns":3},{"damage":43,"enemies":"Nemesis","floor":41,"turns":7},{"damage":9,"enemies":"Spire Growth","floor":42,"turns":4},{"damage":10,"enemies":"3 Darklings","floor":44,"turns":5},{"damage":12,"enemies":"Transient","floor":45,"turns":5},{"damage":3,"enemies":"4 Shapes","floor":47,"turns":5},{"damage":10,"enemies":"Jaw Worm Horde","floor":48,"turns":4},{"damage":56,"enemies":"Donu and Deca","floor":50,"turns":8}],"seed_played":"-5691533798044084363","potions_obtained":[{"floor":1,"key":"Block Potion"},{"floor":4,"key":"Poison Potion"},{"floor":5,"key":"AttackPotion"},{"floor":14,"key":"SpeedPotion"},{"floor":21,"key":"LiquidBronze"},{"floor":25,"key":"Energy Potion"},{"floor":33,"key":"Energy Potion"}],"is_trial":false,"path_per_floor":["M","?","$","M","M","E","R","E","T","?","R","M","M","M","R","B",null,"M","M","?","M","$","M","R","M","T","R","M","E","R","M","R","B",null,"M","?","?","M","$","R","E","M","T","M","M","?","M","M","R","B",null],"character_chosen":"IRONCLAD","items_purchased":["Flash of Steel","Spot Weakness","Inflame","Master of Strategy+1"],"campfire_rested":3,"item_purchase_floors":[3,3,22,39],"current_hp_per_floor":[78,78,78,75,80,61,61,49,49,49,49,45,44,45,45,14,80,83,86,86,79,79,74,74,65,65,65,54,14,41,47,74,23,93,96,91,91,83,83,83,46,43,43,39,33,33,39,35,64,14],"gold":33,"neow_bonus":"REMOVE_CARD","is_prod":false,"is_daily":false,"chose_seed":false,"campfire_upgraded":6,"win_rate":0,"timestamp":1545252945,"path_taken":["M","?","$","M","M","E","R","E","T","?","R","?","M","M","R","BOSS","M","M","?","M","$","M","R","M","T","R","M","E","R","M","R","BOSS","M","?","?","?","$","R","E","M","T","M","M","?","M","M","R","BOSS"],"build_version":"2018-12-13","purchased_purges":3,"victory":true,"max_hp_per_floor":[80,80,80,80,80,80,80,80,80,80,80,80,80,80,80,80,80,83,86,86,86,86,89,89,89,89,89,89,93,93,93,93,93,93,96,96,96,96,96,96,96,96,96,96,96,96,99,99,99,99],"card_choices":[{"not_picked":["Shockwave","True Grit"],"picked":"Pommel Strike","floor":1},{"not_picked":["Clothesline","Infernal Blade"],"picked":"Cleave","floor":4},{"not_picked":["Perfected Strike","Reckless Charge"],"picked":"Clothesline","floor":5},{"not_picked":["Reaper","Iron Wave"],"picked":"Dual Wield","floor":6},{"not_picked":["Sword Boomerang","Burning Pact"],"picked":"True Grit","floor":8},{"not_picked":["Whirlwind","Searing Blow"],"picked":"Metallicize","floor":12},{"not_picked":["Clothesline","Searing Blow"],"picked":"Sentinel+1","floor":13},{"not_picked":["Rampage","Clothesline"],"picked":"Battle Trance+1","floor":14},{"not_picked":["Exhume+1","Bludgeon"],"picked":"Feed","floor":16},{"not_picked":["Pommel Strike","Seeing Red+1"],"picked":"Ghostly Armor+1","floor":18},{"not_picked":["True Grit+1","Perfected Strike"],"picked":"Warcry+1","floor":19},{"not_picked":["Sever Soul+1","Cleave+1"],"picked":"Metallicize","floor":21},{"not_picked":["Immolate","Iron Wave"],"picked":"True Grit+1","floor":23},{"not_picked":["Flex+1","Blood for Blood","Clothesline+1"],"picked":"SKIP","floor":25},{"not_picked":["Brutality","Perfected Strike"],"picked":"Sword Boomerang","floor":28},{"not_picked":["Exhume+1","Body Slam"],"picked":"Shrug It Off+1","floor":29},{"not_picked":["Perfected Strike","True Grit+1"],"picked":"Havoc+1","floor":31},{"not_picked":["Demon Form","Feed"],"picked":"Limit Break+1","floor":33},{"not_picked":["Spot Weakness+1","Reckless Charge"],"picked":"Anger+1","floor":35},{"not_picked":["Good Instincts+1","Transmutation+1"],"picked":"Dark Shackles+1","floor":36},{"not_picked":["Flash of Steel","PanicButton+1"],"picked":"Madness+1","floor":36},{"not_picked":["Shockwave+1","Wild Strike+1"],"picked":"Warcry+1","floor":38},{"not_picked":["Armaments+1","Shockwave+1"],"picked":"Twin Strike+1","floor":42},{"not_picked":["Hemokinesis","Clothesline"],"picked":"Heavy Blade+1","floor":44},{"not_picked":["Body Slam","Second Wind+1"],"picked":"Thunderclap+1","floor":45},{"not_picked":["Cleave","Rampage+1"],"picked":"Heavy Blade+1","floor":47},{"not_picked":["Cleave+1","Sword Boomerang"],"picked":"Impervious+1","floor":48}],"player_experience":255401,"relics_obtained":[{"floor":6,"key":"Du-Vu Doll"},{"floor":8,"key":"Vajra"},{"floor":9,"key":"Bottled Flame"},{"floor":26,"key":"Boot"},{"floor":29,"key":"Peace Pipe"},{"floor":41,"key":"Unceasing Top"}],"event_choices":[{"damage_healed":0,"gold_gain":175,"player_choice":"AGREE","damage_taken":0,"max_hp_gain":0,"max_hp_loss":0,"event_name":"Liars Game","floor":2,"gold_loss":0,"cards_obtained":["Doubt"]},{"damage_healed":0,"gold_gain":0,"player_choice":"Paid Gold","damage_taken":0,"relics_obtained":["Toxic Egg 2"],"max_hp_gain":0,"max_hp_loss":0,"event_name":"WeMeetAgain","floor":10,"gold_loss":95},{"damage_healed":0,"gold_gain":0,"player_choice":"Rummage","damage_taken":0,"relics_obtained":["WarpedTongs"],"max_hp_gain":0,"max_hp_loss":0,"event_name":"Accursed Blacksmith","floor":20,"gold_loss":0,"cards_obtained":["Pain"]},{"damage_healed":0,"gold_gain":0,"player_choice":"Memory 2","damage_taken":5,"max_hp_gain":0,"max_hp_loss":0,"event_name":"SensoryStone","floor":36,"gold_loss":0},{"damage_healed":0,"gold_gain":0,"player_choice":"Copied","damage_taken":0,"max_hp_gain":0,"max_hp_loss":0,"event_name":"Duplicator","floor":37,"gold_loss":0,"cards_obtained":["Limit Break"]},{"damage_healed":0,"gold_gain":0,"player_choice":"Paid","damage_taken":0,"relics_obtained":["Red Mask"],"max_hp_gain":0,"max_hp_loss":0,"event_name":"Tomb of Lord Red Mask","floor":46,"gold_loss":144}],"is_beta":false,"boss_relics":[{"not_picked":["White Beast Statue","Mark of Pain"],"picked":"Velvet Choker"},{"not_picked":["Astrolabe","Snecko Eye"],"picked":"Runic Cube"}],"items_purged_floors":[3,22,39],"is_endless":false,"potions_floor_spawned":[1,4,5,14,21,25,29,33,35,38,42,47],"ascension_level":3}