{"gold_per_floor":[110,127,145,145,158,158,192,192,271,271,306,306,306,317,317,396,396,411,427,477,63,63,98,98,116,116,129,129,154,154,167,167,238,238,256,31,31,48,63,96,96,113,113,113,131,31,0,19,19,19],"floor_reached":51,"playtime":4557,"items_purged":["Strike_G"],"score":1229,"play_id":"4d5e7040-3d34-43d2-b7e9-56de7ea3c329","local_time":"20190114173053","is_ascension_mode":true,"campfire_choices":[{"data":"Neutralize","floor":6.0,"key":"SMITH"},{"data":"Footwork","floor":8.0,"key":"SMITH"},{"floor":10.0,"key":"REST"},{"data":"Sucker Punch","floor":12.0,"key":"SMITH"},{"floor":15.0,"key":"REST"},{"data":"Night Terror","floor":24.0,"key":"SMITH"},{"data":"Regret","floor":28.0,"key":"PURGE"},{"floor":30.0,"key":"REST"},{"floor":32.0,"key":"REST"},{"floor":41.0,"key":"REST"},{"data":"Parasite","floor":44.0,"key":"PURGE"},{"floor":49,"key":"REST"}],"neow_cost":"NONE","seed_source_timestamp":338425581658748,"circlet_count":0,"master_deck":["AscendersBane","Defend_G","Defend_G","Defend_G","Defend_G","Defend_G","Survivor","Neutralize+1","Sucker Punch+1","Quick Slash","Riddle With Holes","Footwork+1","Dodge and Roll","Caltrops","Night Terror+1","Cloak And Dagger+1","Deadly Poison","Caltrops+1","Adrenaline","Escape Plan","Envenom","Glass Knife+1","Footwork+1","After Image+1","Flechettes+1","Catalyst","Finisher","Calculated Gamble","Madness","Madness","Well Laid Plans","Noxious Fumes+1"],"special_seed":0,"relics":["Ring of the Snake","Peace Pipe","Bag of Preparation","Letter Opener","StoneCalendar","Ginger","Cursed Key","ClockworkSouvenir","Happy Flower","Bronze Scales","Kunai","Unceasing Top","Astrolabe","Paper Crane","Frozen Egg 2","Red Mask"],"potions_floor_usage":[48,48],"damage_taken":[{"damage":2.0,"enemies":"Cultist","floor":1.0,"turns":7.0},{"damage":0.0,"enemies":"Small Slimes","floor":2.0,"turns":7.0},{"damage":2.0,"enemies":"Jaw Worm","floor":3.0,"turns":7.0},{"damage":20.0,"enemies":"Large Slime","floor":5.0,"turns":11.0},{"damage":24.0,"enemies":"Gremlin Nob","floor":7.0,"turns":4.0},{"damage":19.0,"enemies":"3 Sentries","floor":11.0,"turns":13.0},{"damage":0.0,"enemies":"2 Fungi Beasts","floor":14.0,"turns":5.0},{"damage":21.0,"enemies":"Slime Boss","floor":16.0,"turns":9.0},{"damage":3.0,"enemies":"Shell Parasite","floor":18.0,"turns":7.0},{"damage":0.0,"enemies":"3 Byrds","floor":19.0,"turns":4.0},{"damage":19.0,"enemies":"Book of Stabbing","floor":23.0,"turns":7.0},{"damage":11.0,"enemies":"Snake Plant","floor":25.0,"turns":3.0},{"damage":4.0,"enemies":"Centurion and Healer","floor":27.0,"turns":7.0},{"damage":29.0,"enemies":"Slavers","floor":29.0,"turns":5.0},{"damage":0.0,"enemies":"Snecko","floor":31.0,"turns":5.0},{"damage":35.0,"enemies":"Automaton","floor":33.0,"turns":13.0},{"damage":7.0,"enemies":"3 Shapes","floor":35.0,"turns":7.0},{"damage":8.0,"enemies":"3 Darklings","floor":38.0,"turns":6.0},{"damage":18.0,"enemies":"Spire Growth","floor":39.0,"turns":6.0},{"damage":0.0,"enemies":"Giant Head","floor":40.0,"turns":9.0},{"damage":1.0,"enemies":"4 Shapes","floor":42.0,"turns":7.0},{"damage":8.0,"enemies":"Jaw Worm Horde","floor":45.0,"turns":5.0},{"damage":0,"enemies":"Transient","floor":48,"turns":5},{"damage":23,"enemies":"Donu and Deca","floor":50,"turns":11}],"seed_played":"461736660069681539","potions_obtained":[{"floor":2.0,"key":"Explosive Potion"},{"floor":3.0,"key":"FairyPotion"},{"floor":5.0,"key":"SmokeBomb"},{"floor":11.0,"key":"LiquidBronze"},{"floor":19.0,"key":"Regen Potion"},{"floor":23.0,"key":"LiquidBronze"},{"floor":29.0,"key":"AttackPotion"},{"floor":35.0,"key":"FearPotion"},{"floor":39.0,"key":"Fire Potion"},{"floor":40.0,"key":"PowerPotion"}],"is_trial":false,"path_per_floor":["M","M","M","T","M","R","E","R","T","R","E","R","?","M","R","B",null,"M","M","?","$","?","E","R","M","T","M","R","E","R","M","R","B",null,"M","$","?","M","M","E","R","M","T","R","M","$","?","M","R","B",null],"character_chosen":"THE_SILENT","items_purchased":["ClockworkSouvenir","Happy Flower","Catalyst","Finisher","Calculated Gamble","PowerPotion","PowerPotion"],"campfire_rested":6,"item_purchase_floors":[21,21,36,36,36,46,46],"current_hp_per_floor":[57,57,55,55,35,35,11,11,11,30,11,11,11,11,30,9,52,49,49,49,49,49,45,45,34,34,30,30,1,20,20,39,4,51,44,44,32,24,6,6,25,24,24,24,16,16,16,16,34,11],"gold":19,"neow_bonus":"REMOVE_CARD","is_prod":false,"is_daily":false,"chose_seed":false,"campfire_upgraded":4,"win_rate":0,"timestamp":1547483453,"path_taken":["M","M","M","?","?","R","E","R","T","R","E","R","?","?","R","BOSS","M","M","?","?","?","E","R","M","T","M","R","E","R","M","R","BOSS","M","$","?","M","M","E","R","M","T","R","M","$","?","M","R","BOSS"],"build_version":"2019-01-10","purchased_purges":1,"victory":true,"max_hp_per_floor":[66,66,66,66,66,66,66,66,66,66,66,66,66,66,66,66,66,66,66,66,66,66,66,66,66,66,66,66,66,66,66,66,66,66,66,66,66,66,66,66,66,66,66,63,63,63,63,63,63,63],"card_choices":[{"not_picked":["Accuracy","Acrobatics"],"picked":"Sucker Punch","floor":1.0},{"not_picked":["Choke","Dodge and Roll"],"picked":"Quick Slash","floor":2.0},{"not_picked":["Cloak And Dagger","Prepared","Masterful Stab"],"picked":"SKIP","floor":3.0},{"not_picked":["Outmaneuver","Infinite Blades"],"picked":"Riddle With Holes","floor":5.0},{"not_picked":["Dash","Unload"],"picked":"Footwork","floor":7.0},{"not_picked":["Bane","Underhanded Strike"],"picked":"Dodge and Roll","floor":11.0},{"not_picked":["Sucker Punch","Deadly Poison"],"picked":"Caltrops","floor":14.0},{"not_picked":["Unload","Die Die Die"],"picked":"Night Terror","floor":16.0},{"not_picked":["Riddle With Holes","Slice"],"picked":"Cloak And Dagger+1","floor":18.0},{"not_picked":["Dagger Throw","Flying Knee"],"picked":"Deadly Poison","floor":19.0},{"not_picked":["Cloak And Dagger","Bane"],"picked":"Caltrops+1","floor":23.0},{"not_picked":["Dagger Spray","All Out Attack"],"picked":"Adrenaline","floor":25.0},{"not_picked":["Distraction","Prepared","Reflex"],"picked":"SKIP","floor":27.0},{"not_picked":["All Out Attack","Riddle With Holes+1","Prepared"],"picked":"SKIP","floor":29.0},{"not_picked":["Deadly Poison","Dagger Throw"],"picked":"Escape Plan","floor":31.0},{"not_picked":["Corpse Explosion","Grand Finale"],"picked":"Envenom","floor":33.0},{"not_picked":["Riddle With Holes+1","Acrobatics+1"],"picked":"Flechettes+1","floor":35.0},{"not_picked":["Caltrops+1","Slice"],"picked":"Well Laid Plans","floor":38.0},{"not_picked":["Accuracy","Sucker Punch+1","Poisoned Stab+1"],"picked":"SKIP","floor":39.0},{"not_picked":["Masterful Stab","Skewer","Prepared"],"picked":"SKIP","floor":40.0},{"not_picked":["Quick Slash+1","Blade Dance"],"picked":"Noxious Fumes+1","floor":42.0},{"not_picked":["Blade Dance","Slice+1","Prepared"],"picked":"SKIP","floor":45.0},{"not_picked":["Poisoned Stab+1","Terror","Acrobatics+1"],"picked":"SKIP","floor":48}],"player_experience":867643,"relics_obtained":[{"floor":4.0,"key":"Peace Pipe"},{"floor":7.0,"key":"Bag of Preparation"},{"floor":9.0,"key":"Letter Opener"},{"floor":11.0,"key":"StoneCalendar"},{"floor":23.0,"key":"Bronze Scales"},{"floor":26.0,"key":"Kunai"},{"floor":29.0,"key":"Unceasing Top"},{"floor":40.0,"key":"Paper Crane"},{"floor":43.0,"key":"Frozen Egg 2"}],"event_choices":[{"damage_healed":0.0,"max_hp_gain":0.0,"max_hp_loss":0.0,"gold_gain":0.0,"event_name":"WeMeetAgain","player_choice":"Gave Potion","floor":13.0,"gold_loss":0.0,"damage_taken":0.0,"relics_obtained":["Ginger"]},{"damage_healed":0.0,"max_hp_gain":0.0,"max_hp_loss":0.0,"gold_gain":50.0,"event_name":"Nest","player_choice":"Stole From Cult","floor":20.0,"gold_loss":0.0,"damage_taken":0.0},{"damage_healed":0.0,"max_hp_gain":0.0,"max_hp_loss":0.0,"gold_gain":0.0,"event_name":"Ghosts","player_choice":"Ignored","floor":22.0,"gold_loss":0.0,"damage_taken":0.0},{"damage_healed":0.0,"max_hp_gain":0.0,"max_hp_loss":0.0,"gold_gain":0.0,"event_name":"Winding Halls","player_choice":"Embrace Madness","floor":37.0,"gold_loss":0.0,"damage_taken":12.0,"cards_obtained":["Madness","Madness"]},{"damage_healed":0.0,"max_hp_gain":0.0,"max_hp_loss":0.0,"gold_gain":0.0,"event_name":"Tomb of Lord Red Mask","player_choice":"Paid","floor":47.0,"gold_loss":31.0,"damage_taken":0.0,"relics_obtained":["Red Mask"]}],"is_beta":false,"boss_relics":[{"not_picked":["HoveringKite","Ectoplasm"],"picked":"Cursed Key"},{"not_picked":["WristBlade","Coffee Dripper"],"picked":"Astrolabe"}],"items_purged_floors":[21],"is_endless":false,"potions_floor_spawned":[2,3,5,11,19,23,29,35,39,40],"ascension_level":15}