{"gold_per_floor":[119,137,157,232,121,121,151,151,151,151,168,203,203,220,220,220],"floor_reached":16,"playtime":1011,"items_purged":["Regret"],"score":100,"play_id":"d2a40692-9526-4be0-9b49-a3bfdcc67216","local_time":"20181108173313","is_ascension_mode":false,"campfire_choices":[{"data":"Neutralize","floor":6,"key":"SMITH"},{"data":"Footwork","floor":8,"key":"SMITH"},{"data":"Discovery","floor":13,"key":"SMITH"},{"data":"Cloak And Dagger","floor":15,"key":"SMITH"}],"neow_cost":"CURSE","seed_source_timestamp":169234856016767,"circlet_count":0,"master_deck":["Defend_G","Defend_G","Defend_G","Defend_G","Defend_G","Strike_G","Strike_G","Strike_G","Strike_G","Survivor","Neutralize+1","Discovery+1","Flash of Steel","Cloak And Dagger+1","Backflip","Quick Slash","Footwork+1","Dagger Spray","Blur","Die Die Die"],"relics":["Ring of the Snake","Tiny Chest","Gremlin Horn","Strawberry"],"potions_floor_usage":[16,16],"damage_taken":[{"damage":2,"enemies":"Small Slimes","floor":1,"turns":3},{"damage":5,"enemies":"2 Louse","floor":2,"turns":4},{"damage":2,"enemies":"Jaw Worm","floor":3,"turns":4},{"damage":0,"enemies":"Exordium Wildlife","floor":11,"turns":6},{"damage":13,"enemies":"Gremlin Nob","floor":12,"turns":4},{"damage":0,"enemies":"3 Louse","floor":14,"turns":3},{"damage":28,"enemies":"Hexaghost","floor":16,"turns":18}],"seed_played":"1388651194081600674","potions_obtained":[{"floor":2,"key":"AttackPotion"},{"floor":12,"key":"GamblersBrew"}],"is_trial":false,"path_per_floor":["M","M","M","?","$","R","?","R","T","?","M","E","R","M","R","B"],"character_chosen":"THE_SILENT","items_purchased":["Footwork"],"campfire_rested":0,"item_purchase_floors":[5],"current_hp_per_floor":[68,63,61,50,50,50,38,38,38,31,31,25,25,25,25,0],"gold":220,"neow_bonus":"RANDOM_COLORLESS_2","is_prod":false,"is_daily":false,"chose_seed":false,"campfire_upgraded":4,"win_rate":0,"timestamp":1541694793,"path_taken":["M","M","M","?","$","R","?","R","T","?","M","E","R","M","R","BOSS"],"build_version":"2018-11-01","purchased_purges":1,"victory":false,"max_hp_per_floor":[70,70,70,70,70,70,70,70,70,70,70,77,77,77,77,77],"card_choices":[{"not_picked":["Riddle With Holes","Dagger Throw"],"picked":"Cloak And Dagger","floor":1},{"not_picked":["PiercingWail","Acrobatics"],"picked":"Backflip","floor":2},{"not_picked":["Sucker Punch","Blur"],"picked":"Quick Slash","floor":3},{"not_picked":["Outmaneuver","Tactician"],"picked":"Dagger Spray","floor":11},{"not_picked":["Quick Slash","Well Laid Plans"],"picked":"Blur","floor":12},{"not_picked":["Dodge and Roll","Underhanded Strike"],"picked":"Die Die Die","floor":14}],"player_experience":470688,"relics_obtained":[{"floor":9,"key":"Gremlin Horn"},{"floor":12,"key":"Strawberry"}],"event_choices":[{"damage_healed":0,"gold_gain":75,"player_choice":"Gather Gold","damage_taken":11,"max_hp_gain":0,"max_hp_loss":0,"event_name":"World of Goop","floor":4,"gold_loss":0},{"damage_healed":0,"gold_gain":0,"player_choice":"Success","damage_taken":12,"relics_obtained":["Tiny Chest"],"max_hp_gain":0,"max_hp_loss":0,"event_name":"Scrap Ooze","floor":7,"gold_loss":0},{"cards_removed":["Strike_G"],"damage_healed":0,"gold_gain":0,"player_choice":"Card Removal","damage_taken":7,"max_hp_gain":0,"max_hp_loss":0,"event_name":"Golden Wing","floor":10,"gold_loss":0}],"is_beta":false,"boss_relics":[],"items_purged_floors":[5],"is_endless":false,"potions_floor_spawned":[2,12],"killed_by":"Hexaghost","ascension_level":0}