{"path_per_floor":["M","M","M","M","M","R","M","R","T","$","E","M","R","M","R","B",null,"M","$","?","M","?","R","M","?","T","R","?","R","$","M","R","B",null,"M","$","?","?","$","R","M","E","T","R","M","M","M"],"character_chosen":"THE_SILENT","items_purchased":["Outmaneuver","Backflip","Well Laid Plans","Poisoned Stab"],"gold_per_floor":[119,136,154,167,181,181,200,200,200,73,98,117,117,128,128,224,224,235,38,38,52,52,52,63,63,63,63,63,63,16,29,29,130,130,147,22,0,0,0,0,11,67,67,67,80,100,118],"floor_reached":48,"campfire_rested":6,"playtime":4445,"current_hp_per_floor":[70,65,63,49,47,68,68,68,68,68,54,48,48,33,54,21,70,55,55,55,48,48,48,30,30,30,51,51,70,70,57,70,33,70,53,53,53,80,80,80,52,18,18,42,9,9,1],"items_purged":["Defend_G","Strike_G","Strike_G"],"gold":118,"score":435,"play_id":"89b107a5-5754-47d8-9b69-36ffb1098b9d","local_time":"20180303152902","is_prod":false,"is_daily":false,"is_ascension_mode":true,"campfire_upgraded":4,"timestamp":1520090942,"path_taken":["M","M","?","M","M","R","M","R","T","$","E","M","R","M","R","BOSS","M","$","?","?","?","R","M","?","T","R","?","R","?","M","R","BOSS","M","$","?","?","$","R","?","E","T","R","M","M","?","?"],"build_version":"2018-03-01-PROD1","purchased_purges":3,"victory":false,"master_deck":["Defend_G","Defend_G","Defend_G","Strike_G","Strike_G","Survivor","Neutralize","Wraith Form+1","Deadly Poison+1","Sucker Punch","Noxious Fumes+1","Dagger Throw","Heel Hook","Outmaneuver","Bane","PiercingWail+1","Dodge and Roll+1","Backflip+1","Well Laid Plans","Noxious Fumes+1","Dash+1","Poisoned Stab","Bullet Time+1","Sucker Punch+1","Backflip+1","Deadly Poison+1","Footwork+1","Flechettes+1"],"max_hp_per_floor":[70,70,70,70,70,70,70,70,70,70,70,70,70,70,70,70,70,70,70,70,70,70,70,70,70,70,70,70,70,70,70,70,70,70,70,70,70,80,80,80,80,80,80,80,80,80,80],"relics":["Ring of the Snake","Dead Branch","Toxic Egg 2","Sozu","Frozen Eye","The Specimen","Red Mask","Tiny Chest","Torii"],"card_choices":[{"not_picked":["Outmaneuver","Prepared"],"picked":"Wraith Form"},{"not_picked":["Poisoned Stab","Underhanded Strike"],"picked":"Deadly Poison"},{"not_picked":["Caltrops","Finisher"],"picked":"Sucker Punch"},{"not_picked":["Cloak And Dagger","Prepared"],"picked":"Noxious Fumes"},{"not_picked":["Blade Dance","Sucker Punch"],"picked":"Dagger Throw"},{"not_picked":["Quick Slash","Acrobatics"],"picked":"Heel Hook"},{"not_picked":["Cloak And Dagger","Choke"],"picked":"Bane"},{"not_picked":["Slice","Prepared"],"picked":"PiercingWail"},{"not_picked":["Deflect","Heel Hook"],"picked":"Dodge and Roll"},{"not_picked":["Backflip","Underhanded Strike"],"picked":"Noxious Fumes"},{"not_picked":["Underhanded Strike","Prepared"],"picked":"Dash"},{"not_picked":["Prepared","Flying Knee"],"picked":"Bullet Time"},{"not_picked":["Adrenaline","Doppelganger"],"picked":"Phantasmal Killer"},{"not_picked":["Flying Knee","Cloak And Dagger"],"picked":"Sucker Punch"},{"not_picked":["Poisoned Stab","Prepared"],"picked":"Backflip"},{"not_picked":["Tactician","Quick Slash"],"picked":"Deadly Poison"},{"not_picked":["Calculated Gamble","Acrobatics"],"picked":"Footwork"},{"not_picked":["Endless Agony","Dagger Throw"],"picked":"Flechettes"}],"player_experience":109594,"potions_floor_usage":[7,11,11,16],"damage_taken":[{"damage":0,"enemies":"Cultist","floor":1,"turns":5},{"damage":5,"enemies":"Jaw Worm","floor":2,"turns":6},{"damage":2,"enemies":"Small Slimes","floor":3,"turns":6},{"damage":14,"enemies":"Red Slaver","floor":4,"turns":5},{"damage":2,"enemies":"2 Fungi Beasts","floor":5,"turns":4},{"damage":0,"enemies":"Exordium Thugs","floor":7,"turns":6},{"damage":14,"enemies":"Gremlin Nob","floor":11,"turns":5},{"damage":6,"enemies":"Large Slime","floor":12,"turns":5},{"damage":15,"enemies":"Gremlin Gang","floor":14,"turns":4},{"damage":33,"enemies":"Slime Boss","floor":16,"turns":10},{"damage":15,"enemies":"2 Thieves","floor":18,"turns":4},{"damage":7,"enemies":"Shell Parasite","floor":21,"turns":6},{"damage":18,"enemies":"Snecko","floor":24,"turns":5},{"damage":13,"enemies":"Cultist and Chosen","floor":31,"turns":7},{"damage":37,"enemies":"Automaton","floor":33,"turns":10},{"damage":17,"enemies":"Orb Walker","floor":35,"turns":4},{"damage":28,"enemies":"3 Darklings","floor":41,"turns":6},{"damage":34,"enemies":"Giant Head","floor":42,"turns":9},{"damage":33,"enemies":"Sphere and 2 Shapes","floor":45,"turns":5},{"damage":0,"enemies":"4 Shapes","floor":46,"turns":5},{"damage":8,"enemies":"Maw","floor":47,"turns":8},{"damage":1,"enemies":"Sphere and 2 Shapes","floor":48,"turns":3}],"event_choices":[{"event_name":"Beggar","player_choice":"Ignored","floor":20,"damage_taken":0},{"event_name":"The Lab","player_choice":"Got Potions","floor":22,"damage_taken":0},{"event_name":"Drug Dealer","player_choice":"Ignored","floor":25,"damage_taken":0},{"event_name":"Purifier","player_choice":"One Purge","floor":28,"damage_taken":0},{"event_name":"Tomb of Lord Red Mask","player_choice":"Paid","floor":37,"damage_taken":0},{"event_name":"Bonfire Elementals","player_choice":"RARE","floor":38,"damage_taken":0}],"boss_relics":[{"not_picked":["Eternal Feather","Orrery"],"picked":"Sozu"},{"not_picked":["Black Star","Runic Dome"],"picked":"The Specimen"}],"potions_floor_spawned":[3,4,5,12,18,24,31,35,41,46],"seed_played":"-424984447584154640","killed_by":"Sphere and 2 Shapes","ascension_level":1,"is_trial":false}