{"gold_per_floor":[113,128,78,89,89,89,100,135,135,149,479,490,490,490,490,588,588,604,619,719,729,742,742,757,757,784,31,43,55,55,68,68,165,165,179,0,17,27,27,56,56,89,89,89,21,21,21,36,36,36],"floor_reached":50,"playtime":5296,"items_purged":["Strike_B"],"score":581,"play_id":"f4cc422e-57e6-469c-aee6-4d90549080da","local_time":"20190202185407","is_ascension_mode":false,"campfire_choices":[{"floor":13,"key":"REST"},{"data":"Loop","floor":15,"key":"SMITH"},{"floor":23,"key":"REST"},{"floor":25,"key":"REST"},{"floor":30,"key":"REST"},{"data":"Storm","floor":32,"key":"SMITH"},{"data":"Amplify","floor":41,"key":"SMITH"},{"floor":44,"key":"REST"},{"data":"Storm","floor":47,"key":"SMITH"},{"data":"Electrodynamics","floor":49,"key":"SMITH"}],"neow_cost":"NONE","seed_source_timestamp":10718949584927,"circlet_count":0,"master_deck":["Defend_B","Defend_B+1","Defend_B","Defend_B","Zap","Dualcast","Loop+1","White Noise","Melter","Tempest+1","Defragment","Conserve Battery","Machine Learning","Lockon","Storm+1","Buffer","Genetic Algorithm","Conserve Battery","Self Repair","Hello World","Rip and Tear","Conserve Battery+1","Electrodynamics+1","Tempest+1","Conserve Battery+1","Conserve Battery+1","Seek","Beam Cell","Defragment","Hello World+1","Redo+1","Amplify+1","Tempest","Storm+1","Dark Shackles","Doom and Gloom"],"relics":["Cracked Core","Letter Opener","Mummified Hand","Pear","Old Coin","Empty Cage","Bronze Scales","Chemical X","War Paint","Pantograph","Orrery","Red Mask","Strawberry","Pocketwatch","Bottled Tornado"],"potions_floor_usage":[],"damage_taken":[{"damage":1,"enemies":"Cultist","floor":1,"turns":3},{"damage":5,"enemies":"Small Slimes","floor":2,"turns":3},{"damage":6,"enemies":"Jaw Worm","floor":4,"turns":3},{"damage":14,"enemies":"Blue Slaver","floor":7,"turns":3},{"damage":11,"enemies":"Gremlin Nob","floor":8,"turns":4},{"damage":0,"enemies":"Large Slime","floor":10,"turns":4},{"damage":6,"enemies":"2 Fungi Beasts","floor":12,"turns":2},{"damage":1,"enemies":"Slime Boss","floor":16,"turns":5},{"damage":0,"enemies":"Chosen","floor":18,"turns":3},{"damage":9,"enemies":"Shell Parasite","floor":19,"turns":4},{"damage":28,"enemies":"Shelled Parasite and Fungi","floor":21,"turns":5},{"damage":6,"enemies":"Centurion and Healer","floor":22,"turns":7},{"damage":35,"enemies":"Snake Plant","floor":24,"turns":5},{"damage":0,"enemies":"Snecko","floor":28,"turns":3},{"damage":14,"enemies":"Centurion and Healer","floor":29,"turns":4},{"damage":21,"enemies":"Snake Plant","floor":31,"turns":2},{"damage":36,"enemies":"Champ","floor":33,"turns":8},{"damage":0,"enemies":"Orb Walker","floor":35,"turns":3},{"damage":0,"enemies":"3 Darklings","floor":37,"turns":2},{"damage":0,"enemies":"Spire Growth","floor":38,"turns":4},{"damage":26,"enemies":"Giant Head","floor":40,"turns":8},{"damage":15,"enemies":"Nemesis","floor":42,"turns":5},{"damage":0,"enemies":"4 Shapes","floor":48,"turns":1},{"damage":109,"enemies":"Awakened One","floor":50,"turns":8}],"seed_played":"2390883237282248904","potions_obtained":[{"floor":2,"key":"Strength Potion"},{"floor":8,"key":"SneckoOil"},{"floor":10,"key":"SteroidPotion"},{"floor":16,"key":"LiquidBronze"},{"floor":19,"key":"Fire Potion"},{"floor":22,"key":"Block Potion"},{"floor":29,"key":"Energy Potion"}],"is_trial":false,"path_per_floor":["M","M","?","M","T","?","M","E","T","M","?","M","R","?","R","B",null,"M","M","?","M","M","R","M","R","T","$","M","M","R","M","R","B",null,"M","?","M","M","?","E","R","E","T","R","$","?","R","M","R","B"],"character_chosen":"DEFECT","items_purchased":["Chemical X","War Paint","Pantograph","Self Repair","Storm"],"campfire_rested":5,"item_purchase_floors":[27,27,27,27,45],"current_hp_per_floor":[81,76,76,70,70,75,61,50,60,60,60,54,83,83,83,82,97,97,88,88,60,54,83,48,77,77,77,77,70,97,83,83,68,97,97,97,97,97,97,85,85,77,77,104,104,104,104,104,104,0],"gold":36,"neow_bonus":"TEN_PERCENT_HP_BONUS","is_prod":false,"is_daily":false,"chose_seed":false,"campfire_upgraded":5,"win_rate":0.0,"timestamp":1549155247,"path_taken":["M","?","?","M","?","?","M","E","T","M","?","M","R","?","R","BOSS","M","M","?","M","M","R","M","R","T","$","?","M","R","?","R","BOSS","M","?","M","M","?","E","R","E","T","R","?","?","R","M","R","BOSS"],"build_version":"2019-01-23","purchased_purges":1,"victory":false,"max_hp_per_floor":[82,82,82,82,82,87,87,87,97,97,97,97,97,97,97,97,97,97,97,97,97,97,97,97,97,97,97,97,97,97,97,97,97,97,97,97,97,97,97,104,104,104,104,104,104,104,104,104,104,104],"card_choices":[{"not_picked":["Sweeping Beam","Go for the Eyes"],"picked":"Ball Lightning","floor":1},{"not_picked":["Barrage","BootSequence"],"picked":"Loop","floor":2},{"not_picked":["Steam","Sweeping Beam"],"picked":"White Noise","floor":4},{"not_picked":["Steam","Reprogram"],"picked":"Melter","floor":7},{"not_picked":["Leap","Hologram"],"picked":"Tempest","floor":8},{"not_picked":["Doom and Gloom","Cold Snap"],"picked":"Defragment","floor":10},{"not_picked":["Melter","Stack"],"picked":"Conserve Battery","floor":12},{"not_picked":["Fission","Seek"],"picked":"Machine Learning","floor":16},{"not_picked":["Conserve Battery","Compile Driver"],"picked":"Lockon","floor":18},{"not_picked":["Go for the Eyes+1","Sweeping Beam"],"picked":"Storm","floor":19},{"not_picked":["Stack","Gash"],"picked":"Buffer","floor":21},{"not_picked":["Streamline","Doom and Gloom"],"picked":"Genetic Algorithm","floor":22},{"not_picked":["Go for the Eyes","Coolheaded"],"picked":"Conserve Battery","floor":24},{"not_picked":["Hologram","Rip and Tear"],"picked":"Hello World","floor":28},{"not_picked":["Gash+1","Hologram"],"picked":"Rip and Tear","floor":29},{"not_picked":["Reinforced Body","Beam Cell"],"picked":"Conserve Battery+1","floor":31},{"not_picked":["Fission","All For One"],"picked":"Electrodynamics","floor":33},{"not_picked":["Compile Driver","Sweeping Beam"],"picked":"Tempest+1","floor":34},{"not_picked":["Steam","Go for the Eyes"],"picked":"Conserve Battery+1","floor":34},{"not_picked":["Chaos","Hologram"],"picked":"Conserve Battery+1","floor":34},{"not_picked":["Steam","Sweeping Beam"],"picked":"Seek","floor":34},{"not_picked":["Go for the Eyes","Gash"],"picked":"Beam Cell","floor":34},{"not_picked":["Consume","Glacier"],"picked":"Defragment","floor":35},{"not_picked":["Compile Driver+1","Leap+1"],"picked":"Hello World+1","floor":37},{"not_picked":["Stack+1","Cold Snap+1"],"picked":"Redo+1","floor":38},{"not_picked":["Rainbow","Conserve Battery"],"picked":"Amplify","floor":40},{"not_picked":["Gash+1","Consume+1"],"picked":"Tempest","floor":42},{"not_picked":["Good Instincts","Swift Strike"],"picked":"Dark Shackles","floor":46},{"not_picked":["Hologram+1","Ball Lightning+1"],"picked":"Doom and Gloom","floor":48}],"player_experience":9913,"relics_obtained":[{"floor":5,"key":"Letter Opener"},{"floor":8,"key":"Mummified Hand"},{"floor":9,"key":"Pear"},{"floor":26,"key":"Bronze Scales"},{"floor":40,"key":"Strawberry"},{"floor":42,"key":"Pocketwatch"},{"floor":43,"key":"Bottled Tornado"}],"event_choices":[{"cards_removed":["Strike_B"],"damage_healed":0,"gold_gain":0,"player_choice":"Card Removal","damage_taken":0,"max_hp_gain":0,"max_hp_loss":0,"event_name":"The Cleric","floor":3,"gold_loss":50},{"damage_healed":0,"gold_gain":0,"player_choice":"Donut","damage_taken":0,"max_hp_gain":5,"max_hp_loss":0,"event_name":"Big Fish","floor":6,"gold_loss":0},{"damage_healed":0,"gold_gain":30,"player_choice":"Searched \u00273\u0027 times","damage_taken":0,"relics_obtained":["Old Coin"],"max_hp_gain":0,"max_hp_loss":0,"event_name":"Dead Adventurer","floor":11,"gold_loss":0},{"damage_healed":0,"gold_gain":0,"player_choice":"Ignored","damage_taken":0,"max_hp_gain":0,"max_hp_loss":0,"event_name":"Liars Game","floor":14,"gold_loss":0},{"damage_healed":0,"gold_gain":100,"player_choice":"Pray","damage_taken":0,"max_hp_gain":0,"max_hp_loss":0,"event_name":"Golden Shrine","floor":20,"gold_loss":0},{"damage_healed":0,"gold_gain":0,"player_choice":"Paid","damage_taken":0,"relics_obtained":["Red Mask"],"max_hp_gain":0,"max_hp_loss":0,"event_name":"Tomb of Lord Red Mask","floor":36,"gold_loss":179},{"cards_removed":["Ball Lightning"],"damage_healed":0,"gold_gain":0,"player_choice":"Removed Attack","damage_taken":0,"max_hp_gain":0,"max_hp_loss":0,"event_name":"Falling","floor":39,"gold_loss":0},{"damage_healed":0,"gold_gain":0,"player_choice":"Memory 1","damage_taken":0,"max_hp_gain":0,"max_hp_loss":0,"event_name":"SensoryStone","floor":46,"gold_loss":0}],"is_beta":false,"boss_relics":[{"not_picked":["Fusion Hammer","Calling Bell"],"picked":"Empty Cage"},{"not_picked":["White Beast Statue","Coffee Dripper"],"picked":"Orrery"}],"items_purged_floors":[27],"is_endless":false,"potions_floor_spawned":[2,8,10,16,18,19,22,29,35],"killed_by":"Awakened One","ascension_level":0}