{"gold_per_floor":[215,215,490,504,518,518,518,534,534,287,204,231,16,30,30,107,107,124,124,124,29,129,146,146,173,196,196,209,38,38,38,38,38],"floor_reached":33,"playtime":1037,"items_purged":["Regret","Strike_G"],"score":529,"play_id":"90531920-583f-4bd2-8f6f-9c9121fba85c","local_time":"20190204000901","is_ascension_mode":true,"campfire_choices":[{"data":"Neutralize","floor":6,"key":"SMITH"},{"data":"Footwork","floor":15,"key":"SMITH"},{"data":"1","floor":24,"key":"LIFT"},{"data":"2","floor":27,"key":"LIFT"},{"data":"3","floor":32,"key":"LIFT"}],"neow_cost":"NONE","seed_source_timestamp":14282928548700,"circlet_count":0,"master_deck":["AscendersBane","Defend_G","Defend_G","Defend_G","Defend_G","Defend_G","Strike_G","Strike_G","Strike_G","Survivor","Neutralize+1","Backstab","Backstab","Adrenaline","Die Die Die","Terror","Footwork+1","Cloak And Dagger","All Out Attack","Malaise","Blade Dance","Well Laid Plans","Cloak And Dagger","Leg Sweep","RitualDagger"],"relics":["Ring of the Snake","Gambling Chip","Vajra","Thread and Needle","Coffee Dripper","Girya","Singing Bowl","Regal Pillow","Bag of Marbles","Bronze Scales"],"potions_floor_usage":[12,16,22,22,25,33],"damage_taken":[{"damage":4,"enemies":"Small Slimes","floor":1,"turns":3},{"damage":12,"enemies":"Jaw Worm","floor":4,"turns":5},{"damage":9,"enemies":"Cultist","floor":5,"turns":5},{"damage":4,"enemies":"2 Fungi Beasts","floor":8,"turns":5},{"damage":8,"enemies":"Lagavulin","floor":12,"turns":6},{"damage":0,"enemies":"Red Slaver","floor":14,"turns":1},{"damage":13,"enemies":"Hexaghost","floor":16,"turns":10},{"damage":10,"enemies":"Shell Parasite","floor":18,"turns":6},{"damage":0,"enemies":"Colosseum Slavers","floor":22,"turns":1},{"damage":0,"enemies":"Colosseum Nobs","floor":22,"turns":4},{"damage":6,"enemies":"Spheric Guardian","floor":23,"turns":4},{"damage":0,"enemies":"Gremlin Leader","floor":25,"turns":3},{"damage":0,"enemies":"3 Cultists","floor":28,"turns":3},{"damage":37,"enemies":"Champ","floor":33,"turns":10}],"seed_played":"-4783002545986229838","potions_obtained":[{"floor":8,"key":"PowerPotion"},{"floor":12,"key":"SkillPotion"},{"floor":16,"key":"GamblersBrew"},{"floor":19,"key":"SmokeBomb"},{"floor":23,"key":"PowerPotion"},{"floor":25,"key":"Explosive Potion"},{"floor":28,"key":"LiquidBronze"}],"is_trial":false,"path_per_floor":["M","?","?","M","M","R","?","M","T","$","$","E","$","M","R","B",null,"M","?","$","$","?","M","R","E","T","R","M","$","?","?","R","B"],"character_chosen":"THE_SILENT","items_purchased":["Vajra","Die Die Die","Footwork","Cloak And Dagger","Well Laid Plans","Cloak And Dagger","Bronze Scales"],"campfire_rested":0,"item_purchase_floors":[10,11,13,13,21,21,29],"current_hp_per_floor":[55,55,55,43,34,34,34,30,30,30,30,22,22,22,22,9,52,42,42,42,42,44,40,40,40,40,40,42,42,36,36,36,0],"gold":38,"neow_bonus":"HUNDRED_GOLD","is_prod":false,"is_daily":false,"chose_seed":false,"campfire_upgraded":2,"win_rate":0,"timestamp":1549231741,"path_taken":["M","?","?","?","M","R","?","?","T","?","$","E","$","M","R","BOSS","M","?","?","$","?","M","R","E","T","R","M","$","?","?","R","BOSS"],"build_version":"2019-01-23","purchased_purges":2,"victory":false,"max_hp_per_floor":[66,66,66,66,66,66,66,66,66,66,66,66,66,66,66,66,66,66,66,66,66,68,70,70,70,70,70,72,72,72,72,72,72],"card_choices":[{"not_picked":["Dodge and Roll","Acrobatics","Deflect"],"picked":"SKIP","floor":1},{"not_picked":["Predator","Poisoned Stab"],"picked":"Backstab","floor":4},{"not_picked":["Blade Dance","Underhanded Strike","Prepared"],"picked":"SKIP","floor":5},{"not_picked":["Dagger Spray","Prepared"],"picked":"Adrenaline","floor":8},{"not_picked":["Predator","Prepared"],"picked":"Terror","floor":12},{"not_picked":["Finisher","Prepared"],"picked":"All Out Attack","floor":14},{"not_picked":["Night Terror","A Thousand Cuts"],"picked":"Malaise","floor":16},{"not_picked":["Finisher","Acrobatics"],"picked":"Blade Dance","floor":18},{"not_picked":["Choke","Bane","Sucker Punch"],"picked":"Singing Bowl","floor":22},{"not_picked":["Dagger Throw","Concentrate","Flying Knee"],"picked":"Singing Bowl","floor":23},{"not_picked":["Blade Dance","Phantasmal Killer"],"picked":"Leg Sweep","floor":25},{"not_picked":["Poisoned Stab","Bane","Deflect"],"picked":"Singing Bowl","floor":28}],"player_experience":594003,"relics_obtained":[{"floor":9,"key":"Gambling Chip"},{"floor":12,"key":"Thread and Needle"},{"floor":22,"key":"Girya"},{"floor":22,"key":"Singing Bowl"},{"floor":25,"key":"Regal Pillow"},{"floor":26,"key":"Bag of Marbles"}],"event_choices":[{"damage_healed":0,"gold_gain":0,"player_choice":"Ignored","damage_taken":0,"max_hp_gain":0,"max_hp_loss":0,"event_name":"Shining Light","floor":2,"gold_loss":0},{"damage_healed":0,"gold_gain":275,"player_choice":"Desecrate","damage_taken":0,"max_hp_gain":0,"max_hp_loss":0,"event_name":"Golden Shrine","floor":3,"gold_loss":0,"cards_obtained":["Regret"]},{"damage_healed":0,"gold_gain":0,"cards_transformed":["Strike_G"],"player_choice":"Transformed","damage_taken":0,"max_hp_gain":0,"max_hp_loss":0,"event_name":"Transmorgrifier","floor":7,"gold_loss":0,"cards_obtained":["Backstab"]},{"damage_healed":0,"gold_gain":0,"player_choice":"Got Potions","damage_taken":0,"max_hp_gain":0,"max_hp_loss":0,"event_name":"Lab","floor":19,"gold_loss":0},{"damage_healed":0,"gold_gain":0,"player_choice":"Fight","damage_taken":0,"max_hp_gain":0,"max_hp_loss":0,"event_name":"Colosseum","floor":22,"gold_loss":0},{"damage_healed":0,"gold_gain":0,"player_choice":"Fought Nobs","damage_taken":0,"max_hp_gain":0,"max_hp_loss":0,"event_name":"Colosseum","floor":22,"gold_loss":0},{"damage_healed":0,"gold_gain":0,"player_choice":"Joined the Cult","damage_taken":6,"max_hp_gain":0,"max_hp_loss":0,"event_name":"Nest","floor":30,"gold_loss":0,"cards_obtained":["RitualDagger"]},{"damage_healed":0,"gold_gain":0,"player_choice":"Ignored","damage_taken":0,"max_hp_gain":0,"max_hp_loss":0,"event_name":"The Mausoleum","floor":31,"gold_loss":0}],"is_beta":false,"boss_relics":[{"not_picked":["Snecko Eye","Fusion Hammer"],"picked":"Coffee Dripper"}],"items_purged_floors":[10,13],"is_endless":false,"potions_floor_spawned":[8,12,16,22,23,25,28],"killed_by":"Champ","ascension_level":17}