{"gold_per_floor":[113,127,144,6,6,6,6,34,34,69,69,86,86,97,97,173,173,184,203,203,215,140,140,168,168,168,168,199,96,127,137,137,214,214,229,281,381,381,179,179,206,224,299,299,317,317,347,360,360,360],"floor_reached":51,"playtime":3321,"items_purged":["Strike_R"],"score":1594,"play_id":"3c1b3246-7c2c-4033-8f14-30fd7c5bac61","local_time":"20190123193651","is_ascension_mode":true,"campfire_choices":[{"data":"Reckless Charge","floor":6.0,"key":"SMITH"},{"floor":11.0,"key":"REST"},{"data":"Combust","floor":13.0,"key":"SMITH"},{"data":"True Grit","floor":15.0,"key":"SMITH"},{"data":"Juggernaut","floor":23.0,"key":"SMITH"},{"data":"Corruption","floor":27.0,"key":"SMITH"},{"floor":32.0,"key":"REST"},{"data":"Feel No Pain","floor":40,"key":"SMITH"},{"data":"Feel No Pain","floor":44,"key":"SMITH"},{"data":"Feel No Pain","floor":46,"key":"SMITH"},{"floor":49,"key":"REST"}],"neow_cost":"NONE","seed_source_timestamp":103847359538849,"circlet_count":0,"master_deck":["AscendersBane","Defend_R","Defend_R","Defend_R","Defend_R","Bash+1","Battle Trance","Iron Wave+1","Shrug It Off","True Grit+1","Combust+1","Corruption+1","Havoc","Spot Weakness","Juggernaut+1","Disarm+1","Armaments","Rupture","Shrug It Off","Shrug It Off","Burning Pact","Feel No Pain+1","Shrug It Off","Offering","Fire Breathing+1","Impervious+1","Fiend Fire+1","Anger","Feel No Pain+1","Armaments+1","Thinking Ahead","Flash of Steel","Finesse","Feel No Pain+1","Flame Barrier","Evolve+1","Havoc+1"],"special_seed":0,"relics":["Burning Blood","Charon\u0027s Ashes","Prayer Wheel","Champion Belt","Mark of Pain","Bottled Tornado","Regal Pillow","Peace Pipe","Self Forming Clay","Astrolabe","Pocketwatch","Turnip","Lantern","Dream Catcher","Meat on the Bone","Bottled Lightning"],"potions_floor_usage":[],"damage_taken":[{"damage":5.0,"enemies":"2 Louse","floor":1.0,"turns":3.0},{"damage":1.0,"enemies":"Cultist","floor":2.0,"turns":3.0},{"damage":2.0,"enemies":"Jaw Worm","floor":3.0,"turns":3.0},{"damage":27.0,"enemies":"3 Sentries","floor":8.0,"turns":10.0},{"damage":15.0,"enemies":"Lagavulin","floor":10.0,"turns":6.0},{"damage":1.0,"enemies":"2 Fungi Beasts","floor":12.0,"turns":4.0},{"damage":3.0,"enemies":"Red Slaver","floor":14.0,"turns":2.0},{"damage":26.0,"enemies":"Hexaghost","floor":16.0,"turns":9.0},{"damage":12.0,"enemies":"Shell Parasite","floor":18.0,"turns":4.0},{"damage":7.0,"enemies":"2 Thieves","floor":19.0,"turns":3.0},{"damage":13.0,"enemies":"Centurion and Healer","floor":21.0,"turns":5.0},{"damage":19.0,"enemies":"Gremlin Leader","floor":24.0,"turns":6.0},{"damage":7.0,"enemies":"Book of Stabbing","floor":28.0,"turns":5.0},{"damage":31.0,"enemies":"Slavers","floor":30.0,"turns":4.0},{"damage":8.0,"enemies":"Cultist and Chosen","floor":31.0,"turns":4.0},{"damage":24.0,"enemies":"Automaton","floor":33.0,"turns":8.0},{"damage":6.0,"enemies":"3 Shapes","floor":35.0,"turns":3.0},{"damage":13.0,"enemies":"2 Orb Walkers","floor":36.0,"turns":4.0},{"damage":2.0,"enemies":"Mind Bloom Boss Battle","floor":37.0,"turns":8.0},{"damage":10,"enemies":"Giant Head","floor":41,"turns":8},{"damage":0,"enemies":"Orb Walker","floor":42,"turns":2},{"damage":7,"enemies":"Sphere and 2 Shapes","floor":45,"turns":4},{"damage":7,"enemies":"Nemesis","floor":47,"turns":5},{"damage":7,"enemies":"4 Shapes","floor":48,"turns":2},{"damage":10,"enemies":"Donu and Deca","floor":50,"turns":5}],"seed_played":"-1221939393247944699","potions_obtained":[{"floor":1.0,"key":"Poison Potion"},{"floor":10.0,"key":"FearPotion"},{"floor":16.0,"key":"Weak Potion"},{"floor":18.0,"key":"PowerPotion"},{"floor":28.0,"key":"Fire Potion"},{"floor":30.0,"key":"Energy Potion"},{"floor":33.0,"key":"SkillPotion"}],"is_trial":false,"path_per_floor":["?","?","M","?","?","M","?","?","?","M","M"],"character_chosen":"IRONCLAD","items_purchased":["Reckless Charge","Shrug It Off","Feel No Pain","Shrug It Off","Lantern","Feel No Pain"],"campfire_rested":3,"item_purchase_floors":[4,4,29,29,39,39],"current_hp_per_floor":[69,74,75,75,52,52,52,31,31,22,44,49,49,52,52,32,64,58,57,57,50,50,50,37,37,37,37,36,36,11,9,46,28,63,63,56,60,50,50,50,46,52,52,52,51,51,50,49,75,71],"gold":360,"neow_bonus":"UPGRADE_CARD","is_prod":false,"is_daily":false,"chose_seed":false,"campfire_upgraded":8,"win_rate":0,"timestamp":1548268611,"path_taken":["M","M","M","$","?","R","?","E","T","E","R","M","R","?","R","BOSS","M","M","?","M","$","R","E","?","T","R","E","$","E","?","R","BOSS","M","?","?","?","$","R","E","?","T","R","M","R","E","?","R","BOSS"],"build_version":"2019-01-23","purchased_purges":1,"victory":true,"max_hp_per_floor":[75,75,75,75,75,75,75,75,75,75,75,75,75,75,75,75,75,75,75,75,75,75,75,75,75,75,75,75,75,75,75,75,75,75,75,75,75,75,75,75,75,75,75,75,75,75,75,75,75,75],"card_choices":[{"not_picked":["Cleave","Perfected Strike"],"picked":"Battle Trance","floor":1.0},{"not_picked":["Heavy Blade","Flex","Evolve"],"picked":"SKIP","floor":2.0},{"not_picked":["Warcry","Armaments"],"picked":"Iron Wave","floor":3.0},{"not_picked":["Havoc","Pummel"],"picked":"True Grit","floor":8.0},{"not_picked":["Limit Break","Clothesline"],"picked":"Combust","floor":10.0},{"not_picked":["Perfected Strike","Clash"],"picked":"Corruption","floor":12.0},{"not_picked":["Perfected Strike","Anger"],"picked":"Havoc","floor":12.0},{"not_picked":["Uppercut","Clothesline"],"picked":"Spot Weakness","floor":14.0},{"not_picked":["Body Slam","Clash","Dual Wield"],"picked":"SKIP","floor":14.0},{"not_picked":["Brutality","Limit Break"],"picked":"Juggernaut","floor":16.0},{"not_picked":["Burning Pact","Shrug It Off"],"picked":"Disarm+1","floor":18.0},{"not_picked":["Sever Soul","Clash"],"picked":"Armaments","floor":18.0},{"not_picked":["Reckless Charge","Cleave","Anger"],"picked":"SKIP","floor":19.0},{"not_picked":["Flex","Blood for Blood","Dropkick+1"],"picked":"SKIP","floor":19.0},{"not_picked":["Havoc","Warcry"],"picked":"Shrug It Off","floor":21.0},{"not_picked":["Wild Strike","Infernal Blade","Shockwave"],"picked":"SKIP","floor":21.0},{"not_picked":["Burning Pact","Dropkick"],"picked":"Shrug It Off","floor":24.0},{"not_picked":["Combust","Berserk"],"picked":"Burning Pact","floor":28.0},{"not_picked":["Inflame","Dropkick","Iron Wave"],"picked":"SKIP","floor":30.0},{"not_picked":["Whirlwind","Reckless Charge","Havoc"],"picked":"SKIP","floor":31.0},{"not_picked":["Havoc","Cleave","Perfected Strike"],"picked":"SKIP","floor":31.0},{"not_picked":["Fiend Fire","Immolate"],"picked":"Offering","floor":33.0},{"not_picked":["Pommel Strike+1","Blood for Blood"],"picked":"Anger","floor":35.0},{"not_picked":["True Grit","Clash+1","Searing Blow+1"],"picked":"SKIP","floor":35.0},{"not_picked":["Heavy Blade","Inflame"],"picked":"Feel No Pain","floor":36.0},{"not_picked":["Dual Wield","Headbutt"],"picked":"Armaments+1","floor":37.0},{"not_picked":["Trip","Good Instincts"],"picked":"Thinking Ahead","floor":38},{"not_picked":["Purity","The Bomb"],"picked":"Flash of Steel","floor":38},{"not_picked":["Forethought","Trip"],"picked":"Finesse","floor":38},{"not_picked":["Headbutt","Fire Breathing","Blood for Blood"],"picked":"SKIP","floor":41},{"not_picked":["Sword Boomerang","True Grit"],"picked":"Flame Barrier","floor":42},{"not_picked":["Corruption","Iron Wave+1","Wild Strike+1"],"picked":"SKIP","floor":42},{"not_picked":["Hemokinesis","Flex","Searing Blow"],"picked":"SKIP","floor":45},{"not_picked":["Heavy Blade+1","Wild Strike","Clash"],"picked":"SKIP","floor":45},{"not_picked":["Uppercut+1","Shockwave","Flex"],"picked":"SKIP","floor":47},{"not_picked":["Twin Strike+1","Clash"],"picked":"Evolve+1","floor":48},{"not_picked":["Twin Strike","Headbutt","Bloodletting"],"picked":"SKIP","floor":48},{"not_picked":["Shockwave","True Grit+1"],"picked":"Havoc+1","floor":49}],"player_experience":990021,"relics_obtained":[{"floor":8.0,"key":"Charon\u0027s Ashes"},{"floor":9.0,"key":"Prayer Wheel"},{"floor":10.0,"key":"Champion Belt"},{"floor":24.0,"key":"Bottled Tornado"},{"floor":26.0,"key":"Regal Pillow"},{"floor":28.0,"key":"Peace Pipe"},{"floor":30.0,"key":"Self Forming Clay"},{"floor":36.0,"key":"Pocketwatch"},{"floor":37.0,"key":"Turnip"},{"floor":41,"key":"Dream Catcher"},{"floor":43,"key":"Meat on the Bone"},{"floor":47,"key":"Bottled Lightning"}],"event_choices":[{"damage_healed":0.0,"max_hp_gain":0.0,"max_hp_loss":0.0,"gold_gain":0.0,"event_name":"Shining Light","player_choice":"Entered Light","floor":5.0,"gold_loss":0.0,"damage_taken":23.0,"cards_upgraded":["Iron Wave","Strike_R"]},{"cards_removed":["Strike_R"],"damage_healed":0.0,"max_hp_gain":0.0,"max_hp_loss":0.0,"gold_gain":0.0,"event_name":"Purifier","player_choice":"Purged","floor":7.0,"gold_loss":0.0,"damage_taken":0.0},{"damage_healed":0.0,"max_hp_gain":0.0,"max_hp_loss":0.0,"gold_gain":0.0,"event_name":"The Library","player_choice":"Read","floor":20.0,"gold_loss":0.0,"damage_taken":0.0,"cards_obtained":["Rupture"]},{"cards_removed":["Strike_R"],"damage_healed":0.0,"max_hp_gain":0.0,"max_hp_loss":0.0,"gold_gain":0.0,"event_name":"Purifier","player_choice":"Purged","floor":25.0,"gold_loss":0.0,"damage_taken":0.0},{"damage_healed":0.0,"max_hp_gain":0.0,"max_hp_loss":0.0,"gold_gain":0.0,"event_name":"Mysterious Sphere","player_choice":"Fight","floor":36.0,"gold_loss":0.0,"damage_taken":0.0},{"damage_healed":0.0,"max_hp_gain":0.0,"max_hp_loss":0.0,"gold_gain":0.0,"event_name":"MindBloom","player_choice":"Fight","floor":37.0,"gold_loss":0.0,"damage_taken":0.0},{"damage_healed":0,"gold_gain":0,"player_choice":"Memory 3","damage_taken":10,"max_hp_gain":0,"max_hp_loss":0,"event_name":"SensoryStone","floor":38,"gold_loss":0}],"is_beta":false,"boss_relics":[{"not_picked":["Runic Dome","Philosopher\u0027s Stone"],"picked":"Mark of Pain"},{"not_picked":["Fusion Hammer","Orrery"],"picked":"Astrolabe"}],"items_purged_floors":[22],"is_endless":false,"potions_floor_spawned":[1,10,12,16,18,28,30,33,35,41,47],"ascension_level":17}