{"gold_per_floor":[115,135,150,150,160,160,171,171,171,121,121,151,164,181,181,181],"floor_reached":16,"playtime":1859,"items_purged":[],"score":120,"play_id":"f99745af-9ead-4ffb-889d-597db594bf21","local_time":"20190102203241","is_ascension_mode":true,"campfire_choices":[{"data":"Cloak And Dagger","floor":6.0,"key":"SMITH"},{"data":"Neutralize","floor":8.0,"key":"SMITH"},{"floor":15.0,"key":"REST"}],"neow_cost":"PERCENT_DAMAGE","seed_source_timestamp":0,"circlet_count":0,"master_deck":["Defend_G","Defend_G","Defend_G","Defend_G","Defend_G","Strike_G","Strike_G","Strike_G","Survivor","Neutralize+1","Cloak And Dagger+1","Quick Slash","Prepared","PiercingWail","Deflect","Deadly Poison+1","Noxious Fumes"],"special_seed":0,"relics":["Ring of the Snake","Thread and Needle","Toxic Egg 2","CultistMask","Snake Skull"],"potions_floor_usage":[],"damage_taken":[{"damage":0.0,"enemies":"Jaw Worm","floor":1.0,"turns":4.0},{"damage":0.0,"enemies":"2 Louse","floor":2.0,"turns":5.0},{"damage":0.0,"enemies":"Cultist","floor":3.0,"turns":5.0},{"damage":8.0,"enemies":"Gremlin Gang","floor":5.0,"turns":10.0},{"damage":0.0,"enemies":"2 Fungi Beasts","floor":7.0,"turns":4.0},{"damage":25.0,"enemies":"Lagavulin","floor":12.0,"turns":14.0},{"damage":0.0,"enemies":"Exordium Thugs","floor":13.0,"turns":5.0},{"damage":0.0,"enemies":"3 Louse","floor":14.0,"turns":6.0},{"damage":37,"enemies":"Slime Boss","floor":16,"turns":11}],"seed_played":"-42983870859979799","potions_obtained":[{"floor":2.0,"key":"SmokeBomb"},{"floor":3.0,"key":"Block Potion"},{"floor":12.0,"key":"Fire Potion"}],"is_trial":false,"path_per_floor":["M","M","M","?","M","R","M","R","T","?","?","E","M","M","R","B"],"character_chosen":"THE_SILENT","items_purchased":[],"campfire_rested":1,"item_purchase_floors":[],"current_hp_per_floor":[49,49,49,49,41,41,41,41,41,41,41,16,16,16,37,0],"gold":181,"neow_bonus":"ONE_RARE_RELIC","is_prod":false,"is_daily":false,"chose_seed":false,"campfire_upgraded":2,"win_rate":0,"timestamp":1546482761,"path_taken":["M","M","M","?","M","R","M","R","T","?","?","E","?","M","R","BOSS"],"build_version":"2018-12-20","purchased_purges":0,"victory":false,"max_hp_per_floor":[70,70,70,70,70,70,70,70,70,70,70,70,70,70,70,70],"card_choices":[{"not_picked":["Prepared","Sucker Punch"],"picked":"Cloak And Dagger","floor":1.0},{"not_picked":["Bouncing Flask","Prepared"],"picked":"Quick Slash","floor":2.0},{"not_picked":["Underhanded Strike","Crippling Poison"],"picked":"Prepared","floor":3.0},{"not_picked":["Distraction","Dagger Spray"],"picked":"PiercingWail","floor":5.0},{"not_picked":["Prepared","Sucker Punch"],"picked":"Deflect","floor":7.0},{"not_picked":["Bane","Underhanded Strike","Acrobatics+1"],"picked":"SKIP","floor":12.0},{"not_picked":["PiercingWail+1","Dagger Throw"],"picked":"Deadly Poison+1","floor":13.0},{"not_picked":["Unload","Prepared+1"],"picked":"Noxious Fumes","floor":14.0}],"player_experience":111908,"relics_obtained":[{"floor":9.0,"key":"Toxic Egg 2"},{"floor":12.0,"key":"Snake Skull"}],"event_choices":[{"cards_removed":["Strike_G"],"damage_healed":0.0,"max_hp_gain":0.0,"max_hp_loss":0.0,"gold_gain":0.0,"event_name":"Living Wall","player_choice":"Forget","floor":4.0,"gold_loss":0.0,"damage_taken":0.0},{"cards_removed":["Strike_G"],"damage_healed":0.0,"max_hp_gain":0.0,"max_hp_loss":0.0,"gold_gain":0.0,"event_name":"The Cleric","player_choice":"Card Removal","floor":10.0,"gold_loss":50.0,"damage_taken":0.0},{"damage_healed":0.0,"max_hp_gain":0.0,"max_hp_loss":0.0,"gold_gain":0.0,"event_name":"FaceTrader","player_choice":"Trade","floor":11.0,"gold_loss":0.0,"damage_taken":0.0,"relics_obtained":["CultistMask"]}],"is_beta":false,"boss_relics":[],"items_purged_floors":[],"is_endless":false,"potions_floor_spawned":[2,3,12],"killed_by":"Slime Boss","ascension_level":3}