{"gold_per_floor":[118,118,193,210,222,255,255,220,220,231,75,75,108,89,89,191,191,206,226,4,4,4,37,57,73,145,145,245,273,273,372,372,477,477,489,508,508,519,569,569,569,569,569,1,1,21,46,46,46,46],"floor_reached":50,"playtime":3400,"items_purged":[],"score":541,"play_id":"a39c1ca3-3281-4ab4-826e-14ad0de86705","local_time":"20190125001449","is_ascension_mode":false,"campfire_choices":[{"floor":12,"key":"REST"},{"data":"White Noise","floor":15,"key":"SMITH"},{"floor":27,"key":"REST"},{"floor":32,"key":"REST"},{"floor":40,"key":"REST"},{"floor":42,"key":"REST"},{"data":"Defragment","floor":45,"key":"SMITH"},{"floor":49,"key":"REST"}],"neow_cost":"NONE","seed_source_timestamp":1319076921318153,"circlet_count":0,"master_deck":["Strike_B","Strike_B","Strike_B","Strike_B","Defend_B","Defend_B","Defend_B","Defend_B","Zap","Dualcast","Self Repair+1","White Noise+1","Conserve Battery","Thunder Strike","Ball Lightning","Echo Form","Redo+1","Machine Learning","Leap+1","Genetic Algorithm+1","Static Discharge","Electrodynamics","Loop+1","Ball Lightning","Self Repair","Force Field+1","Rainbow+1","Go for the Eyes","Ball Lightning","Consume+1","Defragment+1","Jack Of All Trades+1","Turbo+1","Lockon+1","Hello World"],"relics":["Cracked Core","Juzu Bracelet","Toxic Egg 2","Bottled Lightning","Orichalcum","Bag of Marbles","Inserter","Strawberry","Regal Pillow","Bottled Tornado","Torii","Kunai","WingedGreaves","NlothsMask","Black Star","Pocketwatch","Bag of Preparation","Omamori","MealTicket","Boot","Dream Catcher"],"potions_floor_usage":[6,16,16,28,28,29,33,46,47],"damage_taken":[{"damage":0,"enemies":"2 Louse","floor":1,"turns":3},{"damage":0,"enemies":"Small Slimes","floor":4,"turns":3},{"damage":1,"enemies":"Cultist","floor":5,"turns":3},{"damage":42,"enemies":"3 Sentries","floor":6,"turns":7},{"damage":9,"enemies":"Blue Slaver","floor":10,"turns":4},{"damage":17,"enemies":"Lagavulin","floor":13,"turns":5},{"damage":11,"enemies":"Exordium Thugs","floor":14,"turns":5},{"damage":18,"enemies":"Hexaghost","floor":16,"turns":7},{"damage":3,"enemies":"Chosen","floor":18,"turns":5},{"damage":10,"enemies":"Spheric Guardian","floor":19,"turns":6},{"damage":31,"enemies":"Slavers","floor":23,"turns":2},{"damage":15,"enemies":"Cultist and Chosen","floor":24,"turns":5},{"damage":25,"enemies":"Chosen and Byrds","floor":25,"turns":5},{"damage":19,"enemies":"Colosseum Slavers","floor":28,"turns":2},{"damage":5,"enemies":"Colosseum Nobs","floor":28,"turns":3},{"damage":33,"enemies":"Book of Stabbing","floor":29,"turns":4},{"damage":53,"enemies":"Automaton","floor":33,"turns":8},{"damage":25,"enemies":"3 Darklings","floor":35,"turns":4},{"damage":8,"enemies":"Orb Walker","floor":36,"turns":4},{"damage":19,"enemies":"Writhing Mass","floor":38,"turns":6},{"damage":62,"enemies":"2 Orb Walkers","floor":39,"turns":4},{"damage":30,"enemies":"Transient","floor":46,"turns":5},{"damage":42,"enemies":"Giant Head","floor":47,"turns":7},{"damage":105,"enemies":"Time Eater","floor":50,"turns":9}],"seed_played":"7563796020957769143","potions_obtained":[{"floor":5,"key":"FocusPotion"},{"floor":6,"key":"Energy Potion"},{"floor":10,"key":"Weak Potion"},{"floor":18,"key":"Fire Potion"},{"floor":23,"key":"Ancient Potion"},{"floor":28,"key":"FocusPotion"},{"floor":29,"key":"SpeedPotion"},{"floor":39,"key":"Weak Potion"},{"floor":47,"key":"FairyPotion"}],"is_trial":false,"path_per_floor":["M","?","?","M","M","E","?","?","T","M","$","R","E","M","R","B",null,"M","M","$","?","$","E","M","M","T","R","?","E","?","?","R","B",null,"M","M","?","M","?","R","?","R","T","$","R","M","E","?","R","B"],"character_chosen":"DEFECT","items_purchased":["Orichalcum","Static Discharge","Strawberry","Bag of Preparation","Omamori","MealTicket","Regen Potion"],"campfire_rested":6,"item_purchase_floors":[11,20,20,44,44,44,44],"current_hp_per_floor":[75,75,64,71,75,40,40,58,58,56,56,75,65,61,61,43,75,75,72,79,79,79,58,43,28,28,67,53,30,30,30,69,16,82,67,82,78,66,11,49,49,78,78,78,78,58,38,38,75,0],"gold":46,"neow_bonus":"RANDOM_COMMON_RELIC","is_prod":false,"is_daily":false,"chose_seed":false,"campfire_upgraded":2,"win_rate":0.0,"timestamp":1548382489,"path_taken":["M","?","?","M","M","E","?","?","T","M","$","R","E","M","R","BOSS","M","M","$","?","?","E","M","M","T","R","?","E","?","?","R","BOSS","M","M","?","M","?","R","?","R","T","$","R","M","E","?","R","BOSS"],"build_version":"2019-01-23","purchased_purges":0,"victory":false,"max_hp_per_floor":[75,75,75,75,75,75,75,75,75,75,75,75,75,75,75,75,75,75,75,82,82,82,82,82,82,82,82,82,82,82,82,82,82,82,82,82,78,78,78,78,78,78,78,78,78,78,78,75,75,75],"card_choices":[{"not_picked":["Cold Snap","Turbo"],"picked":"Self Repair","floor":1},{"not_picked":["Stack","Leap"],"picked":"White Noise","floor":4},{"not_picked":["Self Repair","Turbo"],"picked":"Conserve Battery","floor":5},{"not_picked":["Aggregate","Beam Cell"],"picked":"Hello World","floor":6},{"not_picked":["Tempest+1","Gash"],"picked":"Ball Lightning","floor":10},{"not_picked":["Undo+1","Compile Driver"],"picked":"Echo Form","floor":13},{"not_picked":["Conserve Battery+1","Rebound"],"picked":"Redo+1","floor":14},{"not_picked":["Creative AI","Biased Cognition"],"picked":"Machine Learning","floor":16},{"not_picked":["Lockon+1","Darkness+1"],"picked":"Leap+1","floor":18},{"not_picked":["Scrape","Darkness+1"],"picked":"Genetic Algorithm+1","floor":19},{"not_picked":["Sweeping Beam","Ball Lightning"],"picked":"Electrodynamics","floor":23},{"not_picked":["Barrage","Auto Shields+1"],"picked":"Loop+1","floor":24},{"not_picked":["Coolheaded+1","Reprogram+1"],"picked":"Ball Lightning","floor":25},{"not_picked":["Meteor Strike","Doom and Gloom"],"picked":"Self Repair","floor":28},{"not_picked":["Blizzard+1","Steam+1"],"picked":"Force Field+1","floor":29},{"not_picked":["Biased Cognition","Thunder Strike"],"picked":"Rainbow+1","floor":33},{"not_picked":["Turbo+1","Hologram+1"],"picked":"Go for the Eyes","floor":35},{"not_picked":["Lockon+1","Double Energy+1"],"picked":"Ball Lightning","floor":36},{"not_picked":["Tempest+1","Turbo+1"],"picked":"Consume+1","floor":38},{"not_picked":["Cold Snap","Double Energy+1"],"picked":"Defragment","floor":39},{"not_picked":["Deep Breath+1","Good Instincts+1"],"picked":"Jack Of All Trades+1","floor":41},{"not_picked":["Barrage","Steam+1"],"picked":"Turbo+1","floor":46},{"not_picked":["Doom and Gloom","Reprogram+1"],"picked":"Lockon+1","floor":47},{"not_picked":["Rebound+1","Sunder"],"picked":"Hello World","floor":49}],"player_experience":28277,"relics_obtained":[{"floor":6,"key":"Toxic Egg 2"},{"floor":9,"key":"Bottled Lightning"},{"floor":13,"key":"Bag of Marbles"},{"floor":23,"key":"Regal Pillow"},{"floor":26,"key":"Bottled Tornado"},{"floor":28,"key":"Torii"},{"floor":28,"key":"Kunai"},{"floor":29,"key":"WingedGreaves"},{"floor":39,"key":"Pocketwatch"},{"floor":47,"key":"Boot"},{"floor":47,"key":"Dream Catcher"}],"event_choices":[{"damage_healed":0,"gold_gain":0,"player_choice":"Ignored","damage_taken":0,"max_hp_gain":0,"max_hp_loss":0,"event_name":"Liars Game","floor":2,"gold_loss":0},{"damage_healed":0,"gold_gain":75,"player_choice":"Gather Gold","damage_taken":11,"max_hp_gain":0,"max_hp_loss":0,"event_name":"World of Goop","floor":3,"gold_loss":0},{"damage_healed":0,"gold_gain":0,"cards_transformed":["Hello World"],"player_choice":"Transformed","damage_taken":0,"max_hp_gain":0,"max_hp_loss":0,"event_name":"Transmorgrifier","floor":7,"gold_loss":0,"cards_obtained":["Thunder Strike"]},{"damage_healed":18,"gold_gain":0,"player_choice":"Healed","damage_taken":0,"max_hp_gain":0,"max_hp_loss":0,"event_name":"The Cleric","floor":8,"gold_loss":35},{"damage_healed":0,"gold_gain":0,"player_choice":"Forge","damage_taken":0,"max_hp_gain":0,"max_hp_loss":0,"event_name":"Accursed Blacksmith","floor":21,"gold_loss":0,"cards_upgraded":["Self Repair"]},{"damage_healed":0,"gold_gain":0,"player_choice":"Fight","damage_taken":0,"max_hp_gain":0,"max_hp_loss":0,"event_name":"Colosseum","floor":28,"gold_loss":0},{"damage_healed":0,"gold_gain":0,"player_choice":"Fought Nobs","damage_taken":0,"max_hp_gain":0,"max_hp_loss":0,"event_name":"Colosseum","floor":28,"gold_loss":0},{"damage_healed":0,"gold_gain":0,"player_choice":"Trade","damage_taken":0,"relics_obtained":["NlothsMask"],"max_hp_gain":0,"max_hp_loss":0,"event_name":"FaceTrader","floor":30,"gold_loss":0},{"damage_healed":0,"gold_gain":99,"player_choice":"Stole From Cult","damage_taken":0,"max_hp_gain":0,"max_hp_loss":0,"event_name":"Nest","floor":31,"gold_loss":0},{"damage_healed":0,"gold_gain":0,"player_choice":"Max HP","damage_taken":0,"max_hp_gain":0,"max_hp_loss":4,"event_name":"Winding Halls","floor":37,"gold_loss":0},{"damage_healed":0,"gold_gain":0,"player_choice":"Fight","damage_taken":0,"max_hp_gain":0,"max_hp_loss":0,"event_name":"Mysterious Sphere","floor":39,"gold_loss":0},{"damage_healed":0,"gold_gain":0,"player_choice":"Memory 1","damage_taken":0,"max_hp_gain":0,"max_hp_loss":0,"event_name":"SensoryStone","floor":41,"gold_loss":0},{"cards_removed":["Parasite"],"damage_healed":0,"gold_gain":0,"player_choice":"Purged","damage_taken":0,"max_hp_gain":0,"max_hp_loss":0,"event_name":"Purifier","floor":48,"gold_loss":0}],"is_beta":false,"boss_relics":[{"not_picked":["Tiny House","Coffee Dripper"],"picked":"Inserter"},{"not_picked":["White Beast Statue","Empty Cage"],"picked":"Black Star"}],"items_purged_floors":[],"is_endless":false,"potions_floor_spawned":[5,6,10,18,23,28,28,29,39,47],"killed_by":"Time Eater","ascension_level":0}