{"gold_per_floor":[111,111,111,12,187,187,223,246,270,285,318,333,356,65,65,188,188,209,84,107,128,128,128,164,164],"floor_reached":25,"playtime":922,"items_purged":["Injury","Doubt","Doubt"],"score":246,"play_id":"adfaa7b1-3e60-4318-ba1b-e9669dfe2403","local_time":"20190201020430","is_ascension_mode":false,"campfire_choices":[{"data":"Searing Blow+1","floor":6,"key":"SMITH"},{"data":"Searing Blow+2","floor":15,"key":"SMITH"},{"data":"Searing Blow+3","floor":23,"key":"SMITH"}],"neow_cost":"NONE","seed_source_timestamp":344669923062974,"circlet_count":0,"master_deck":["Strike_R","Strike_R","Strike_R","Strike_R","Strike_R","Defend_R","Defend_R","Defend_R","Defend_R","Bash","Searing Blow+4","Shrug It Off","Flame Barrier","Shrug It Off","Flex","Clumsy","Regret","Thunderclap+1","Pommel Strike","Immolate","Body Slam+1"],"relics":["Burning Blood","NeowsBlessing","Golden Idol","Boot","Lantern","Odd Mushroom","HandDrill","Calling Bell","Bronze Scales","Pear","Unceasing Top","Charon\u0027s Ashes"],"potions_floor_usage":[20,24,24,25],"damage_taken":[{"damage":0,"enemies":"Cultist","floor":1,"turns":1},{"damage":0,"enemies":"3 Sentries","floor":7,"turns":2},{"damage":0,"enemies":"Jaw Worm","floor":8,"turns":1},{"damage":0,"enemies":"2 Louse","floor":10,"turns":2},{"damage":14,"enemies":"The Mushroom Lair","floor":11,"turns":5},{"damage":24,"enemies":"Large Slime","floor":12,"turns":6},{"damage":2,"enemies":"Blue Slaver","floor":13,"turns":4},{"damage":53,"enemies":"Hexaghost","floor":16,"turns":11},{"damage":20,"enemies":"Shell Parasite","floor":18,"turns":6},{"damage":12,"enemies":"2 Thieves","floor":20,"turns":4},{"damage":30,"enemies":"Centurion and Healer","floor":21,"turns":6},{"damage":55,"enemies":"Slavers","floor":24,"turns":5},{"damage":12,"enemies":"Snake Plant","floor":25,"turns":1}],"seed_played":"-5480404607205822854","potions_obtained":[{"floor":1,"key":"SneckoOil"},{"floor":7,"key":"FairyPotion"},{"floor":12,"key":"FairyPotion"},{"floor":13,"key":"Fire Potion"},{"floor":20,"key":"Weak Potion"},{"floor":24,"key":"PowerPotion"}],"is_trial":false,"path_per_floor":["M","?","?","$","?","R","E","M","T","M","?","M","M","$","R","B",null,"M","$","M","M","?","R","E","M"],"character_chosen":"IRONCLAD","items_purchased":["Shrug It Off","HandDrill"],"campfire_rested":0,"item_purchase_floors":[4,14],"current_hp_per_floor":[80,80,80,80,80,80,80,80,80,80,72,54,58,58,58,11,90,76,76,70,46,46,46,7,0],"gold":164,"neow_bonus":"THREE_ENEMY_KILL","is_prod":false,"is_daily":false,"chose_seed":false,"campfire_upgraded":3,"win_rate":0,"timestamp":1549004670,"path_taken":["M","?","?","?","?","R","E","M","T","M","?","?","M","$","R","BOSS","M","$","M","M","?","R","E","?"],"build_version":"2019-01-23","purchased_purges":3,"victory":false,"max_hp_per_floor":[80,80,80,80,80,80,80,80,80,80,80,80,80,80,80,80,90,90,90,90,90,90,90,90,90],"card_choices":[{"not_picked":["Seeing Red","Perfected Strike"],"picked":"Searing Blow","floor":1},{"not_picked":["Headbutt","Sword Boomerang"],"picked":"Flame Barrier","floor":7},{"not_picked":["Searing Blow","Anger"],"picked":"Shrug It Off","floor":8},{"not_picked":["Sword Boomerang","Power Through","Carnage"],"picked":"SKIP","floor":10},{"not_picked":["Dropkick","Thunderclap"],"picked":"Flex","floor":12},{"not_picked":["Iron Wave","Thunderclap","Shrug It Off"],"picked":"SKIP","floor":13},{"not_picked":["Metallicize","Wild Strike"],"picked":"Thunderclap+1","floor":18},{"not_picked":["True Grit","Clothesline"],"picked":"Pommel Strike","floor":20},{"not_picked":["Power Through+1","Pommel Strike+1"],"picked":"Immolate","floor":21},{"not_picked":["Warcry","Pommel Strike"],"picked":"Body Slam+1","floor":24}],"player_experience":14505,"relics_obtained":[{"floor":7,"key":"Boot"},{"floor":9,"key":"Lantern"},{"floor":11,"key":"Odd Mushroom"},{"floor":17,"key":"Bronze Scales"},{"floor":17,"key":"Pear"},{"floor":17,"key":"Unceasing Top"},{"floor":24,"key":"Charon\u0027s Ashes"}],"event_choices":[{"damage_healed":0,"gold_gain":0,"player_choice":"Grow","damage_taken":0,"max_hp_gain":0,"max_hp_loss":0,"event_name":"Living Wall","floor":2,"gold_loss":0,"cards_upgraded":["Searing Blow"]},{"damage_healed":0,"gold_gain":0,"player_choice":"Take Wound","damage_taken":0,"relics_obtained":["Golden Idol"],"max_hp_gain":0,"max_hp_loss":0,"event_name":"Golden Idol","floor":3,"gold_loss":0,"cards_obtained":["Injury"]},{"damage_healed":0,"gold_gain":175,"player_choice":"AGREE","damage_taken":0,"max_hp_gain":0,"max_hp_loss":0,"event_name":"Liars Game","floor":5,"gold_loss":0,"cards_obtained":["Doubt"]},{"damage_healed":0,"gold_gain":0,"player_choice":"Fought Mushrooms","damage_taken":0,"max_hp_gain":0,"max_hp_loss":0,"event_name":"Mushrooms","floor":11,"gold_loss":0},{"damage_healed":0,"gold_gain":0,"player_choice":"Leave","damage_taken":0,"max_hp_gain":0,"max_hp_loss":0,"event_name":"FaceTrader","floor":22,"gold_loss":0}],"is_beta":false,"boss_relics":[{"not_picked":["Lizard Tail","White Beast Statue"],"picked":"Calling Bell"}],"items_purged_floors":[4,14,19],"is_endless":false,"potions_floor_spawned":[1,7,12,13,16,20,24],"killed_by":"Snake Plant","ascension_level":0}