{"gold_per_floor":[113,127,202,214,489,489,92,92,92,102,115,115,132,164,164,260,260,272,282,29,29,40,40,52,52,52,52,52,79,79],"floor_reached":30,"playtime":2041,"items_purged":["Regret"],"score":370,"play_id":"7cab1e3f-5f02-4e68-8c4f-9a9443b88cfd","local_time":"20181110175656","is_ascension_mode":true,"campfire_choices":[{"data":"Bash","floor":6.0,"key":"SMITH"},{"data":"Combust","floor":8.0,"key":"SMITH"},{"data":"True Grit","floor":12.0,"key":"SMITH"},{"data":"Wild Strike","floor":15.0,"key":"SMITH"},{"data":"Feed","floor":23.0,"key":"SMITH"},{"data":"True Grit","floor":25.0,"key":"SMITH"},{"data":"Offering","floor":27.0,"key":"SMITH"}],"neow_cost":"NONE","seed_source_timestamp":342044604679866,"circlet_count":0,"master_deck":["AscendersBane","Defend_R","Defend_R","Defend_R","Defend_R","Bash+1","Shrug It Off","Combust+1","Battle Trance","True Grit+1","Offering+1","Wild Strike+1","Shrug It Off","Feed+1","True Grit+1","Seeing Red+1","Bite","Bite","Bite","Bite","Bite","Disarm"],"special_seed":0,"relics":["Burning Blood","Lantern","Pantograph","Vajra","Ancient Tea Set","Mark of Pain","Shuriken","Strawberry","Red Mask"],"potions_floor_usage":[],"damage_taken":[{"damage":1.0,"enemies":"Cultist","floor":1.0,"turns":3.0},{"damage":7.0,"enemies":"Small Slimes","floor":2.0,"turns":5.0},{"damage":7.0,"enemies":"2 Louse","floor":4.0,"turns":3.0},{"damage":3.0,"enemies":"Looter","floor":10.0,"turns":3.0},{"damage":13.0,"enemies":"3 Louse","floor":11.0,"turns":2.0},{"damage":6.0,"enemies":"Blue Slaver","floor":13.0,"turns":5.0},{"damage":24.0,"enemies":"Gremlin Nob","floor":14.0,"turns":3.0},{"damage":37.0,"enemies":"The Guardian","floor":16.0,"turns":14.0},{"damage":8.0,"enemies":"Spheric Guardian","floor":18.0,"turns":3.0},{"damage":29.0,"enemies":"2 Thieves","floor":19.0,"turns":3.0},{"damage":27.0,"enemies":"Snake Plant","floor":22.0,"turns":4.0},{"damage":25.0,"enemies":"Cultist and Chosen","floor":24.0,"turns":5.0},{"damage":24.0,"enemies":"Colosseum Slavers","floor":28.0,"turns":6.0},{"damage":53.0,"enemies":"Masked Bandits","floor":29.0,"turns":5.0},{"damage":45,"enemies":"Gremlin Leader","floor":30,"turns":5}],"seed_played":"-2278133639585888464","potions_obtained":[{"floor":11.0,"key":"Strength Potion"},{"floor":13.0,"key":"Swift Potion"},{"floor":14.0,"key":"SmokeBomb"},{"floor":16.0,"key":"Swift Potion"},{"floor":22.0,"key":"AttackPotion"}],"is_trial":false,"path_per_floor":["M","M","?","M","?","R","$","R","T","M","M","R","M","E","R","B",null,"M","M","$","?","M","R","M","R","T","R","?","?","E"],"character_chosen":"IRONCLAD","items_purchased":["Battle Trance","Pantograph","Shuriken"],"campfire_rested":0,"item_purchase_floors":[7,7,20],"current_hp_per_floor":[77,76,68,67,67,67,67,67,67,70,63,63,63,45,45,39,70,68,48,48,48,41,41,38,38,45,45,47,24,0],"gold":79,"neow_bonus":"RANDOM_COMMON_RELIC","is_prod":false,"is_daily":false,"chose_seed":false,"campfire_upgraded":7,"win_rate":0,"timestamp":1541869016,"path_taken":["M","M","?","?","?","R","$","R","T","?","M","R","M","E","R","BOSS","M","M","$","?","M","R","M","R","T","R","?","?","E"],"build_version":"2018-11-08","purchased_purges":1,"victory":false,"max_hp_per_floor":[80,80,80,80,80,80,80,80,80,80,80,80,80,80,80,80,80,80,83,83,58,58,58,58,58,65,65,69,73,73],"card_choices":[{"not_picked":["Wild Strike","Flex"],"picked":"Shrug It Off","floor":1.0},{"not_picked":["Armaments","Warcry","Sentinel"],"picked":"SKIP","floor":2.0},{"not_picked":["Perfected Strike","Havoc"],"picked":"Combust","floor":4.0},{"not_picked":["Havoc","Entrench"],"picked":"True Grit","floor":10.0},{"not_picked":["Entrench","Rampage"],"picked":"Offering","floor":11.0},{"not_picked":["Infernal Blade","Sword Boomerang"],"picked":"Wild Strike","floor":13.0},{"not_picked":["Power Through","Body Slam"],"picked":"Shrug It Off","floor":14.0},{"not_picked":["Impervious","Double Tap"],"picked":"Feed","floor":16.0},{"not_picked":["Entrench","Heavy Blade"],"picked":"True Grit","floor":18.0},{"not_picked":["Wild Strike","Anger+1"],"picked":"Seeing Red+1","floor":19.0},{"not_picked":["Thunderclap","Anger","Battle Trance+1"],"picked":"SKIP","floor":22.0},{"not_picked":["Armaments","Thunderclap","Sword Boomerang"],"picked":"SKIP","floor":24.0},{"not_picked":["Pommel Strike","Wild Strike"],"picked":"Disarm","floor":29.0}],"player_experience":484085,"relics_obtained":[{"floor":9.0,"key":"Vajra"},{"floor":14.0,"key":"Ancient Tea Set"},{"floor":26.0,"key":"Strawberry"},{"floor":29.0,"key":"Red Mask"}],"event_choices":[{"damage_healed":0.0,"max_hp_gain":0.0,"max_hp_loss":0.0,"gold_gain":75.0,"event_name":"FaceTrader","player_choice":"Touch","floor":3.0,"gold_loss":0.0,"damage_taken":8.0},{"damage_healed":0.0,"max_hp_gain":0.0,"max_hp_loss":0.0,"gold_gain":275.0,"event_name":"Golden Shrine","player_choice":"Desecrate","floor":5.0,"gold_loss":0.0,"damage_taken":0.0,"cards_obtained":["Regret"]},{"damage_healed":0.0,"max_hp_gain":0.0,"max_hp_loss":25.0,"gold_gain":0.0,"event_name":"Vampires","player_choice":"Became a vampire","floor":21.0,"gold_loss":0.0,"damage_taken":0.0,"cards_obtained":["Bite","Bite","Bite","Bite","Bite"]},{"damage_healed":0.0,"max_hp_gain":0.0,"max_hp_loss":0.0,"gold_gain":0.0,"event_name":"Colosseum","player_choice":"Fight","floor":28.0,"gold_loss":0.0,"damage_taken":0.0},{"damage_healed":0.0,"max_hp_gain":0.0,"max_hp_loss":0.0,"gold_gain":0.0,"event_name":"Colosseum","player_choice":"Fled From Nobs","floor":28.0,"gold_loss":0.0,"damage_taken":0.0},{"damage_healed":0.0,"max_hp_gain":0.0,"max_hp_loss":0.0,"gold_gain":0.0,"event_name":"Masked Bandits","player_choice":"Fought Bandits","floor":29.0,"gold_loss":0.0,"damage_taken":0.0}],"is_beta":false,"boss_relics":[{"not_picked":["Runic Dome","Snecko Eye"],"picked":"Mark of Pain"}],"items_purged_floors":[7],"is_endless":false,"potions_floor_spawned":[11,13,14,16,19,22,28],"killed_by":"Gremlin Leader","ascension_level":10}