{"gold_per_floor":[16,16,28,28,28,28,41,41,68,68,106,124,144,184,184,312,312,325,325,339,362,19,19],"floor_reached":23,"playtime":1375,"items_purged":[],"score":364,"play_id":"ee2b18c2-40f5-4a93-a18b-dc9e881d985f","local_time":"20181113212202","is_ascension_mode":true,"campfire_choices":[{"data":"Streamline","floor":6.0,"key":"SMITH"},{"data":"Zap","floor":8.0,"key":"SMITH"},{"data":"Dualcast","floor":15.0,"key":"SMITH"}],"neow_cost":"NO_GOLD","seed_source_timestamp":0,"circlet_count":0,"master_deck":["Defend_B","Defend_B","Defend_B","Defend_B","Zap+1","Dualcast+1","Coolheaded","Streamline+1","Static Discharge","Machine Learning","Gash","Gash","Hologram","Core Surge","Reinforced Body+1","Bite","Bite","Bite","Bite","Bite","Go for the Eyes"],"special_seed":0,"relics":["Cracked Core","Thread and Needle","Golden Idol","Vajra","Pear","Turnip","Runic Pyramid","Strange Spoon","Anchor"],"potions_floor_usage":[],"damage_taken":[{"damage":0.0,"enemies":"Small Slimes","floor":1.0,"turns":4.0},{"damage":0.0,"enemies":"2 Louse","floor":3.0,"turns":2.0},{"damage":3.0,"enemies":"Jaw Worm","floor":7.0,"turns":2.0},{"damage":4.0,"enemies":"Gremlin Nob","floor":11.0,"turns":3.0},{"damage":6.0,"enemies":"3 Louse","floor":12.0,"turns":3.0},{"damage":0.0,"enemies":"Red Slaver","floor":13.0,"turns":3.0},{"damage":16.0,"enemies":"3 Sentries","floor":14.0,"turns":5.0},{"damage":0.0,"enemies":"Slime Boss","floor":16.0,"turns":6.0},{"damage":1.0,"enemies":"Spheric Guardian","floor":18.0,"turns":3.0},{"damage":21,"enemies":"Shell Parasite","floor":20,"turns":6},{"damage":7,"enemies":"Sentry and Sphere","floor":21,"turns":6},{"damage":54,"enemies":"Slavers","floor":23,"turns":4}],"seed_played":"991819838958973566","potions_obtained":[{"floor":11.0,"key":"FearPotion"},{"floor":12.0,"key":"Swift Potion"},{"floor":14.0,"key":"AttackPotion"},{"floor":16.0,"key":"PowerPotion"},{"floor":18,"key":"Poison Potion"},{"floor":20,"key":"Regen Potion"}],"is_trial":false,"path_per_floor":["M","?","M","?","$","R","M","R","T","?","E","M","M","E","R","B",null,"M","M","?","M","M","$","E"],"character_chosen":"DEFECT","items_purchased":["Strange Spoon","Anchor"],"campfire_rested":0,"item_purchase_floors":[22,22],"current_hp_per_floor":[68,68,68,68,68,68,65,65,65,65,71,65,65,49,49,49,72,71,55,44,47,47,0],"gold":19,"neow_bonus":"ONE_RARE_RELIC","is_prod":false,"is_daily":false,"chose_seed":false,"campfire_upgraded":3,"win_rate":0,"timestamp":1542140522,"path_taken":["M","?","M","?","?","R","M","R","T","?","E","?","M","E","R","BOSS","M","?","M","M","$","E"],"build_version":"2018-11-08","purchased_purges":0,"victory":false,"max_hp_per_floor":[75,75,75,69,69,69,69,69,69,69,79,79,79,79,79,79,79,79,55,55,55,55,55],"card_choices":[{"not_picked":["Cold Snap","Rebound"],"picked":"Coolheaded","floor":1.0},{"not_picked":["Redo","Steam"],"picked":"Streamline","floor":3.0},{"not_picked":["Undo","Cold Snap"],"picked":"Static Discharge","floor":7.0},{"not_picked":["Genetic Algorithm","Redo"],"picked":"Machine Learning","floor":11.0},{"not_picked":["Barrage","Rebound"],"picked":"Gash","floor":12.0},{"not_picked":["Ball Lightning","Beam Cell"],"picked":"Gash","floor":13.0},{"not_picked":["Leap","Tempest"],"picked":"Hologram","floor":14.0},{"not_picked":["Biased Cognition","Multi-Cast"],"picked":"Core Surge","floor":16.0},{"not_picked":["Consume","Ball Lightning"],"picked":"Reinforced Body+1","floor":18},{"not_picked":["Stack","Ball Lightning","Chill"],"picked":"SKIP","floor":20},{"not_picked":["Rebound","Steam+1"],"picked":"Go for the Eyes","floor":21}],"player_experience":502719,"relics_obtained":[{"floor":9.0,"key":"Vajra"},{"floor":11.0,"key":"Pear"},{"floor":14.0,"key":"Turnip"}],"event_choices":[{"damage_healed":0.0,"max_hp_gain":0.0,"max_hp_loss":0.0,"gold_gain":0.0,"event_name":"The Cleric","player_choice":"Leave","floor":2.0,"gold_loss":0.0,"damage_taken":0.0},{"damage_healed":0.0,"max_hp_gain":0.0,"max_hp_loss":6.0,"gold_gain":0.0,"event_name":"Golden Idol","player_choice":"Lose Max HP","floor":4.0,"gold_loss":0.0,"damage_taken":0.0,"relics_obtained":["Golden Idol"]},{"cards_removed":["Strike_B"],"damage_healed":0.0,"max_hp_gain":0.0,"max_hp_loss":0.0,"gold_gain":0.0,"event_name":"Purifier","player_choice":"Purged","floor":10.0,"gold_loss":0.0,"damage_taken":0.0},{"damage_healed":0,"gold_gain":0,"player_choice":"Became a vampire","damage_taken":0,"max_hp_gain":0,"max_hp_loss":24,"event_name":"Vampires","floor":19,"gold_loss":0,"cards_obtained":["Bite","Bite","Bite","Bite","Bite"]}],"is_beta":false,"boss_relics":[{"not_picked":["Ectoplasm","Cursed Key"],"picked":"Runic Pyramid"}],"items_purged_floors":[],"is_endless":false,"potions_floor_spawned":[11,12,14,16,18,20],"killed_by":"Slavers","ascension_level":7}