{"gold_per_floor":[119,119,137,157,169,169,195,195,222,222,236,236,201,235,235,312,312,332,332,342,342,342,342,354,369,369,389,39,55,106,126,126,126],"floor_reached":33,"playtime":2695,"items_purged":["Strike_R"],"score":492,"play_id":"8579c55e-a53c-47f7-9e38-1049bc49f3ca","local_time":"20190127204734","is_ascension_mode":true,"campfire_choices":[{"floor":6.0,"key":"REST"},{"data":"Armaments","floor":8.0,"key":"SMITH"},{"data":"Flame Barrier","floor":15.0,"key":"SMITH"},{"data":"Evolve","floor":23.0,"key":"SMITH"},{"floor":32,"key":"REST"}],"neow_cost":"NONE","seed_source_timestamp":454153835544693,"circlet_count":0,"master_deck":["AscendersBane","Strike_R","Strike_R","Defend_R","Defend_R+1","Defend_R+1","Defend_R","Bash+1","Limit Break+1","Armaments+1","Sword Boomerang","Clothesline","Headbutt","Flame Barrier+1","Immolate","Evolve+1","Ghostly","Ghostly","Ghostly","Heavy Blade","Disarm","Power Through","Flex","Power Through"],"special_seed":0,"relics":["Burning Blood","Bag of Marbles","Blood Vial","Lantern","Mark of Pain","Nilry\u0027s Codex","Frozen Egg 2","MealTicket","War Paint"],"potions_floor_usage":[31,33],"damage_taken":[{"damage":4.0,"enemies":"2 Louse","floor":1.0,"turns":4.0},{"damage":7.0,"enemies":"Small Slimes","floor":3.0,"turns":4.0},{"damage":7.0,"enemies":"Cultist","floor":4.0,"turns":4.0},{"damage":14.0,"enemies":"Blue Slaver","floor":5.0,"turns":4.0},{"damage":6.0,"enemies":"Gremlin Nob","floor":7.0,"turns":3.0},{"damage":7.0,"enemies":"2 Fungi Beasts","floor":11.0,"turns":3.0},{"damage":31.0,"enemies":"3 Sentries","floor":14.0,"turns":11.0},{"damage":32.0,"enemies":"The Guardian","floor":16.0,"turns":17.0},{"damage":17.0,"enemies":"3 Byrds","floor":18.0,"turns":4.0},{"damage":21.0,"enemies":"Spheric Guardian","floor":20.0,"turns":4.0},{"damage":8.0,"enemies":"Shelled Parasite and Fungi","floor":24.0,"turns":5.0},{"damage":15.0,"enemies":"Snake Plant","floor":25.0,"turns":4.0},{"damage":9.0,"enemies":"Snecko","floor":27.0,"turns":10.0},{"damage":12.0,"enemies":"Shelled Parasite and Fungi","floor":29.0,"turns":4.0},{"damage":0,"enemies":"Centurion and Healer","floor":31,"turns":4},{"damage":28,"enemies":"Automaton","floor":33,"turns":8}],"seed_played":"639639665876617311","potions_obtained":[{"floor":0.0,"key":"Poison Potion"},{"floor":0.0,"key":"Strength Potion"},{"floor":4.0,"key":"Explosive Potion"},{"floor":7.0,"key":"EssenceOfSteel"},{"floor":16.0,"key":"LiquidBronze"},{"floor":20.0,"key":"SteroidPotion"},{"floor":24.0,"key":"Ancient Potion"},{"floor":29.0,"key":"SteroidPotion"},{"floor":31,"key":"AttackPotion"}],"is_trial":false,"path_per_floor":["M","?","M","M","M","R","E","R","T","?","M","?","?","E","R","B",null,"M","?","M","?","?","R","M","M","T","M","$","M","T","M","R","B"],"character_chosen":"IRONCLAD","items_purchased":["Flex","MealTicket"],"campfire_rested":2,"item_purchase_floors":[28,28],"current_hp_per_floor":[70,47,46,45,37,59,59,59,59,59,60,53,71,48,48,24,62,53,32,19,19,19,19,19,12,12,11,11,7,7,15,26,0],"gold":126,"neow_bonus":"THREE_SMALL_POTIONS","is_prod":false,"is_daily":false,"chose_seed":false,"campfire_upgraded":3,"win_rate":0,"timestamp":1548618454,"path_taken":["M","?","M","M","M","R","E","R","T","?","?","?","?","E","R","BOSS","M","?","M","?","?","R","M","M","T","M","$","M","?","?","R","BOSS"],"build_version":"2019-01-23","purchased_purges":1,"victory":false,"max_hp_per_floor":[75,75,75,75,75,75,75,75,75,75,75,75,75,75,75,75,75,75,75,75,37,37,37,37,37,37,37,37,37,37,37,37,37],"card_choices":[{"not_picked":["True Grit","Twin Strike"],"picked":"Limit Break","floor":1.0},{"not_picked":["Rupture","Thunderclap"],"picked":"Armaments","floor":3.0},{"not_picked":["Shrug It Off","Havoc"],"picked":"Sword Boomerang","floor":4.0},{"not_picked":["Cleave","Pommel Strike"],"picked":"Clothesline","floor":5.0},{"not_picked":["Sword Boomerang","Armaments"],"picked":"Headbutt","floor":7.0},{"not_picked":["Reckless Charge","Dual Wield","Iron Wave"],"picked":"SKIP","floor":11.0},{"not_picked":["Iron Wave","Power Through"],"picked":"Flame Barrier","floor":14.0},{"not_picked":["Juggernaut","Exhume"],"picked":"Immolate","floor":16.0},{"not_picked":["Anger","Cleave+1","Clothesline"],"picked":"SKIP","floor":18.0},{"not_picked":["Clothesline","Sentinel"],"picked":"Evolve","floor":20.0},{"not_picked":["Rampage","Burning Pact"],"picked":"Heavy Blade","floor":24.0},{"not_picked":["Second Wind","Clash"],"picked":"Disarm","floor":25.0},{"not_picked":["Headbutt","Anger"],"picked":"Power Through","floor":27.0},{"not_picked":["Clothesline","Barricade+1","Wild Strike"],"picked":"SKIP","floor":29.0},{"not_picked":["Twin Strike","Thunderclap"],"picked":"Power Through","floor":31}],"player_experience":1025418,"relics_obtained":[{"floor":7.0,"key":"Bag of Marbles"},{"floor":9.0,"key":"Blood Vial"},{"floor":14.0,"key":"Lantern"},{"floor":19.0,"key":"Nilry\u0027s Codex"},{"floor":26.0,"key":"Frozen Egg 2"},{"floor":30.0,"key":"War Paint"}],"event_choices":[{"damage_healed":0.0,"max_hp_gain":0.0,"max_hp_loss":0.0,"gold_gain":0.0,"event_name":"Shining Light","player_choice":"Entered Light","floor":2.0,"gold_loss":0.0,"damage_taken":23.0,"cards_upgraded":["Limit Break","Bash"]},{"cards_removed":["Strike_R"],"damage_healed":0.0,"max_hp_gain":0.0,"max_hp_loss":0.0,"gold_gain":0.0,"event_name":"Bonfire Elementals","player_choice":"Offered Basic","floor":10.0,"gold_loss":0.0,"damage_taken":0.0},{"cards_removed":["Strike_R"],"damage_healed":0.0,"max_hp_gain":0.0,"max_hp_loss":0.0,"gold_gain":0.0,"event_name":"Golden Wing","player_choice":"Card Removal","floor":12.0,"gold_loss":0.0,"damage_taken":7.0},{"damage_healed":18.0,"max_hp_gain":0.0,"max_hp_loss":0.0,"gold_gain":0.0,"event_name":"The Cleric","player_choice":"Healed","floor":13.0,"gold_loss":35.0,"damage_taken":0.0},{"damage_healed":0.0,"max_hp_gain":0.0,"max_hp_loss":0.0,"gold_gain":0.0,"event_name":"Cursed Tome","player_choice":"Obtained Book","floor":19.0,"gold_loss":0.0,"damage_taken":21.0},{"damage_healed":0.0,"max_hp_gain":0.0,"max_hp_loss":38.0,"gold_gain":0.0,"event_name":"Ghosts","player_choice":"Became a Ghost","floor":21.0,"gold_loss":0.0,"damage_taken":0.0,"cards_obtained":["Ghostly","Ghostly","Ghostly"]},{"damage_healed":0.0,"max_hp_gain":0.0,"max_hp_loss":0.0,"gold_gain":0.0,"event_name":"The Mausoleum","player_choice":"Ignored","floor":22.0,"gold_loss":0.0,"damage_taken":0.0}],"is_beta":false,"boss_relics":[{"not_picked":["Snecko Eye","Calling Bell"],"picked":"Mark of Pain"}],"items_purged_floors":[28],"is_endless":false,"potions_floor_spawned":[4,7,16,20,24,29,31],"killed_by":"Automaton","ascension_level":18}