{"gold_per_floor":[368,368,39,4,16,43,43,56,56,91,121,139,139,153,153,256,256,274,293,150,164,164,180,211,222,275,200,32,32,32,45,45,149,199,209,109,109,126,126,454,473,499,499,509,524,524,556,572,572,572],"floor_reached":51,"playtime":5301,"items_purged":["Strike_B","Strike_B"],"score":1002,"play_id":"aa62da26-d818-4ed7-bf10-c24280f62eae","local_time":"20181113225104","is_ascension_mode":true,"campfire_choices":[{"data":"Dualcast","floor":7,"key":"SMITH"},{"floor":13,"key":"REST"},{"floor":15,"key":"REST"},{"data":"White Noise","floor":30,"key":"SMITH"},{"data":"Buffer","floor":32,"key":"SMITH"},{"data":"Reinforced Body","floor":49,"key":"SMITH"}],"neow_cost":"PERCENT_DAMAGE","seed_source_timestamp":251770953447651,"circlet_count":0,"master_deck":["Strike_B+1","Defend_B+1","Defend_B","Defend_B","Zap+1","Dualcast+1","Doom and Gloom+1","Echo Form","Hologram","Buffer+1","Redo","Reinforced Body+1","Core Surge","Chaos+1","Self Repair+1","Leap","Tempest","White Noise+1","Go for the Eyes","Echo Form","Compile Driver+1","Conserve Battery","Storm+1","BootSequence+1","Coolheaded+1","Thunder Strike","Force Field+1"],"relics":["Cracked Core","OrangePellets","Mummified Hand","Vajra","Whetstone","Ornamental Fan","Coffee Dripper","Red Mask","Blood Vial","Tiny House","Anchor","The Courier","Old Coin","Kunai","Bottled Lightning","Art of War"],"potions_floor_usage":[12,16,24,33,38,38,40,42,47,50,50,50,50],"damage_taken":[{"damage":7,"enemies":"Jaw Worm","floor":1,"turns":3},{"damage":0,"enemies":"2 Louse","floor":5,"turns":2},{"damage":30,"enemies":"Lagavulin","floor":6,"turns":6},{"damage":10,"enemies":"Cultist","floor":8,"turns":4},{"damage":16,"enemies":"Gremlin Nob","floor":10,"turns":4},{"damage":2,"enemies":"Looter","floor":12,"turns":2},{"damage":0,"enemies":"2 Fungi Beasts","floor":14,"turns":4},{"damage":12,"enemies":"Hexaghost","floor":16,"turns":8},{"damage":8,"enemies":"Shell Parasite","floor":18,"turns":4},{"damage":4,"enemies":"Spheric Guardian","floor":19,"turns":3},{"damage":17,"enemies":"Cultist and Chosen","floor":21,"turns":5},{"damage":8,"enemies":"3 Cultists","floor":23,"turns":4},{"damage":26,"enemies":"Masked Bandits","floor":24,"turns":7},{"damage":16,"enemies":"Snake Plant","floor":25,"turns":5},{"damage":3,"enemies":"Cultist and Chosen","floor":31,"turns":5},{"damage":4,"enemies":"Champ","floor":33,"turns":14},{"damage":8,"enemies":"Orb Walker","floor":35,"turns":3},{"damage":23,"enemies":"3 Darklings","floor":38,"turns":7},{"damage":0,"enemies":"Nemesis","floor":40,"turns":9},{"damage":10,"enemies":"Transient","floor":41,"turns":5},{"damage":60,"enemies":"Reptomancer","floor":42,"turns":5},{"damage":5,"enemies":"Writhing Mass","floor":44,"turns":6},{"damage":0,"enemies":"Maw","floor":45,"turns":7},{"damage":5,"enemies":"Nemesis","floor":47,"turns":5},{"damage":0,"enemies":"4 Shapes","floor":48,"turns":4},{"damage":72,"enemies":"Awakened One","floor":50,"turns":13}],"seed_played":"-5954341890660780810","potions_obtained":[{"floor":1,"key":"FairyPotion"},{"floor":6,"key":"SteroidPotion"},{"floor":10,"key":"EssenceOfSteel"},{"floor":14,"key":"Regen Potion"},{"floor":16,"key":"LiquidBronze"},{"floor":21,"key":"Fire Potion"},{"floor":24,"key":"LiquidBronze"},{"floor":25,"key":"AttackPotion"},{"floor":34,"key":"Swift Potion"},{"floor":35,"key":"SkillPotion"},{"floor":41,"key":"Regen Potion"},{"floor":42,"key":"FairyPotion"},{"floor":45,"key":"Poison Potion"},{"floor":46,"key":"PowerPotion"},{"floor":46,"key":"GamblersBrew"},{"floor":46,"key":"EntropicBrew"},{"floor":47,"key":"Fire Potion"}],"is_trial":false,"path_per_floor":["M","?","$","?","M","E","R","M","T","E","?","M","R","M","R","B",null,"M","M","$","M","?","M","?","M","T","?","$","?","R","M","R","B",null,"M","$","T","M","T","E","M","E","T","M","M","?","E","M","R","B",null],"character_chosen":"DEFECT","items_purchased":["Echo Form","OrangePellets","Self Repair","White Noise","SneckoOil"],"campfire_rested":2,"item_purchase_floors":[3,3,20,28,36],"current_hp_per_floor":[43,43,43,61,61,31,31,21,21,5,5,3,25,25,47,50,69,61,57,57,47,47,59,53,57,57,57,57,57,57,75,75,75,80,72,72,72,71,71,80,70,41,41,58,80,80,80,80,80,18],"gold":572,"neow_bonus":"TWO_FIFTY_GOLD","is_prod":false,"is_daily":false,"chose_seed":false,"campfire_upgraded":4,"win_rate":0,"timestamp":1542145864,"path_taken":["M","?","$","?","M","E","R","M","T","E","?","M","R","M","R","BOSS","M","M","$","M","?","?","?","M","T","?","$","?","R","M","R","BOSS","M","$","?","?","?","E","?","E","T","?","M","?","E","M","R","BOSS"],"build_version":"2018-11-08","purchased_purges":2,"victory":true,"max_hp_per_floor":[75,75,75,75,75,75,75,75,75,75,75,75,75,75,75,75,75,75,75,75,75,75,75,75,75,75,75,75,75,75,75,75,75,80,80,80,80,80,80,80,80,80,80,80,80,80,80,80,80,80],"card_choices":[{"not_picked":["Heatsinks","Fusion"],"picked":"Doom and Gloom","floor":1},{"not_picked":["Chaos","Undo"],"picked":"Hologram","floor":5},{"not_picked":["Coolheaded","Consume"],"picked":"Buffer","floor":6},{"not_picked":["Steam","Streamline"],"picked":"Redo","floor":8},{"not_picked":["Redo","Rip and Tear"],"picked":"Reinforced Body","floor":10},{"not_picked":["Darkness","Barrage","Lockon"],"picked":"SKIP","floor":12},{"not_picked":["Reprogram","Barrage","Steam"],"picked":"SKIP","floor":14},{"not_picked":["Amplify","Buffer"],"picked":"Core Surge","floor":16},{"not_picked":["Redo","Melter","Turbo"],"picked":"SKIP","floor":18},{"not_picked":["Hologram","Doom and Gloom"],"picked":"Chaos+1","floor":19},{"not_picked":["Gash","Redo","Ball Lightning+1"],"picked":"SKIP","floor":21},{"not_picked":["Rip and Tear","Chaos","Steam"],"picked":"SKIP","floor":23},{"not_picked":["Cold Snap+1","Reinforced Body"],"picked":"Leap","floor":24},{"not_picked":["Gash","Hologram+1"],"picked":"Tempest","floor":25},{"not_picked":["Beam Cell","Redo"],"picked":"Go for the Eyes","floor":31},{"not_picked":["Machine Learning","Creative AI"],"picked":"Echo Form","floor":33},{"not_picked":["Coolheaded","Barrage"],"picked":"Compile Driver+1","floor":34},{"not_picked":["Ball Lightning+1","Gash","Recycle"],"picked":"SKIP","floor":35},{"not_picked":["Loop","Thunder Strike"],"picked":"Conserve Battery","floor":38},{"not_picked":["Gash+1","Compile Driver"],"picked":"Storm+1","floor":40},{"not_picked":["Stack+1","Turbo+1"],"picked":"BootSequence+1","floor":41},{"not_picked":["Gash","Static Discharge"],"picked":"Coolheaded+1","floor":42},{"not_picked":["Blizzard","Rip and Tear","Steam+1"],"picked":"SKIP","floor":44},{"not_picked":["Barrage+1","Coolheaded+1","Leap+1"],"picked":"SKIP","floor":45},{"not_picked":["Coolheaded","BootSequence"],"picked":"Thunder Strike","floor":47},{"not_picked":["Chill","Turbo"],"picked":"Force Field+1","floor":48}],"player_experience":504094,"relics_obtained":[{"floor":6,"key":"Mummified Hand"},{"floor":9,"key":"Vajra"},{"floor":10,"key":"Whetstone"},{"floor":24,"key":"Red Mask"},{"floor":26,"key":"Blood Vial"},{"floor":37,"key":"Anchor"},{"floor":39,"key":"The Courier"},{"floor":40,"key":"Old Coin"},{"floor":42,"key":"Kunai"},{"floor":43,"key":"Bottled Lightning"},{"floor":47,"key":"Art of War"}],"event_choices":[{"damage_healed":0,"gold_gain":0,"player_choice":"Grow","damage_taken":0,"max_hp_gain":0,"max_hp_loss":0,"event_name":"Living Wall","floor":2,"gold_loss":0,"cards_upgraded":["Zap"]},{"damage_healed":18,"gold_gain":0,"player_choice":"Healed","damage_taken":0,"max_hp_gain":0,"max_hp_loss":0,"event_name":"The Cleric","floor":4,"gold_loss":35},{"damage_healed":0,"gold_gain":30,"player_choice":"Searched \u00273\u0027 times","damage_taken":0,"relics_obtained":["Ornamental Fan"],"max_hp_gain":0,"max_hp_loss":0,"event_name":"Dead Adventurer","floor":11,"gold_loss":0},{"damage_healed":0,"gold_gain":0,"player_choice":"Forge","damage_taken":0,"max_hp_gain":0,"max_hp_loss":0,"event_name":"Accursed Blacksmith","floor":22,"gold_loss":0,"cards_upgraded":["Self Repair"]},{"damage_healed":0,"gold_gain":0,"player_choice":"Fought Bandits","damage_taken":0,"max_hp_gain":0,"max_hp_loss":0,"event_name":"Masked Bandits","floor":24,"gold_loss":0},{"cards_removed":["Strike_B"],"damage_healed":0,"gold_gain":0,"player_choice":"Gave Gold","damage_taken":0,"max_hp_gain":0,"max_hp_loss":0,"event_name":"Beggar","floor":27,"gold_loss":75},{"cards_removed":["Defend_B"],"damage_healed":0,"gold_gain":0,"player_choice":"Purged","damage_taken":0,"max_hp_gain":0,"max_hp_loss":0,"event_name":"Purifier","floor":29,"gold_loss":0},{"damage_healed":0,"gold_gain":0,"player_choice":"Got Potions","damage_taken":0,"max_hp_gain":0,"max_hp_loss":0,"event_name":"Lab","floor":46,"gold_loss":0}],"is_beta":false,"boss_relics":[{"not_picked":["Black Star","Lizard Tail"],"picked":"Coffee Dripper"},{"not_picked":["Pandora\u0027s Box","Runic Pyramid"],"picked":"Tiny House"}],"items_purged_floors":[20,28],"is_endless":false,"potions_floor_spawned":[1,6,10,14,16,21,23,24,25,35,41,42,45,47],"ascension_level":7}