{"path_per_floor":["M","?","?","M","?","R","M","R","T","$","T","E","R","M","R","B",null,"M","$","M","$","M","R","E","?","T","R","M","$","?","M","R","B",null,"M"],"character_chosen":"IRONCLAD","items_purchased":["Transmutation","Apotheosis"],"gold_per_floor":[110,110,110,122,122,122,135,135,212,0,46,75,75,91,91,191,191,203,22,39,39,57,57,84,84,109,109,119,44,44,64,64,169,169,186],"floor_reached":36,"campfire_rested":4,"playtime":3362,"current_hp_per_floor":[80,73,73,66,66,66,63,63,63,63,63,56,80,80,80,26,80,73,73,67,67,36,60,8,34,34,58,24,24,24,15,39,33,80,25],"items_purged":["Strike_R"],"gold":186,"score":330,"play_id":"c772525a-297a-4508-a07d-351e46b8d5a9","is_prod":false,"is_daily":false,"is_ascension_mode":false,"campfire_upgraded":3,"path_taken":["M","?","?","M","?","R","M","R","T","$","?","E","R","?","R","BOSS","M","$","M","$","M","R","E","?","T","R","M","$","?","M","R","BOSS","M","M"],"build_version":"2018-02-12-PROD1","purchased_purges":1,"victory":false,"master_deck":["Strike_R","Strike_R","Strike_R","Strike_R","Defend_R+1","Defend_R+1","Bash","Headbutt+1","Thunderclap+1","Heavy Blade","Flex+1","Transmutation+1","Burning Pact+1","Thunderclap","Apotheosis+1","Flex+1","Writhe","Fiend Fire","Flex+1"],"max_hp_per_floor":[80,80,80,80,80,80,80,80,80,80,80,80,80,80,80,80,80,80,80,80,80,80,80,80,80,80,80,80,80,80,80,80,80,80,80],"relics":["Burning Blood","Bag of Preparation","Toolbox","Toxic Egg 2","Lantern","Bronze Scales","Question Card","Pen Nib","War Paint","Vajra","Mark of Pain"],"card_choices":[{"not_picked":["Warcry","Perfected Strike"],"picked":"Headbutt"},{"not_picked":["Perfected Strike","Hemokinesis"],"picked":"Heavy Blade"},{"not_picked":["Body Slam","True Grit"],"picked":"Flex"},{"not_picked":["Juggernaut","Clash"],"picked":"Burning Pact"},{"not_picked":["Uppercut","Iron Wave","Anger"],"picked":"Thunderclap"},{"not_picked":["Intimidate","Heavy Blade","Twin Strike"],"picked":"Flex"},{"not_picked":["Brutality","Limit Break","Demon Form"],"picked":"Fiend Fire"},{"not_picked":["Armaments","Corruption","Pommel Strike"],"picked":"Flex"}],"player_experience":31872,"potions_floor_usage":[33,33,33,36],"damage_taken":[{"damage":1,"enemies":"Cultist","floor":1,"turns":3},{"damage":13,"enemies":"Jaw Worm","floor":4,"turns":3},{"damage":9,"enemies":"Small Slimes","floor":7,"turns":3},{"damage":17,"enemies":"3 Sentries","floor":12,"turns":4},{"damage":0,"enemies":"3 Louse","floor":14,"turns":1},{"damage":60,"enemies":"Hexaghost","floor":16,"turns":8},{"damage":13,"enemies":"Chosen","floor":18,"turns":5},{"damage":12,"enemies":"Shell Parasite","floor":20,"turns":4},{"damage":37,"enemies":"Snecko","floor":22,"turns":5},{"damage":58,"enemies":"Gremlin Leader","floor":24,"turns":8},{"damage":44,"enemies":"Chosen and Byrds","floor":28,"turns":5},{"damage":21,"enemies":"Snake Plant","floor":31,"turns":3},{"damage":18,"enemies":"Collector","floor":33,"turns":4},{"damage":61,"enemies":"3 Shapes","floor":35,"turns":4},{"damage":34,"enemies":"3 Darklings","floor":36,"turns":2}],"event_choices":[{"event_name":"Scrap Ooze","player_choice":"success","floor":2,"damage_taken":7},{"event_name":"Transmorgrifier","player_choice":"Transform","floor":3,"damage_taken":0},{"event_name":"Accursed Blacksmith","player_choice":"Rummage","floor":5,"damage_taken":0},{"event_name":"The Library","player_choice":"Heal","floor":25,"damage_taken":0},{"event_name":"The Mausoleum","player_choice":"Yes","floor":30,"damage_taken":0}],"boss_relics":[{"not_picked":["Calling Bell","Ectoplasm"],"picked":"Question Card"},{"not_picked":["Orrery","Black Blood"],"picked":"Mark of Pain"}],"potions_floor_spawned":[4,7,12,20,28,33],"seed_played":"-6239239168666521394","killed_by":"3 Darklings","ascension_level":0,"is_trial":false}