{"gold_per_floor":[10,22,39,39,53,53,83,48,48,48,66,84,84,84,84,158,158,178,103,114,130,130],"floor_reached":22,"playtime":1492,"items_purged":[],"score":357,"play_id":"df6cef77-6ce7-43ce-9e99-3e295a8c2384","local_time":"20190106233624","is_ascension_mode":true,"campfire_choices":[{"data":"Tempest","floor":6,"key":"SMITH"},{"data":"Zap","floor":10,"key":"SMITH"},{"data":"Defragment","floor":13,"key":"SMITH"},{"floor":15,"key":"REST"}],"neow_cost":"NO_GOLD","seed_source_timestamp":82707524462696,"circlet_count":0,"master_deck":["AscendersBane","Strike_B","Strike_B","Defend_B","Defend_B","Defend_B","Defend_B+1","Zap+1","Dualcast","Tempest+1","Defragment+1","Conserve Battery+1","Defragment","Ball Lightning","White Noise","Creative AI","Tempest"],"relics":["Cracked Core","Pocketwatch","Blood Vial","Vajra","Snecko Eye"],"potions_floor_usage":[21,21,22],"damage_taken":[{"damage":7,"enemies":"2 Louse","floor":1,"turns":2},{"damage":2,"enemies":"Jaw Worm","floor":2,"turns":3},{"damage":0,"enemies":"Small Slimes","floor":3,"turns":3},{"damage":16,"enemies":"Exordium Wildlife","floor":5,"turns":4},{"damage":11,"enemies":"Lagavulin","floor":7,"turns":6},{"damage":5,"enemies":"Looter","floor":11,"turns":3},{"damage":6,"enemies":"Red Slaver","floor":12,"turns":3},{"damage":14,"enemies":"Hexaghost","floor":16,"turns":7},{"damage":8,"enemies":"Chosen","floor":18,"turns":5},{"damage":33,"enemies":"3 Byrds","floor":20,"turns":4},{"damage":21,"enemies":"Centurion and Healer","floor":21,"turns":4},{"damage":11,"enemies":"Snake Plant","floor":22,"turns":1}],"seed_played":"6103880909926374736","potions_obtained":[{"floor":1,"key":"Ancient Potion"},{"floor":3,"key":"SteroidPotion"},{"floor":7,"key":"Explosive Potion"},{"floor":16,"key":"FocusPotion"},{"floor":18,"key":"Fruit Juice"},{"floor":21,"key":"LiquidBronze"}],"is_trial":false,"path_per_floor":["M","M","M","?","M","R","E","?","T","R","M","M","R","?","R","B",null,"M","?","M","M","M"],"character_chosen":"DEFECT","items_purchased":[],"campfire_rested":1,"item_purchase_floors":[],"current_hp_per_floor":[57,55,55,48,32,32,21,38,38,38,35,31,31,10,31,19,58,52,52,21,7,0],"gold":130,"neow_bonus":"ONE_RARE_RELIC","is_prod":false,"is_daily":false,"chose_seed":false,"campfire_upgraded":3,"win_rate":0,"timestamp":1546814184,"path_taken":["M","M","M","?","M","R","E","?","T","R","M","M","R","?","R","BOSS","M","?","M","M","M"],"build_version":"2019-01-03v4","purchased_purges":0,"victory":false,"max_hp_per_floor":[71,71,71,71,71,71,71,71,71,71,71,71,71,71,71,71,71,71,71,71,76,76],"card_choices":[{"not_picked":["Double Energy","Fusion","Coolheaded"],"picked":"SKIP","floor":1},{"not_picked":["Stack","Gash"],"picked":"Tempest","floor":2},{"not_picked":["Lockon","Consume"],"picked":"Defragment","floor":3},{"not_picked":["Blizzard","Coolheaded"],"picked":"Conserve Battery","floor":5},{"not_picked":["Streamline","Scrape"],"picked":"Defragment","floor":7},{"not_picked":["Rebound","Leap"],"picked":"Ball Lightning","floor":11},{"not_picked":["Self Repair","Rebound"],"picked":"White Noise","floor":12},{"not_picked":["Fission","Hyperbeam"],"picked":"Creative AI","floor":16},{"not_picked":["Undo","Sweeping Beam+1","Steam"],"picked":"SKIP","floor":18},{"not_picked":["Consume","Steam","Coolheaded"],"picked":"SKIP","floor":20},{"not_picked":["Fusion","Steam"],"picked":"Tempest","floor":21}],"player_experience":772283,"relics_obtained":[{"floor":7,"key":"Blood Vial"},{"floor":9,"key":"Vajra"}],"event_choices":[{"cards_removed":["Strike_B"],"damage_healed":0,"gold_gain":0,"player_choice":"Card Removal","damage_taken":7,"max_hp_gain":0,"max_hp_loss":0,"event_name":"Golden Wing","floor":4,"gold_loss":0},{"damage_healed":17,"gold_gain":0,"player_choice":"Healed","damage_taken":0,"max_hp_gain":0,"max_hp_loss":0,"event_name":"The Cleric","floor":8,"gold_loss":35},{"damage_healed":0,"gold_gain":0,"player_choice":"Entered Light","damage_taken":21,"max_hp_gain":0,"max_hp_loss":0,"event_name":"Shining Light","floor":14,"gold_loss":0,"cards_upgraded":["Conserve Battery","Defend_B"]},{"cards_removed":["Strike_B"],"damage_healed":0,"gold_gain":0,"player_choice":"Gave Gold","damage_taken":0,"max_hp_gain":0,"max_hp_loss":0,"event_name":"Beggar","floor":19,"gold_loss":75}],"is_beta":false,"boss_relics":[{"not_picked":["Eternal Feather","Lizard Tail"],"picked":"Snecko Eye"}],"items_purged_floors":[],"is_endless":false,"potions_floor_spawned":[1,3,7,11,16,18,21],"killed_by":"Snake Plant","ascension_level":18}