{"gold_per_floor":[369,149,224,115,115,150,150,185,185,198,198,210,225,241,241,339,339,359,359,359,73,173,203,215,235,235,259,287,287,287,299,299,395,395,409,425,440,453,465,494,512,512,539,553,450,463,463,463,463,463],"floor_reached":51,"playtime":3860,"items_purged":["Strike_G"],"score":804,"play_id":"3ed27fe5-22e0-4e66-8a3d-fe2e67e83419","local_time":"20190127084512","is_ascension_mode":false,"campfire_choices":[{"floor":7.0,"key":"REST"},{"floor":11.0,"key":"REST"},{"floor":15.0,"key":"REST"},{"floor":30.0,"key":"REST"},{"data":"Infinite Blades","floor":32.0,"key":"SMITH"},{"data":"1","floor":42,"key":"LIFT"},{"floor":47,"key":"REST"},{"data":"2","floor":49,"key":"LIFT"}],"neow_cost":"PERCENT_DAMAGE","seed_source_timestamp":194071704971,"circlet_count":0,"master_deck":["Defend_G+1","Defend_G+1","Defend_G+1","Strike_G+1","Strike_G+1","Strike_G+1","Survivor","Neutralize","Leg Sweep","Backstab","Infinite Blades+1","Dash","Caltrops","Dagger Spray","Accuracy","PiercingWail","Dagger Spray","Noxious Fumes","Adrenaline","After Image","Quick Slash+1","Reflex+1","Distraction+1","Escape Plan","Flying Knee","Footwork","Escape Plan","Caltrops","Well Laid Plans","Blade Dance+1","Tools of the Trade","Cloak And Dagger","Blur+1","Backflip+1","Blade Dance","Escape Plan","Footwork","Noxious Fumes"],"special_seed":0,"relics":["Ring of the Snake","Mercury Hourglass","Omamori","Sundial","Astrolabe","MutagenicStrength","Mummified Hand","Gremlin Horn","StoneCalendar","Blood Vial","Lantern","WristBlade","Girya","Juzu Bracelet","The Specimen"],"potions_floor_usage":[50,50,50],"damage_taken":[{"damage":2.0,"enemies":"Cultist","floor":1.0,"turns":4.0},{"damage":9.0,"enemies":"Gremlin Nob","floor":6.0,"turns":6.0},{"damage":17.0,"enemies":"Lagavulin","floor":8.0,"turns":8.0},{"damage":0.0,"enemies":"2 Louse","floor":10.0,"turns":1.0},{"damage":0.0,"enemies":"Small Slimes","floor":12.0,"turns":2.0},{"damage":0.0,"enemies":"Looter","floor":13.0,"turns":3.0},{"damage":3.0,"enemies":"Red Slaver","floor":14.0,"turns":4.0},{"damage":29.0,"enemies":"Slime Boss","floor":16.0,"turns":8.0},{"damage":15.0,"enemies":"Spheric Guardian","floor":18.0,"turns":4.0},{"damage":0.0,"enemies":"Book of Stabbing","floor":23.0,"turns":5.0},{"damage":0.0,"enemies":"3 Byrds","floor":24.0,"turns":2.0},{"damage":0.0,"enemies":"Snake Plant","floor":25.0,"turns":3.0},{"damage":26.0,"enemies":"Slavers","floor":28.0,"turns":4.0},{"damage":6.0,"enemies":"Sentry and Sphere","floor":31.0,"turns":4.0},{"damage":47.0,"enemies":"Champ","floor":33.0,"turns":10.0},{"damage":0,"enemies":"3 Shapes","floor":35,"turns":5},{"damage":0,"enemies":"3 Darklings","floor":36,"turns":3},{"damage":0,"enemies":"4 Shapes","floor":37,"turns":5},{"damage":13,"enemies":"Transient","floor":38,"turns":5},{"damage":0,"enemies":"Maw","floor":39,"turns":7},{"damage":0,"enemies":"Reptomancer","floor":40,"turns":6},{"damage":0,"enemies":"4 Shapes","floor":41,"turns":3},{"damage":18,"enemies":"Spire Growth","floor":44,"turns":4},{"damage":0,"enemies":"Writhing Mass","floor":46,"turns":6},{"damage":12,"enemies":"Donu and Deca","floor":50,"turns":5}],"seed_played":"249512228212405014","potions_obtained":[{"floor":6.0,"key":"Dexterity Potion"},{"floor":13.0,"key":"Ancient Potion"},{"floor":14.0,"key":"AttackPotion"},{"floor":33.0,"key":"SkillPotion"},{"floor":36,"key":"EssenceOfSteel"}],"is_trial":false,"path_per_floor":["M","$","?","$","?","E","R","E","T","M","R","M","M","M","R","B",null,"M","?","?","$","?","E","M","M","T","T","E","?","R","M","R","B",null,"M","M","M","M","M","E","M","R","T","M","$","M","R","T","R","B",null],"character_chosen":"THE_SILENT","items_purchased":["Backstab","Infinite Blades","Dash","Caltrops","Mummified Hand","Flying Knee","Escape Plan","Footwork"],"campfire_rested":5,"item_purchase_floors":[2,2,4,4,21,21,45,45],"current_hp_per_floor":[47,47,36,36,36,27,48,31,31,31,52,52,52,49,70,41,70,55,55,55,55,55,55,55,55,55,55,31,31,52,48,48,3,70,70,70,70,57,59,61,63,63,63,47,47,49,70,70,70,58],"gold":463,"neow_bonus":"TWO_FIFTY_GOLD","is_prod":false,"is_daily":false,"chose_seed":false,"campfire_upgraded":1,"win_rate":0,"timestamp":1548600312,"path_taken":["M","?","?","$","?","E","R","E","T","M","R","M","M","M","R","BOSS","M","?","?","$","?","E","M","?","T","?","E","?","R","M","R","BOSS","M","?","M","M","M","E","M","R","T","M","$","M","R","?","R","BOSS"],"build_version":"2019-01-23","purchased_purges":1,"victory":true,"max_hp_per_floor":[70,70,70,70,70,70,70,70,70,70,70,70,70,70,70,70,70,70,70,70,70,70,70,70,70,70,70,70,70,70,70,70,70,70,70,70,70,70,70,70,70,70,70,70,70,70,70,70,70,70],"card_choices":[{"not_picked":["Acrobatics","Outmaneuver"],"picked":"Leg Sweep","floor":1.0},{"not_picked":["Riddle With Holes","Terror"],"picked":"Dagger Spray","floor":6.0},{"not_picked":["Concentrate","Poisoned Stab"],"picked":"Accuracy","floor":8.0},{"not_picked":["Deflect","Poisoned Stab"],"picked":"PiercingWail","floor":10.0},{"not_picked":["Deadly Poison","Prepared"],"picked":"Dagger Spray","floor":12.0},{"not_picked":["Underhanded Strike","Deflect"],"picked":"Noxious Fumes","floor":13.0},{"not_picked":["Dodge and Roll","Acrobatics"],"picked":"Adrenaline","floor":14.0},{"not_picked":["Unload","Grand Finale"],"picked":"After Image","floor":16.0},{"not_picked":["Slice","Dodge and Roll+1"],"picked":"Escape Plan","floor":18.0},{"not_picked":["Cloak And Dagger","Backflip"],"picked":"Footwork","floor":23.0},{"not_picked":["Quick Slash","Tactician"],"picked":"Escape Plan","floor":24.0},{"not_picked":["Heel Hook+1","Skewer"],"picked":"Caltrops","floor":25.0},{"not_picked":["Choke","Predator"],"picked":"Well Laid Plans","floor":28.0},{"not_picked":["Deadly Poison","Deflect"],"picked":"Blade Dance+1","floor":31.0},{"not_picked":["Malaise","Phantasmal Killer"],"picked":"Tools of the Trade","floor":33.0},{"not_picked":["Underhanded Strike","Masterful Stab+1"],"picked":"Cloak And Dagger","floor":35},{"not_picked":["Underhanded Strike","Tactician"],"picked":"Blur+1","floor":36},{"not_picked":["Dagger Throw","Concentrate"],"picked":"Backflip+1","floor":37},{"not_picked":["Eviscerate","Flying Knee","Deadly Poison"],"picked":"SKIP","floor":38},{"not_picked":["Deflect","Dagger Spray","Masterful Stab+1"],"picked":"SKIP","floor":39},{"not_picked":["Backflip","Bouncing Flask+1"],"picked":"Blade Dance","floor":40},{"not_picked":["Leg Sweep","Flying Knee+1","Choke"],"picked":"SKIP","floor":41},{"not_picked":["Escape Plan","Slice+1","Catalyst+1"],"picked":"SKIP","floor":44},{"not_picked":["Bane+1","Setup+1"],"picked":"Noxious Fumes","floor":46}],"player_experience":329668,"relics_obtained":[{"floor":6.0,"key":"Mercury Hourglass"},{"floor":8.0,"key":"Omamori"},{"floor":9.0,"key":"Sundial"},{"floor":23.0,"key":"Gremlin Horn"},{"floor":26.0,"key":"StoneCalendar"},{"floor":27.0,"key":"Blood Vial"},{"floor":28.0,"key":"Lantern"},{"floor":40,"key":"Girya"},{"floor":43,"key":"Juzu Bracelet"},{"floor":48,"key":"The Specimen"}],"event_choices":[{"damage_healed":0.0,"max_hp_gain":0.0,"max_hp_loss":0.0,"gold_gain":75.0,"event_name":"World of Goop","player_choice":"Gather Gold","floor":3.0,"gold_loss":0.0,"damage_taken":11.0},{"damage_healed":0.0,"max_hp_gain":0.0,"max_hp_loss":0.0,"gold_gain":0.0,"event_name":"Golden Idol","player_choice":"Ignored","floor":5.0,"gold_loss":0.0,"damage_taken":0.0},{"damage_healed":0.0,"max_hp_gain":0.0,"max_hp_loss":0.0,"gold_gain":0.0,"event_name":"Drug Dealer","player_choice":"Inject Mutagens","floor":19.0,"gold_loss":0.0,"damage_taken":0.0,"relics_obtained":["MutagenicStrength"]},{"damage_healed":0.0,"max_hp_gain":0.0,"max_hp_loss":0.0,"gold_gain":0.0,"event_name":"Back to Basics","player_choice":"Simplicity","floor":20.0,"gold_loss":0.0,"damage_taken":0.0,"cards_upgraded":["Defend_G","Defend_G","Defend_G","Strike_G","Strike_G","Strike_G"]},{"damage_healed":0.0,"max_hp_gain":0.0,"max_hp_loss":0.0,"gold_gain":100.0,"event_name":"Golden Shrine","player_choice":"Pray","floor":22.0,"gold_loss":0.0,"damage_taken":0.0},{"damage_healed":0.0,"max_hp_gain":0.0,"max_hp_loss":0.0,"gold_gain":0.0,"event_name":"N\u0027loth","player_choice":"Ignored","floor":29.0,"gold_loss":0.0,"damage_taken":0.0}],"is_beta":false,"boss_relics":[{"not_picked":["Orrery","Coffee Dripper"],"picked":"Astrolabe"},{"not_picked":["White Beast Statue","Snecko Eye"],"picked":"WristBlade"}],"items_purged_floors":[2],"is_endless":false,"potions_floor_spawned":[6,13,14,25,28,33,36,39,41,44],"ascension_level":0}