{"gold_per_floor":[115,115,126,96,110,110,124,124,171,187,214,230,230,261,261,337,337,347,347,363,17,27,27,46,46,46,46,59,59,88,105,105,105],"floor_reached":33,"playtime":4995,"items_purged":["Strike_G"],"score":488,"play_id":"96d6462a-9e87-4151-ad32-5753faed4212","local_time":"20190110203953","is_ascension_mode":true,"campfire_choices":[{"data":"Deadly Poison","floor":6.0,"key":"SMITH"},{"data":"Crippling Poison","floor":8.0,"key":"SMITH"},{"floor":15.0,"key":"REST"},{"floor":23,"key":"REST"},{"floor":25,"key":"REST"},{"data":"Bouncing Flask","floor":29,"key":"SMITH"},{"floor":32,"key":"REST"}],"neow_cost":"NONE","seed_source_timestamp":4059402699594,"circlet_count":0,"master_deck":["AscendersBane","Defend_G","Defend_G","Defend_G","Defend_G","Defend_G","Strike_G+1","Strike_G","Strike_G","Strike_G","Survivor+1","Neutralize+1","Deadly Poison+1","Quick Slash","Crippling Poison+1","Poisoned Stab","Bouncing Flask+1","Well Laid Plans","Malaise","Dagger Spray","PiercingWail","Escape Plan","Cloak And Dagger","Mayhem","Caltrops"],"special_seed":0,"relics":["Ring of the Snake","Bag of Marbles","Oddly Smooth Stone","Mummified Hand","Orrery","StoneCalendar","Shuriken"],"potions_floor_usage":[18,24,28],"damage_taken":[{"damage":1.0,"enemies":"Jaw Worm","floor":1.0,"turns":5.0},{"damage":1.0,"enemies":"Cultist","floor":3.0,"turns":5.0},{"damage":1.0,"enemies":"Small Slimes","floor":5.0,"turns":4.0},{"damage":16.0,"enemies":"Exordium Thugs","floor":7.0,"turns":7.0},{"damage":1.0,"enemies":"Looter","floor":10.0,"turns":3.0},{"damage":10.0,"enemies":"Lagavulin","floor":11.0,"turns":7.0},{"damage":9.0,"enemies":"Large Slime","floor":12.0,"turns":6.0},{"damage":1.0,"enemies":"Gremlin Nob","floor":14.0,"turns":3.0},{"damage":14,"enemies":"The Guardian","floor":16,"turns":8},{"damage":11,"enemies":"2 Thieves","floor":18,"turns":5},{"damage":33,"enemies":"Colosseum Slavers","floor":19,"turns":5},{"damage":6,"enemies":"Shell Parasite","floor":20,"turns":8},{"damage":0,"enemies":"Snake Plant","floor":22,"turns":5},{"damage":11,"enemies":"Centurion and Healer","floor":24,"turns":10},{"damage":19,"enemies":"Cultist and Chosen","floor":28,"turns":7},{"damage":19,"enemies":"Gremlin Leader","floor":30,"turns":7},{"damage":9,"enemies":"Chosen and Byrds","floor":31,"turns":6},{"damage":45,"enemies":"Automaton","floor":33,"turns":6}],"seed_played":"-2496773267086276593","potions_obtained":[{"floor":4.0,"key":"Explosive Potion"},{"floor":4.0,"key":"SpeedPotion"},{"floor":7.0,"key":"GhostInAJar"},{"floor":14.0,"key":"SpeedPotion"},{"floor":24,"key":"SteroidPotion"},{"floor":31,"key":"Ancient Potion"}],"is_trial":false,"path_per_floor":["M","?","M","?","M","R","M","R","T","M","E","M","?","E","R","B",null,"M","?","M","$","M","R","M","R","T","?","M","R","E","M","R","B"],"character_chosen":"THE_SILENT","items_purchased":["SpeedPotion","Energy Potion","Mayhem"],"campfire_rested":4,"item_purchase_floors":[21,21,21],"current_hp_per_floor":[58,63,62,62,61,61,45,45,45,44,34,25,4,3,24,10,56,45,12,6,6,6,27,16,37,37,71,52,52,33,24,45,0],"gold":105,"neow_bonus":"UPGRADE_CARD","is_prod":false,"is_daily":false,"chose_seed":false,"campfire_upgraded":3,"win_rate":0,"timestamp":1547149193,"path_taken":["M","?","M","?","?","R","M","R","T","M","E","M","?","E","R","BOSS","M","?","M","$","M","R","M","R","T","?","M","R","E","?","R","BOSS"],"build_version":"2019-01-03v4","purchased_purges":1,"victory":false,"max_hp_per_floor":[66,71,71,71,71,71,71,71,71,71,71,71,71,71,71,71,71,71,71,71,71,71,71,71,71,71,71,71,71,71,71,71,71],"card_choices":[{"not_picked":["Dodge and Roll","Prepared"],"picked":"Deadly Poison","floor":1.0},{"not_picked":["Heel Hook","Blade Dance","Backflip"],"picked":"SKIP","floor":3.0},{"not_picked":["Eviscerate","Deadly Poison"],"picked":"Quick Slash","floor":5.0},{"not_picked":["Riddle With Holes","Venomology"],"picked":"Crippling Poison","floor":7.0},{"not_picked":["Escape Plan","Dagger Throw"],"picked":"Poisoned Stab","floor":10.0},{"not_picked":["Acrobatics","Deflect"],"picked":"Bouncing Flask","floor":11.0},{"not_picked":["Sucker Punch","Slice","Prepared"],"picked":"SKIP","floor":12.0},{"not_picked":["Reflex","Burst"],"picked":"Well Laid Plans","floor":14.0},{"not_picked":["Storm of Steel","Burst"],"picked":"Malaise","floor":16},{"not_picked":["Deadly Poison","Accuracy"],"picked":"Dagger Spray","floor":17},{"not_picked":["Dodge and Roll","Dagger Spray"],"picked":"PiercingWail","floor":17},{"not_picked":["Deflect","Dagger Throw"],"picked":"Escape Plan","floor":17},{"not_picked":["Bane","Infinite Blades"],"picked":"Cloak And Dagger","floor":17},{"not_picked":["Dagger Throw","Flying Knee","Bane+1"],"picked":"SKIP","floor":18},{"not_picked":["Sucker Punch","Flying Knee","Acrobatics+1"],"picked":"SKIP","floor":20},{"not_picked":["Quick Slash","Setup","Slice"],"picked":"SKIP","floor":22},{"not_picked":["Sucker Punch","Backflip","Unload"],"picked":"SKIP","floor":24},{"not_picked":["Flying Knee","Slice","Deflect"],"picked":"SKIP","floor":28},{"not_picked":["Tactician+1","Terror","Calculated Gamble"],"picked":"SKIP","floor":30},{"not_picked":["Dodge and Roll","Underhanded Strike"],"picked":"Caltrops","floor":31}],"player_experience":836684,"relics_obtained":[{"floor":9.0,"key":"Bag of Marbles"},{"floor":11.0,"key":"Oddly Smooth Stone"},{"floor":14.0,"key":"Mummified Hand"},{"floor":26,"key":"StoneCalendar"},{"floor":30,"key":"Shuriken"}],"event_choices":[{"damage_healed":0.0,"max_hp_gain":5.0,"max_hp_loss":0.0,"gold_gain":0.0,"event_name":"Big Fish","player_choice":"Donut","floor":2.0,"gold_loss":0.0,"damage_taken":0.0},{"damage_healed":0.0,"max_hp_gain":0.0,"max_hp_loss":0.0,"gold_gain":0.0,"event_name":"The Woman in Blue","player_choice":"Bought 2 Potions","floor":4.0,"gold_loss":0.0,"damage_taken":0.0},{"damage_healed":0.0,"max_hp_gain":0.0,"max_hp_loss":0.0,"gold_gain":0.0,"event_name":"Shining Light","player_choice":"Entered Light","floor":13.0,"gold_loss":0.0,"damage_taken":21.0,"cards_upgraded":["Survivor","Strike_G"]},{"damage_healed":0,"gold_gain":0,"player_choice":"Fight","damage_taken":0,"max_hp_gain":0,"max_hp_loss":0,"event_name":"Colosseum","floor":19,"gold_loss":0},{"damage_healed":0,"gold_gain":0,"player_choice":"Fled From Nobs","damage_taken":0,"max_hp_gain":0,"max_hp_loss":0,"event_name":"Colosseum","floor":19,"gold_loss":0},{"damage_healed":34,"gold_gain":0,"player_choice":"Full Heal","damage_taken":0,"max_hp_gain":0,"max_hp_loss":0,"event_name":"Wheel of Change","floor":27,"gold_loss":0}],"is_beta":false,"boss_relics":[{"not_picked":["Philosopher\u0027s Stone","Busted Crown"],"picked":"Orrery"}],"items_purged_floors":[21],"is_endless":false,"potions_floor_spawned":[7,10,11,12,14,19,22,24,31],"killed_by":"Automaton","ascension_level":15}