{"gold_per_floor":[113,127,137,152,152,152,185,161,184,217,217,251,265,284,284,384,384,400,400,221,241,120,120,120],"floor_reached":24,"playtime":2124,"items_purged":["Defend_B"],"score":248,"play_id":"12c3cdb2-c3c9-49cf-a6e3-3513452dfdeb","local_time":"20181219014745","is_ascension_mode":true,"campfire_choices":[{"data":"Dualcast","floor":6,"key":"SMITH"},{"floor":11,"key":"REST"},{"floor":15,"key":"REST"},{"data":"Beam Cell","floor":23,"key":"SMITH"}],"neow_cost":"TEN_PERCENT_HP_LOSS","seed_source_timestamp":2864956427575,"circlet_count":0,"master_deck":["Strike_B","Strike_B","Strike_B","Strike_B","Defend_B","Defend_B","Defend_B","Zap","Dualcast+1","Glacier","Cold Snap","Melter","Redo","Cold Snap","Beam Cell+1","Sweeping Beam","Hologram+1","Chill+1","Coolheaded+1","Conserve Battery+1","Streamline"],"relics":["Cracked Core","Nunchaku","Bronze Scales","Strawberry","Blood Vial","Boot","Toxic Egg 2","Sozu","Bag of Preparation"],"potions_floor_usage":[16,16],"damage_taken":[{"damage":1,"enemies":"Cultist","floor":1,"turns":3},{"damage":0,"enemies":"Small Slimes","floor":2,"turns":3},{"damage":1,"enemies":"Jaw Worm","floor":3,"turns":5},{"damage":0,"enemies":"Looter","floor":4,"turns":4},{"damage":28,"enemies":"Gremlin Nob","floor":7,"turns":6},{"damage":9,"enemies":"3 Sentries","floor":10,"turns":10},{"damage":9,"enemies":"Lagavulin","floor":12,"turns":7},{"damage":0,"enemies":"Red Slaver","floor":13,"turns":3},{"damage":11,"enemies":"Lots of Slimes","floor":14,"turns":2},{"damage":24,"enemies":"Slime Boss","floor":16,"turns":11},{"damage":7,"enemies":"Shell Parasite","floor":18,"turns":4},{"damage":13,"enemies":"2 Thieves","floor":21,"turns":3},{"damage":67,"enemies":"Gremlin Leader","floor":24,"turns":9}],"seed_played":"-5181968559446838944","potions_obtained":[{"floor":1,"key":"Regen Potion"},{"floor":3,"key":"SpeedPotion"},{"floor":7,"key":"Strength Potion"}],"is_trial":false,"path_per_floor":["M","M","M","M","?","R","E","?","T","E","R","E","M","M","R","B",null,"M","?","$","M","$","R","E"],"character_chosen":"DEFECT","items_purchased":["Coolheaded+1","Bag of Preparation","Streamline"],"campfire_rested":2,"item_purchase_floors":[20,20,22],"current_hp_per_floor":[67,67,66,66,54,54,33,33,33,26,48,41,43,34,56,34,75,68,68,68,57,57,57,0],"gold":120,"neow_bonus":"ONE_RARE_RELIC","is_prod":false,"is_daily":false,"chose_seed":false,"campfire_upgraded":2,"win_rate":0,"timestamp":1545205665,"path_taken":["M","?","M","M","?","R","E","?","T","E","R","E","?","M","R","BOSS","M","?","$","?","?","R","E"],"build_version":"2018-12-13","purchased_purges":1,"victory":false,"max_hp_per_floor":[68,68,68,68,68,68,75,75,75,75,75,75,75,75,75,75,75,75,75,75,75,75,75,75],"card_choices":[{"not_picked":["Conserve Battery","Fusion"],"picked":"Glacier","floor":1},{"not_picked":["Conserve Battery","Barrage"],"picked":"Cold Snap","floor":2},{"not_picked":["Stack","Streamline"],"picked":"Melter","floor":3},{"not_picked":["Beam Cell","Lockon","Amplify"],"picked":"SKIP","floor":4},{"not_picked":["Fusion","FTL"],"picked":"Redo","floor":7},{"not_picked":["Creative AI","Steam"],"picked":"Cold Snap","floor":10},{"not_picked":["Go for the Eyes","Chaos"],"picked":"Beam Cell","floor":12},{"not_picked":["Darkness+1","Streamline"],"picked":"Sweeping Beam","floor":13},{"not_picked":["Meteor Strike","Streamline"],"picked":"Hologram+1","floor":14},{"not_picked":["Sweeping Beam","Beam Cell"],"picked":"Chill+1","floor":18},{"not_picked":["Ball Lightning","Barrage"],"picked":"Conserve Battery+1","floor":21}],"player_experience":243684,"relics_obtained":[{"floor":7,"key":"Strawberry"},{"floor":9,"key":"Blood Vial"},{"floor":10,"key":"Boot"},{"floor":12,"key":"Toxic Egg 2"}],"event_choices":[{"damage_healed":0,"gold_gain":0,"player_choice":"Success","damage_taken":12,"relics_obtained":["Bronze Scales"],"max_hp_gain":0,"max_hp_loss":0,"event_name":"Scrap Ooze","floor":5,"gold_loss":0},{"damage_healed":0,"gold_gain":0,"player_choice":"Left Gold","damage_taken":0,"max_hp_gain":0,"max_hp_loss":0,"event_name":"World of Goop","floor":8,"gold_loss":24},{"damage_healed":0,"gold_gain":0,"player_choice":"Bought 0 Potions","damage_taken":0,"max_hp_gain":0,"max_hp_loss":0,"event_name":"The Woman in Blue","floor":19,"gold_loss":0}],"is_beta":false,"boss_relics":[{"not_picked":["Cursed Key","Nuclear Battery"],"picked":"Sozu"}],"items_purged_floors":[22],"is_endless":false,"potions_floor_spawned":[1,3,7,12,13,18],"killed_by":"Gremlin Leader","ascension_level":3}