{"gold_per_floor":[209,284,284,39,53,53,82,82,137,137,171,190,215,60,60,132,132,152,171,46,46,46,46,46],"floor_reached":24,"playtime":2904,"items_purged":["Strike_R","Strike_R","Strike_R"],"score":389,"play_id":"b97cc68c-d103-4e65-8165-07c86d3c48fe","local_time":"20190119135804","is_ascension_mode":true,"campfire_choices":[{"data":"Uppercut","floor":6.0,"key":"SMITH"},{"data":"Inflame","floor":8.0,"key":"SMITH"},{"floor":15.0,"key":"REST"},{"data":"Combust","floor":23.0,"key":"SMITH"}],"neow_cost":"NONE","seed_source_timestamp":331419935845301,"circlet_count":0,"master_deck":["AscendersBane","Strike_R","Strike_R","Defend_R","Defend_R","Defend_R","Defend_R","Bash+1","Battle Trance","Uppercut+1","Inflame+1","Anger","Dual Wield","Whirlwind","Combust+1","Feed","Shrug It Off","Limit Break","Shrug It Off","Ghostly","Ghostly","Ghostly"],"special_seed":0,"relics":["Black Blood","Omamori","Regal Pillow","Dream Catcher","Strawberry","WingedGreaves","Bag of Preparation"],"potions_floor_usage":[],"damage_taken":[{"damage":11.0,"enemies":"Small Slimes","floor":1.0,"turns":6.0},{"damage":0.0,"enemies":"2 Louse","floor":5.0,"turns":2.0},{"damage":6.0,"enemies":"Gremlin Nob","floor":7.0,"turns":3.0},{"damage":30.0,"enemies":"3 Sentries","floor":11.0,"turns":8.0},{"damage":2.0,"enemies":"Jaw Worm","floor":12.0,"turns":3.0},{"damage":18.0,"enemies":"Lagavulin","floor":13.0,"turns":4.0},{"damage":15.0,"enemies":"Slime Boss","floor":16.0,"turns":8.0},{"damage":41.0,"enemies":"Chosen","floor":18.0,"turns":4.0},{"damage":37.0,"enemies":"3 Byrds","floor":19.0,"turns":6.0},{"damage":25,"enemies":"Slavers","floor":24,"turns":6}],"seed_played":"-3612479918226541166","potions_obtained":[{"floor":1.0,"key":"EssenceOfSteel"},{"floor":5.0,"key":"Weak Potion"},{"floor":11.0,"key":"Poison Potion"}],"is_trial":false,"path_per_floor":["M","?","?","$","M","R","E","R","T","?","E","M","E","$","R","B",null,"M","M","$","?","?","R","E"],"character_chosen":"IRONCLAD","items_purchased":["Uppercut","Inflame","Shrug It Off"],"campfire_rested":1,"item_purchase_floors":[4,4,14],"current_hp_per_floor":[63,52,52,52,58,58,58,58,58,53,36,40,28,28,67,58,76,45,21,21,21,21,21,0],"gold":46,"neow_bonus":"HUNDRED_GOLD","is_prod":false,"is_daily":false,"chose_seed":false,"campfire_upgraded":3,"win_rate":0,"timestamp":1547902684,"path_taken":["M","?","?","$","M","R","E","R","T","?","E","M","E","$","R","BOSS","M","M","$","?","?","R","E"],"build_version":"2019-01-17v2","purchased_purges":3,"victory":false,"max_hp_per_floor":[75,75,75,75,75,75,75,75,75,75,82,82,82,82,82,82,82,82,85,85,85,42,42,45],"card_choices":[{"not_picked":["Searing Blow","Thunderclap"],"picked":"Battle Trance","floor":1.0},{"not_picked":["Headbutt","Carnage"],"picked":"Anger","floor":5.0},{"not_picked":["Cleave","Burning Pact"],"picked":"Dual Wield","floor":7.0},{"not_picked":["Sword Boomerang","True Grit"],"picked":"Whirlwind","floor":11.0},{"not_picked":["Pommel Strike","Seeing Red"],"picked":"Combust","floor":12.0},{"not_picked":["Dual Wield","Rupture"],"picked":"Feed","floor":13.0},{"not_picked":["Dark Embrace","Exhume"],"picked":"Limit Break","floor":16.0},{"not_picked":["Clothesline","Thunderclap"],"picked":"Shrug It Off","floor":18.0},{"not_picked":["Twin Strike","Body Slam+1","Sword Boomerang"],"picked":"SKIP","floor":19.0}],"player_experience":960082,"relics_obtained":[{"floor":7.0,"key":"Omamori"},{"floor":9.0,"key":"Regal Pillow"},{"floor":11.0,"key":"Strawberry"},{"floor":13.0,"key":"WingedGreaves"}],"event_choices":[{"damage_healed":0.0,"max_hp_gain":0.0,"max_hp_loss":0.0,"gold_gain":75.0,"event_name":"World of Goop","player_choice":"Gather Gold","floor":2.0,"gold_loss":0.0,"damage_taken":11.0},{"damage_healed":0.0,"max_hp_gain":0.0,"max_hp_loss":0.0,"gold_gain":0.0,"event_name":"Living Wall","player_choice":"Grow","floor":3.0,"gold_loss":0.0,"damage_taken":0.0,"cards_upgraded":["Bash"]},{"damage_healed":0.0,"max_hp_gain":0.0,"max_hp_loss":0.0,"gold_gain":0.0,"event_name":"Scrap Ooze","player_choice":"Success","floor":10.0,"gold_loss":0.0,"damage_taken":5.0,"relics_obtained":["Dream Catcher"]},{"damage_healed":0.0,"max_hp_gain":0.0,"max_hp_loss":0.0,"gold_gain":0.0,"event_name":"The Mausoleum","player_choice":"Opened","floor":21.0,"gold_loss":0.0,"damage_taken":0.0,"relics_obtained":["Bag of Preparation"],"cards_obtained":["Writhe"]},{"damage_healed":0.0,"max_hp_gain":0.0,"max_hp_loss":43.0,"gold_gain":0.0,"event_name":"Ghosts","player_choice":"Became a Ghost","floor":22.0,"gold_loss":0.0,"damage_taken":0.0,"cards_obtained":["Ghostly","Ghostly","Ghostly"]}],"is_beta":false,"boss_relics":[{"not_picked":["Eternal Feather","Calling Bell"],"picked":"Black Blood"}],"items_purged_floors":[4,14,20],"is_endless":false,"potions_floor_spawned":[1,5,11,12],"killed_by":"Slavers","ascension_level":17}