{"gold_per_floor":[116,131,8,24,39,39,114,142,142,142,173,173,348,358,358,462,462,482,494,264,464,484,518,518,528,528,528,541,0,0,16,16,119,119,130,147,77,93,93,93,108,108,108,208,34,34,52,63,63,63],"floor_reached":51,"playtime":2305,"items_purged":["Doubt"],"score":729,"play_id":"b86a3ce9-2f6f-4682-b171-c2d9acf007df","local_time":"20190203022242","is_ascension_mode":false,"campfire_choices":[{"data":"Envenom","floor":6.0,"key":"SMITH"},{"data":"Footwork","floor":10.0,"key":"SMITH"},{"data":"Cloak And Dagger","floor":12.0,"key":"SMITH"},{"data":"Accuracy","floor":15.0,"key":"SMITH"},{"data":"After Image","floor":24,"key":"SMITH"},{"data":"Neutralize","floor":27,"key":"SMITH"},{"floor":30,"key":"REST"},{"floor":32,"key":"REST"},{"data":"Footwork","floor":40,"key":"SMITH"},{"data":"Doppelganger","floor":42,"key":"SMITH"},{"data":"Footwork","floor":46,"key":"SMITH"},{"data":"Infinite Blades","floor":49,"key":"SMITH"}],"neow_cost":"TEN_PERCENT_HP_LOSS","seed_source_timestamp":4623218340470,"circlet_count":0,"master_deck":["Defend_G","Defend_G","Defend_G","Defend_G","Defend_G","Strike_G","Strike_G","Strike_G","Strike_G","Strike_G","Survivor","Neutralize+1","Envenom+1","Footwork+1","Accuracy+1","Cloak And Dagger+1","Slice","Backflip","Glass Knife","Poisoned Stab","Cloak And Dagger","After Image+1","Deadly Poison","Infinite Blades+1","Poisoned Stab","Terror","Cloak And Dagger+1","Doppelganger+1","Deadly Poison","Footwork+1","Dodge and Roll","Deflect","Poisoned Stab+1","Malaise","Deflect+1","Deflect","Infinite Blades","Footwork+1","Doppelganger","Crippling Poison+1"],"special_seed":0,"relics":["Ring of the Snake","Centennial Puzzle","Bottled Tornado","Pocketwatch","Busted Crown","Orichalcum","Potion Belt","Chemical X","Molten Egg 2","Coffee Dripper","Meat on the Bone","Gambling Chip"],"potions_floor_usage":[23,23,33,38,41,50,50],"damage_taken":[{"damage":0.0,"enemies":"Cultist","floor":1.0,"turns":5.0},{"damage":0.0,"enemies":"Jaw Worm","floor":2.0,"turns":6.0},{"damage":0.0,"enemies":"2 Louse","floor":4.0,"turns":3.0},{"damage":0.0,"enemies":"2 Fungi Beasts","floor":5.0,"turns":6.0},{"damage":7.0,"enemies":"Lagavulin","floor":8.0,"turns":8.0},{"damage":10.0,"enemies":"3 Sentries","floor":11.0,"turns":10.0},{"damage":4.0,"enemies":"Red Slaver","floor":14.0,"turns":4.0},{"damage":1.0,"enemies":"The Guardian","floor":16.0,"turns":11.0},{"damage":9.0,"enemies":"Chosen","floor":18.0,"turns":5.0},{"damage":5.0,"enemies":"Shell Parasite","floor":19.0,"turns":7.0},{"damage":10,"enemies":"Snake Plant","floor":22,"turns":5},{"damage":23,"enemies":"Gremlin Leader","floor":23,"turns":7},{"damage":1,"enemies":"3 Cultists","floor":25,"turns":5},{"damage":4,"enemies":"Chosen and Byrds","floor":28,"turns":6},{"damage":10,"enemies":"Shelled Parasite and Fungi","floor":31,"turns":5},{"damage":4,"enemies":"Collector","floor":33,"turns":10},{"damage":0,"enemies":"Orb Walker","floor":35,"turns":3},{"damage":7,"enemies":"3 Shapes","floor":36,"turns":6},{"damage":0,"enemies":"Transient","floor":38,"turns":5},{"damage":10,"enemies":"Sphere and 2 Shapes","floor":41,"turns":7},{"damage":0,"enemies":"Mind Bloom Boss Battle","floor":44,"turns":8},{"damage":0,"enemies":"Maw","floor":47,"turns":7},{"damage":0,"enemies":"Transient","floor":48,"turns":5},{"damage":2,"enemies":"Donu and Deca","floor":50,"turns":11}],"seed_played":"8025858175449326016","potions_obtained":[{"floor":5.0,"key":"GhostInAJar"},{"floor":11.0,"key":"GamblersBrew"},{"floor":14.0,"key":"Explosive Potion"},{"floor":16.0,"key":"Fruit Juice"},{"floor":19.0,"key":"FearPotion"},{"floor":22,"key":"Block Potion"},{"floor":31,"key":"GhostInAJar"},{"floor":38,"key":"Weak Potion"},{"floor":44,"key":"AttackPotion"},{"floor":48,"key":"Block Potion"}],"is_trial":false,"path_per_floor":["M","M","$","M","M","R","?","E","T","R","E","R","?","M","R","B",null,"M","M","$","?","M","E","R","M","T","R","M","$","R","M","R","B",null,"M","M","$","M","?","R","M","R","T","?","$","R","M","M","R","B",null],"character_chosen":"THE_SILENT","items_purchased":["Accuracy","Cloak And Dagger","Infinite Blades","Poisoned Stab","Terror","Chemical X","Footwork","Molten Egg 2","Malaise","Footwork","Doppelganger"],"campfire_rested":2,"item_purchase_floors":[3,3,20,20,20,29,29,29,37,45,45],"current_hp_per_floor":[63,63,63,63,63,63,52,45,45,45,35,35,35,31,31,30,63,59,54,54,54,44,21,21,20,20,20,16,16,36,26,46,42,68,68,61,61,61,61,61,51,51,51,51,51,51,51,51,51,49],"gold":63,"neow_bonus":"THREE_RARE_CARDS","is_prod":false,"is_daily":false,"chose_seed":false,"campfire_upgraded":10,"win_rate":0,"timestamp":1549182162,"path_taken":["M","M","?","M","M","R","?","E","T","R","E","R","?","M","R","BOSS","M","M","$","?","?","E","R","?","T","R","M","$","R","M","R","BOSS","M","M","$","M","?","R","M","R","T","?","?","R","M","M","R","BOSS"],"build_version":"2019-01-23","purchased_purges":1,"victory":true,"max_hp_per_floor":[63,63,63,63,63,63,63,63,63,63,63,63,63,63,63,63,63,68,68,68,68,68,68,68,68,68,68,68,68,68,68,68,68,68,68,68,68,68,68,68,68,68,68,68,68,68,68,68,68,68],"card_choices":[{"not_picked":["Glass Knife","Doppelganger"],"picked":"Envenom","floor":0.0},{"not_picked":["Acrobatics","Choke","Prepared"],"picked":"SKIP","floor":1.0},{"not_picked":["Slice","Underhanded Strike"],"picked":"Footwork","floor":2.0},{"not_picked":["Choke","Sucker Punch"],"picked":"Slice","floor":4.0},{"not_picked":["Quick Slash","Flying Knee"],"picked":"Backflip","floor":5.0},{"not_picked":["Distraction","Dagger Throw"],"picked":"Glass Knife","floor":8.0},{"not_picked":["PiercingWail","Outmaneuver"],"picked":"Poisoned Stab","floor":11.0},{"not_picked":["Underhanded Strike","Dagger Throw"],"picked":"Cloak And Dagger","floor":14.0},{"not_picked":["Doppelganger","Malaise"],"picked":"After Image","floor":16.0},{"not_picked":[],"picked":"Deadly Poison","floor":18.0},{"not_picked":["Flying Knee"],"picked":"SKIP","floor":19.0},{"not_picked":[],"picked":"Cloak And Dagger+1","floor":22},{"not_picked":[],"picked":"Doppelganger","floor":23},{"not_picked":["Acrobatics"],"picked":"SKIP","floor":25},{"not_picked":["Deadly Poison"],"picked":"SKIP","floor":28},{"not_picked":[],"picked":"Deadly Poison","floor":28},{"not_picked":[],"picked":"Dodge and Roll","floor":31},{"not_picked":[],"picked":"Deflect","floor":35},{"not_picked":[],"picked":"Poisoned Stab+1","floor":36},{"not_picked":[],"picked":"Deflect+1","floor":38},{"not_picked":[],"picked":"Deflect","floor":41},{"not_picked":[],"picked":"Infinite Blades","floor":44},{"not_picked":["Masterful Stab+1"],"picked":"SKIP","floor":47},{"not_picked":[],"picked":"Crippling Poison+1","floor":48}],"player_experience":709147,"relics_obtained":[{"floor":8.0,"key":"Centennial Puzzle"},{"floor":9.0,"key":"Bottled Tornado"},{"floor":11.0,"key":"Pocketwatch"},{"floor":23,"key":"Orichalcum"},{"floor":26,"key":"Potion Belt"},{"floor":43,"key":"Meat on the Bone"},{"floor":44,"key":"Gambling Chip"}],"event_choices":[{"damage_healed":0.0,"max_hp_gain":0.0,"max_hp_loss":0.0,"gold_gain":75.0,"event_name":"World of Goop","player_choice":"Gather Gold","floor":7.0,"gold_loss":0.0,"damage_taken":11.0},{"damage_healed":0.0,"max_hp_gain":0.0,"max_hp_loss":0.0,"gold_gain":175.0,"event_name":"Liars Game","player_choice":"AGREE","floor":13.0,"gold_loss":0.0,"damage_taken":0.0,"cards_obtained":["Doubt"]},{"damage_healed":0,"gold_gain":250,"player_choice":"Bet on Owner","damage_taken":0,"max_hp_gain":0,"max_hp_loss":0,"event_name":"The Joust","floor":21,"gold_loss":50},{"damage_healed":0,"gold_gain":0,"player_choice":"Ignored","damage_taken":0,"max_hp_gain":0,"max_hp_loss":0,"event_name":"Mysterious Sphere","floor":39,"gold_loss":0},{"damage_healed":0,"gold_gain":0,"player_choice":"Fight","damage_taken":0,"max_hp_gain":0,"max_hp_loss":0,"event_name":"MindBloom","floor":44,"gold_loss":0}],"is_beta":false,"boss_relics":[{"not_picked":["Empty Cage","Velvet Choker"],"picked":"Busted Crown"},{"not_picked":["Snecko Eye","HoveringKite"],"picked":"Coffee Dripper"}],"items_purged_floors":[20],"is_endless":false,"potions_floor_spawned":[5,11,14,16,19,22,31,38,44,48],"ascension_level":0}