{"gold_per_floor":[117,117,67,92,111,142,142,167,192,192,233,233,248,248,248,369,369,294,294,294,294,318,318,67,82,105,143,143,156,181,181,181,300,300,323,85,105,124,144,188,188,188,188,232,257,257,290,310,310,310],"floor_reached":51,"playtime":7408,"items_purged":[],"score":815,"play_id":"7c570e29-35a3-4109-aa62-31054d3d46e8","local_time":"20190202220211","is_ascension_mode":false,"campfire_choices":[{"floor":7,"key":"REST"},{"floor":10,"key":"REST"},{"floor":12,"key":"REST"},{"data":"Echo Form","floor":15,"key":"SMITH"},{"floor":23,"key":"REST"},{"floor":28,"key":"REST"},{"floor":32,"key":"REST"},{"floor":41,"key":"REST"},{"floor":46,"key":"REST"},{"data":"Biased Cognition","floor":49,"key":"SMITH"}],"neow_cost":"NONE","seed_source_timestamp":97491899326,"circlet_count":0,"master_deck":["Strike_B","Strike_B","Defend_B","Defend_B+1","Zap","Dualcast+1","Multi-Cast","Cold Snap","Compile Driver","Steam","FTL","Echo Form+1","Defragment","Sweeping Beam","Echo Form","Leap+1","Cold Snap+1","Force Field+1","Loop","Cold Snap","Cold Snap","Ball Lightning","Cold Snap+1","Glacier","Buffer","Hologram","Seek","Chill+1","Conserve Battery","Undo+1","Hologram","Cold Snap+1","Leap+1","Blizzard+1","Auto Shields","Hologram+1","Capacitor","Biased Cognition+1"],"relics":["Cracked Core","Golden Idol","Pen Nib","Oddly Smooth Stone","Blood Vial","Astrolabe","Bronze Scales","War Paint","Ancient Tea Set","Cursed Key","Chemical X","Mercury Hourglass","Dream Catcher","FossilizedHelix"],"potions_floor_usage":[11,16,25,50,50],"damage_taken":[{"damage":6,"enemies":"Jaw Worm","floor":1,"turns":3},{"damage":5,"enemies":"Small Slimes","floor":4,"turns":3},{"damage":5,"enemies":"2 Louse","floor":5,"turns":3},{"damage":25,"enemies":"Lagavulin","floor":6,"turns":7},{"damage":0,"enemies":"Exordium Wildlife","floor":8,"turns":4},{"damage":12,"enemies":"3 Sentries","floor":11,"turns":5},{"damage":15,"enemies":"2 Fungi Beasts","floor":13,"turns":3},{"damage":16,"enemies":"Slime Boss","floor":16,"turns":9},{"damage":12,"enemies":"2 Thieves","floor":18,"turns":5},{"damage":7,"enemies":"Chosen","floor":22,"turns":5},{"damage":11,"enemies":"3 Cultists","floor":25,"turns":4},{"damage":46,"enemies":"Gremlin Leader","floor":27,"turns":8},{"damage":10,"enemies":"Cultist and Chosen","floor":29,"turns":6},{"damage":9,"enemies":"Chosen and Byrds","floor":30,"turns":5},{"damage":19,"enemies":"Automaton","floor":33,"turns":14},{"damage":1,"enemies":"Orb Walker","floor":35,"turns":5},{"damage":15,"enemies":"3 Shapes","floor":37,"turns":7},{"damage":0,"enemies":"Maw","floor":38,"turns":9},{"damage":11,"enemies":"Writhing Mass","floor":39,"turns":7},{"damage":0,"enemies":"Giant Head","floor":40,"turns":13},{"damage":18,"enemies":"Nemesis","floor":44,"turns":7},{"damage":3,"enemies":"Sphere and 2 Shapes","floor":45,"turns":6},{"damage":7,"enemies":"Giant Head","floor":47,"turns":10},{"damage":0,"enemies":"Transient","floor":48,"turns":5},{"damage":31,"enemies":"Donu and Deca","floor":50,"turns":13}],"seed_played":"4735645676124545782","potions_obtained":[{"floor":5,"key":"Explosive Potion"},{"floor":6,"key":"Explosive Potion"},{"floor":8,"key":"LiquidBronze"},{"floor":21,"key":"GamblersBrew"},{"floor":21,"key":"EssenceOfSteel"},{"floor":22,"key":"Fire Potion"},{"floor":30,"key":"Strength Potion"},{"floor":40,"key":"Ancient Potion"},{"floor":47,"key":"Regen Potion"}],"is_trial":false,"path_per_floor":["M","?","?","M","M","E","R","M","T","R","E","R","M","?","R","B",null,"M","?","?","?","M","R","$","M","T","E","R","M","M","?","R","B",null,"M","$","M","M","M","E","R","T","T","E","M","R","E","M","R","B",null],"character_chosen":"DEFECT","items_purchased":["Bronze Scales","Cold Snap","Ball Lightning","Chemical X","Conserve Battery"],"campfire_rested":8,"item_purchase_floors":[24,24,24,36,36],"current_hp_per_floor":[69,51,51,46,41,16,38,38,38,60,48,70,57,57,57,43,75,63,47,47,47,42,64,64,55,55,11,33,25,18,18,40,23,75,74,74,60,62,53,55,75,75,75,57,56,75,68,70,70,44],"gold":310,"neow_bonus":"ONE_RANDOM_RARE_CARD","is_prod":false,"is_daily":false,"chose_seed":false,"campfire_upgraded":2,"win_rate":0.0,"timestamp":1549166531,"path_taken":["M","?","?","M","M","E","R","M","T","R","E","R","M","?","R","BOSS","M","?","?","?","?","R","$","M","T","E","R","M","M","?","R","BOSS","M","$","?","M","M","E","R","?","T","E","M","R","E","M","R","BOSS"],"build_version":"2019-01-23","purchased_purges":0,"victory":true,"max_hp_per_floor":[75,75,75,75,75,75,75,75,75,75,75,75,75,75,75,75,75,75,75,75,75,75,75,75,75,75,75,75,75,75,75,75,75,75,75,75,75,75,75,75,75,75,75,75,75,75,75,75,75,75],"card_choices":[{"not_picked":["FTL","Undo"],"picked":"Cold Snap","floor":1},{"not_picked":["Scrape","Turbo"],"picked":"Compile Driver","floor":4},{"not_picked":["Beam Cell","Force Field"],"picked":"Steam","floor":5},{"not_picked":["Steam","Go for the Eyes"],"picked":"FTL","floor":6},{"not_picked":["Cold Snap","Melter"],"picked":"Echo Form","floor":8},{"not_picked":["Consume","Stack"],"picked":"Defragment","floor":11},{"not_picked":["Rip and Tear","Gash"],"picked":"Sweeping Beam","floor":13},{"not_picked":["Reboot","Multi-Cast"],"picked":"Echo Form","floor":16},{"not_picked":["Ball Lightning","Beam Cell"],"picked":"Loop","floor":18},{"not_picked":["Storm","Barrage+1"],"picked":"Cold Snap","floor":22},{"not_picked":["Darkness+1","Beam Cell+1"],"picked":"Cold Snap+1","floor":25},{"not_picked":["Redo","Capacitor+1"],"picked":"Glacier","floor":27},{"not_picked":["Hello World+1","Stack"],"picked":"Buffer","floor":29},{"not_picked":["Streamline","Beam Cell"],"picked":"Hologram","floor":30},{"not_picked":["Echo Form","All For One"],"picked":"Seek","floor":33},{"not_picked":["Force Field+1","Sunder+1"],"picked":"Chill+1","floor":35},{"not_picked":["Stack+1","Hologram"],"picked":"Undo+1","floor":37},{"not_picked":["Turbo+1","Barrage"],"picked":"Hologram","floor":38},{"not_picked":["Go for the Eyes+1","Turbo"],"picked":"Cold Snap+1","floor":39},{"not_picked":["Stack","Double Energy"],"picked":"Leap+1","floor":40},{"not_picked":["Force Field","Heatsinks"],"picked":"Blizzard+1","floor":44},{"not_picked":["Stack+1","Steam"],"picked":"Auto Shields","floor":45},{"not_picked":["Storm","Melter"],"picked":"Hologram+1","floor":46},{"not_picked":["Sunder","Sweeping Beam"],"picked":"Capacitor","floor":47},{"not_picked":["Compile Driver","Sunder"],"picked":"Biased Cognition","floor":48}],"player_experience":15209,"relics_obtained":[{"floor":6,"key":"Pen Nib"},{"floor":9,"key":"Oddly Smooth Stone"},{"floor":11,"key":"Blood Vial"},{"floor":26,"key":"War Paint"},{"floor":27,"key":"Ancient Tea Set"},{"floor":40,"key":"Mercury Hourglass"},{"floor":44,"key":"Dream Catcher"},{"floor":47,"key":"FossilizedHelix"}],"event_choices":[{"damage_healed":0,"gold_gain":0,"player_choice":"Take Damage","damage_taken":18,"relics_obtained":["Golden Idol"],"max_hp_gain":0,"max_hp_loss":0,"event_name":"Golden Idol","floor":2,"gold_loss":0},{"cards_removed":["Defend_B"],"damage_healed":0,"gold_gain":0,"player_choice":"Card Removal","damage_taken":0,"max_hp_gain":0,"max_hp_loss":0,"event_name":"The Cleric","floor":3,"gold_loss":50},{"damage_healed":0,"gold_gain":0,"player_choice":"Ignored","damage_taken":0,"max_hp_gain":0,"max_hp_loss":0,"event_name":"Liars Game","floor":14,"gold_loss":0},{"damage_healed":0,"gold_gain":0,"player_choice":"Obtained Book","damage_taken":16,"max_hp_gain":0,"max_hp_loss":0,"event_name":"Cursed Tome","floor":19,"gold_loss":0},{"damage_healed":0,"gold_gain":0,"player_choice":"Ignored","damage_taken":0,"max_hp_gain":0,"max_hp_loss":0,"event_name":"Vampires","floor":20,"gold_loss":0},{"damage_healed":0,"gold_gain":0,"player_choice":"Got Potions","damage_taken":0,"max_hp_gain":0,"max_hp_loss":0,"event_name":"Lab","floor":21,"gold_loss":0},{"damage_healed":0,"gold_gain":0,"player_choice":"Bought 0 Potions","damage_taken":0,"max_hp_gain":0,"max_hp_loss":0,"event_name":"The Woman in Blue","floor":31,"gold_loss":0}],"is_beta":false,"boss_relics":[{"not_picked":["Eternal Feather","Sozu"],"picked":"Astrolabe"},{"not_picked":["White Beast Statue","Velvet Choker"],"picked":"Cursed Key"}],"items_purged_floors":[],"is_endless":false,"potions_floor_spawned":[5,6,8,22,30,33,38,39,40,47],"ascension_level":0}