{"gold_per_floor":[109,121,134,148,148,175,175,201,282,293,243,23,23,40,40,139,139,139,39,39,49,66,66,66,66,66,66,86,86,86],"floor_reached":30,"playtime":1779,"items_purged":["Strike_R","Strike_R"],"score":264,"play_id":"5f60fc1e-1f95-40af-a4b5-58de2861b891","local_time":"20181022002145","is_ascension_mode":true,"campfire_choices":[{"data":"Berserk","floor":7,"key":"SMITH"},{"data":"Armaments","floor":13,"key":"SMITH"},{"floor":15,"key":"REST"},{"data":"Body Slam","floor":23,"key":"SMITH"},{"data":"Barricade","floor":25,"key":"SMITH"},{"data":"Bludgeon","floor":27,"key":"SMITH"},{"data":"Fiend Fire","floor":29,"key":"SMITH"}],"neow_cost":"CURSE","seed_source_timestamp":713825758966070,"circlet_count":0,"master_deck":["Strike_R+1","Strike_R+1","Defend_R","Defend_R","Bash","Berserk+1","Flame Barrier","Shrug It Off","Shrug It Off","Metallicize","Spot Weakness","Armaments+1","Evolve","Bludgeon+1","Body Slam+1","Fiend Fire+1","Barricade+1","Cleave","Uppercut","Heavy Blade+1"],"relics":["Burning Blood","Whetstone","Prayer Wheel","Matryoshka","Eternal Feather","Happy Flower","Singing Bowl"],"potions_floor_usage":[6,10,18,22,30,30],"damage_taken":[{"damage":18,"enemies":"Jaw Worm","floor":1,"turns":5},{"damage":9,"enemies":"Cultist","floor":2,"turns":4},{"damage":0,"enemies":"2 Louse","floor":3,"turns":3},{"damage":22,"enemies":"Looter","floor":4,"turns":4},{"damage":35,"enemies":"Lagavulin","floor":6,"turns":13},{"damage":17,"enemies":"3 Sentries","floor":8,"turns":10},{"damage":6,"enemies":"Large Slime","floor":10,"turns":3},{"damage":9,"enemies":"2 Fungi Beasts","floor":14,"turns":4},{"damage":12,"enemies":"Hexaghost","floor":16,"turns":10},{"damage":0,"enemies":"3 Byrds","floor":18,"turns":1},{"damage":35,"enemies":"Shell Parasite","floor":21,"turns":9},{"damage":19,"enemies":"Snecko","floor":22,"turns":5},{"damage":28,"enemies":"Snake Plant","floor":28,"turns":6},{"damage":73,"enemies":"3 Cultists","floor":30,"turns":6}],"seed_played":"-3389067530669537724","potions_obtained":[{"floor":4,"key":"FearPotion"},{"floor":5,"key":"Energy Potion"},{"floor":5,"key":"AttackPotion"},{"floor":6,"key":"SmokeBomb"},{"floor":14,"key":"GamblersBrew"},{"floor":22,"key":"Ancient Potion"}],"is_trial":false,"path_per_floor":["M","M","M","M","?","E","R","E","T","M","?","$","R","M","R","B",null,"M","$","?","M","M","R","?","R","T","R","M","R"],"character_chosen":"IRONCLAD","items_purchased":["Bludgeon"],"campfire_rested":1,"item_purchase_floors":[12],"current_hp_per_floor":[68,65,71,55,55,26,26,15,15,15,15,15,15,12,36,30,80,80,80,80,51,38,47,47,56,56,65,45,57,0],"gold":86,"neow_bonus":"TRANSFORM_TWO_CARDS","is_prod":false,"is_daily":false,"chose_seed":false,"campfire_upgraded":6,"win_rate":0,"timestamp":1540160505,"path_taken":["M","M","M","M","?","E","R","E","T","M","?","$","R","M","R","BOSS","M","$","?","M","M","R","?","R","T","R","M","R","M"],"build_version":"2018-10-18","purchased_purges":2,"victory":false,"max_hp_per_floor":[80,80,80,80,80,80,80,80,80,80,80,80,80,80,80,80,80,80,80,80,80,80,80,80,80,80,80,82,82,82],"card_choices":[{"not_picked":["Anger","Rupture"],"picked":"Shrug It Off","floor":1},{"not_picked":["Warcry","Body Slam"],"picked":"Shrug It Off","floor":2},{"not_picked":["Havoc","Twin Strike","Hemokinesis"],"picked":"SKIP","floor":3},{"not_picked":["Twin Strike","Headbutt"],"picked":"Metallicize","floor":4},{"not_picked":["Reckless Charge","Thunderclap"],"picked":"Spot Weakness","floor":6},{"not_picked":["Offering","Thunderclap"],"picked":"Armaments","floor":8},{"not_picked":["Headbutt","Pommel Strike"],"picked":"Evolve","floor":10},{"not_picked":["Armaments","Thunderclap","Perfected Strike"],"picked":"SKIP","floor":10},{"not_picked":["Armaments","Anger"],"picked":"Body Slam","floor":14},{"not_picked":["Shrug It Off","Sword Boomerang"],"picked":"Fiend Fire","floor":14},{"not_picked":["Fiend Fire","Reaper"],"picked":"Barricade","floor":16},{"not_picked":["Inflame","Searing Blow"],"picked":"Cleave","floor":21},{"not_picked":["Intimidate","Bloodletting","Perfected Strike+1"],"picked":"SKIP","floor":21},{"not_picked":["Body Slam","Iron Wave"],"picked":"Uppercut","floor":22},{"not_picked":["Anger","Pommel Strike","Thunderclap+1"],"picked":"SKIP","floor":22},{"not_picked":["Wild Strike","Combust","Infernal Blade"],"picked":"Singing Bowl","floor":28},{"not_picked":["Sword Boomerang","Clothesline"],"picked":"Heavy Blade+1","floor":28}],"player_experience":210753,"relics_obtained":[{"floor":6,"key":"Whetstone"},{"floor":8,"key":"Prayer Wheel"},{"floor":9,"key":"Matryoshka"},{"floor":26,"key":"Happy Flower"},{"floor":26,"key":"Singing Bowl"}],"event_choices":[{"damage_healed":0,"gold_gain":0,"player_choice":"Got Potions","damage_taken":0,"max_hp_gain":0,"max_hp_loss":0,"event_name":"The Lab","floor":5,"gold_loss":0},{"cards_removed":["Shame"],"damage_healed":0,"gold_gain":0,"player_choice":"Card Removal","damage_taken":0,"max_hp_gain":0,"max_hp_loss":0,"event_name":"The Cleric","floor":11,"gold_loss":50},{"cards_removed":["Defend_R"],"damage_healed":0,"gold_gain":0,"player_choice":"Elegance","damage_taken":0,"max_hp_gain":0,"max_hp_loss":0,"event_name":"Back to Basics","floor":20,"gold_loss":0},{"damage_healed":0,"gold_gain":0,"player_choice":"Ignored","damage_taken":0,"max_hp_gain":0,"max_hp_loss":0,"event_name":"Ghosts","floor":24,"gold_loss":0}],"is_beta":false,"boss_relics":[{"not_picked":["Orrery","White Beast Statue"],"picked":"Eternal Feather"}],"items_purged_floors":[12,19],"is_endless":false,"potions_floor_spawned":[4,6,8,14,16,18,22],"killed_by":"3 Cultists","ascension_level":2}