{"gold_per_floor":[117,129,144,69,69,103,103,118,118,132,173,186,186,206,206,305,305,320,320,345,260,280,280,4,19,89,89,89,139,139,139,139,139],"floor_reached":33,"playtime":1618,"items_purged":["Strike_G"],"score":564,"play_id":"dd94b1c8-c6d0-4bcf-b666-9dd36c68f6e7","local_time":"20190203092903","is_ascension_mode":true,"campfire_choices":[{"floor":7,"key":"REST"},{"data":"Neutralize","floor":13,"key":"SMITH"},{"floor":15,"key":"REST"},{"data":"Corpse Explosion","floor":23,"key":"SMITH"},{"data":"Crippling Poison","floor":27,"key":"SMITH"},{"data":"Footwork","floor":30,"key":"SMITH"},{"floor":32,"key":"REST"}],"neow_cost":"NONE","seed_source_timestamp":1036447523087033,"circlet_count":0,"master_deck":["AscendersBane","Defend_G+1","Defend_G+1","Defend_G+1","Defend_G+1","Defend_G+1","Strike_G+1","Strike_G+1","Strike_G+1","Survivor","Neutralize+1","Poisoned Stab","Bane","Deadly Poison","Infinite Blades","Footwork+1","Deflect","After Image","Caltrops","Corpse Explosion+1","Well Laid Plans","Malaise","Crippling Poison+1","Footwork+1"],"relics":["Ring of the Snake","Golden Idol","PreservedInsect","Juzu Bracelet","Pear","Philosopher\u0027s Stone","Blood Vial","Ornamental Fan"],"potions_floor_usage":[11,11,22,33],"damage_taken":[{"damage":10,"enemies":"Cultist","floor":1,"turns":5},{"damage":0,"enemies":"Small Slimes","floor":2,"turns":3},{"damage":1,"enemies":"Jaw Worm","floor":3,"turns":3},{"damage":41,"enemies":"3 Sentries","floor":6,"turns":14},{"damage":10,"enemies":"Exordium Thugs","floor":8,"turns":4},{"damage":5,"enemies":"Large Slime","floor":10,"turns":7},{"damage":0,"enemies":"Gremlin Nob","floor":11,"turns":2},{"damage":3,"enemies":"Blue Slaver","floor":12,"turns":5},{"damage":16,"enemies":"Lots of Slimes","floor":14,"turns":6},{"damage":19,"enemies":"Hexaghost","floor":16,"turns":10},{"damage":14,"enemies":"3 Byrds","floor":18,"turns":5},{"damage":10,"enemies":"2 Thieves","floor":20,"turns":4},{"damage":15,"enemies":"Snake Plant","floor":22,"turns":4},{"damage":8,"enemies":"Centurion and Healer","floor":25,"turns":6},{"damage":39,"enemies":"Champ","floor":33,"turns":12}],"seed_played":"-7197383428054799460","potions_obtained":[{"floor":2,"key":"GamblersBrew"},{"floor":3,"key":"Poison Potion"},{"floor":6,"key":"SteroidPotion"},{"floor":14,"key":"SteroidPotion"},{"floor":20,"key":"Weak Potion"}],"is_trial":false,"path_per_floor":["?","?","?","?","?","?","?"],"character_chosen":"THE_SILENT","items_purchased":["Malaise","Crippling Poison"],"campfire_rested":3,"item_purchase_floors":[24,24],"current_hp_per_floor":[49,49,48,48,48,7,25,15,15,10,20,17,17,1,22,3,53,39,39,29,29,16,16,16,10,10,10,10,10,10,10,31,0],"gold":139,"neow_bonus":"THREE_CARDS","is_prod":false,"is_daily":false,"chose_seed":false,"campfire_upgraded":4,"win_rate":0,"timestamp":1549178943,"path_taken":["M","M","M","?","?","E","R","M","T","M","E","M","R","M","R","BOSS","M","?","M","?","M","R","$","M","T","R","?","?","R","?","R","BOSS"],"build_version":"2019-01-23","purchased_purges":1,"victory":false,"max_hp_per_floor":[66,66,66,66,60,60,60,60,60,60,70,70,70,70,70,70,70,70,70,70,70,70,70,70,70,70,70,70,70,70,70,70,70],"card_choices":[{"not_picked":["Blade Dance","Well Laid Plans"],"picked":"Poisoned Stab","floor":1},{"not_picked":["Backflip","Catalyst"],"picked":"Bane","floor":2},{"not_picked":["Flechettes","Flying Knee"],"picked":"Deadly Poison","floor":3},{"not_picked":["Concentrate","Underhanded Strike"],"picked":"Infinite Blades","floor":6},{"not_picked":["Backstab","Calculated Gamble"],"picked":"Footwork","floor":8},{"not_picked":["Acrobatics","Blade Dance"],"picked":"Deflect","floor":10},{"not_picked":["Backstab","Sucker Punch"],"picked":"After Image","floor":11},{"not_picked":["Reflex","Catalyst","Poisoned Stab"],"picked":"SKIP","floor":12},{"not_picked":["Slice","Outmaneuver"],"picked":"Caltrops","floor":14},{"not_picked":["Envenom","Unload"],"picked":"Corpse Explosion","floor":16},{"not_picked":["Poisoned Stab","All Out Attack","Tactician"],"picked":"SKIP","floor":18},{"not_picked":["Dagger Spray","Tactician+1","Expertise"],"picked":"SKIP","floor":20},{"not_picked":["Escape Plan","Underhanded Strike"],"picked":"Well Laid Plans","floor":22},{"not_picked":["Heel Hook","Bouncing Flask","Distraction"],"picked":"SKIP","floor":25}],"player_experience":1152943,"relics_obtained":[{"floor":6,"key":"PreservedInsect"},{"floor":9,"key":"Juzu Bracelet"},{"floor":11,"key":"Pear"},{"floor":26,"key":"Ornamental Fan"}],"event_choices":[{"cards_removed":["Strike_G"],"damage_healed":0,"gold_gain":0,"player_choice":"Card Removal","damage_taken":0,"max_hp_gain":0,"max_hp_loss":0,"event_name":"The Cleric","floor":4,"gold_loss":75},{"damage_healed":0,"gold_gain":0,"player_choice":"Lose Max HP","damage_taken":0,"relics_obtained":["Golden Idol"],"max_hp_gain":0,"max_hp_loss":6,"event_name":"Golden Idol","floor":5,"gold_loss":0},{"damage_healed":0,"gold_gain":0,"player_choice":"Ignored","damage_taken":0,"max_hp_gain":0,"max_hp_loss":0,"event_name":"Vampires","floor":19,"gold_loss":0},{"damage_healed":0,"gold_gain":0,"player_choice":"Obtained Relic","damage_taken":0,"relics_obtained":["Blood Vial"],"max_hp_gain":0,"max_hp_loss":0,"event_name":"Addict","floor":21,"gold_loss":85},{"damage_healed":0,"gold_gain":0,"player_choice":"Simplicity","damage_taken":0,"max_hp_gain":0,"max_hp_loss":0,"event_name":"Back to Basics","floor":28,"gold_loss":0,"cards_upgraded":["Defend_G","Defend_G","Defend_G","Defend_G","Defend_G","Strike_G","Strike_G","Strike_G"]},{"damage_healed":0,"gold_gain":50,"player_choice":"Stole From Cult","damage_taken":0,"max_hp_gain":0,"max_hp_loss":0,"event_name":"Nest","floor":29,"gold_loss":0},{"damage_healed":0,"gold_gain":0,"player_choice":"Copied","damage_taken":0,"max_hp_gain":0,"max_hp_loss":0,"event_name":"Duplicator","floor":31,"gold_loss":0,"cards_obtained":["Footwork"]}],"is_beta":false,"boss_relics":[{"not_picked":["Coffee Dripper","Snecko Eye"],"picked":"Philosopher\u0027s Stone"}],"items_purged_floors":[24],"is_endless":false,"potions_floor_spawned":[2,3,6,8,14,20],"killed_by":"Champ","ascension_level":20}