{"path_per_floor":["M","?","M","?","M","R","M","R","T","M","R","M","M","?","R","B",null,"M","?","M","M","$","R","?","R","T","M","M","M","M","$","R","B",null,"M","M","?","M","M","R","M","R","T","$","M","M","$","?","R","B"],"character_chosen":"IRONCLAD","items_purchased":["Heavy Blade","Bronze Scales","Flex","Paper Frog"],"gold_per_floor":[114,64,79,79,94,94,109,109,109,124,124,139,154,154,154,254,254,269,269,284,299,73,73,53,53,53,68,83,98,113,38,38,138,168,183,198,198,213,228,228,243,243,243,43,58,73,73,73,73,73],"floor_reached":51,"campfire_rested":2,"playtime":3822,"current_hp_per_floor":[80,80,80,86,83,83,82,82,88,82,82,80,74,74,92,83,98,96,106,102,98,98,98,98,98,98,97,97,97,91,91,91,95,119,119,118,118,117,114,114,111,111,117,117,114,110,110,110,125,81],"items_purged":["Strike_R"],"gold":73,"score":822,"play_id":"87598203-97dc-4d3e-83cb-d498b9a9a702","local_time":"20180314142836","daily_mods":["Diverse","Cursed Run","Vintage"],"is_prod":false,"is_daily":true,"is_ascension_mode":false,"campfire_upgraded":0,"timestamp":1521037716,"path_taken":["M","?","M","?","M","R","M","R","T","M","R","M","M","?","R","BOSS","M","?","M","M","?","R","?","R","T","M","M","?","M","?","R","BOSS","M","M","?","M","M","R","M","R","T","$","M","M","$","?","R","BOSS"],"build_version":"2018-03-09","purchased_purges":2,"victory":true,"master_deck":["Strike_R+1","Strike_R","Strike_R","Strike_R","Defend_R+1","Defend_R+1","Defend_R","Defend_R","Bash+1","Blur","Regret","Clumsy","Doubt","Barricade","Heavy Blade","Flex+1","Flex+1","Regret","Bludgeon+1","Shrug It Off+1","Clumsy","Flex+1","Regret"],"max_hp_per_floor":[80,80,80,86,86,86,86,86,92,92,92,92,92,92,92,98,98,98,108,108,108,108,108,108,108,108,108,108,108,108,108,108,114,119,119,119,119,119,119,119,119,119,125,125,125,125,125,125,125,131],"relics":["Cursed Key","Darkstone Periapt","Du-Vu Doll","Toxic Egg 2","Oddly Smooth Stone","Champion Belt","Shovel","Blue Candle","Anchor","Toolbox","Prayer Wheel","Kunai","Mercury Hourglass","Girya","Pen Nib","Omamori","Sozu","Meat on the Bone","Pear","War Paint","Charon\u0027s Ashes","Bronze Scales","Thread and Needle","Bottled Tornado","Vajra","Matryoshka","Sundial","Shuriken","Whetstone","Tiny House","Ice Cream","Mummified Hand","The Courier","Gambling Chip","Bottled Flame","Frozen Egg 2","Dead Branch","Juzu Bracelet","Paper Frog","Singing Bowl","Pantograph"],"card_choices":[{"not_picked":["Limit Break","Brutality"],"picked":"Barricade"},{"not_picked":["Sever Soul","Body Slam"],"picked":"Flex"},{"not_picked":["Brutality","Barricade"],"picked":"Bludgeon"},{"not_picked":["Clothesline","Warcry"],"picked":"Shrug It Off"},{"not_picked":["Anger","Body Slam"],"picked":"Flex"}],"player_experience":144032,"potions_floor_usage":[10,16,50],"damage_taken":[{"damage":0,"enemies":"2 Louse","floor":1,"turns":2},{"damage":0,"enemies":"Small Slimes","floor":3,"turns":4},{"damage":3,"enemies":"Jaw Worm","floor":5,"turns":3},{"damage":1,"enemies":"Looter","floor":7,"turns":3},{"damage":6,"enemies":"Large Slime","floor":10,"turns":6},{"damage":2,"enemies":"Blue Slaver","floor":12,"turns":2},{"damage":6,"enemies":"Exordium Wildlife","floor":13,"turns":5},{"damage":15,"enemies":"Slime Boss","floor":16,"turns":9},{"damage":2,"enemies":"3 Byrds","floor":18,"turns":5},{"damage":4,"enemies":"Spheric Guardian","floor":20,"turns":4},{"damage":4,"enemies":"Centurion and Healer","floor":21,"turns":5},{"damage":1,"enemies":"Sentry and Sphere","floor":27,"turns":4},{"damage":0,"enemies":"Snecko","floor":28,"turns":2},{"damage":0,"enemies":"Snake Plant","floor":29,"turns":3},{"damage":6,"enemies":"Slaver and Parasite","floor":30,"turns":5},{"damage":2,"enemies":"Automaton","floor":33,"turns":9},{"damage":0,"enemies":"Orb Walker","floor":35,"turns":3},{"damage":1,"enemies":"3 Shapes","floor":36,"turns":3},{"damage":1,"enemies":"3 Darklings","floor":38,"turns":3},{"damage":3,"enemies":"Maw","floor":39,"turns":5},{"damage":3,"enemies":"4 Shapes","floor":41,"turns":3},{"damage":3,"enemies":"3 Darklings","floor":45,"turns":4},{"damage":4,"enemies":"Sphere and 2 Shapes","floor":46,"turns":3},{"damage":64,"enemies":"Awakened One","floor":50,"turns":9}],"event_choices":[{"event_name":"The Cleric","player_choice":"Card Removal","floor":2,"damage_taken":0},{"event_name":"Big Fish","player_choice":"Box","floor":4,"damage_taken":0},{"event_name":"Scrap Ooze","player_choice":"unsuccessful","floor":14,"damage_taken":0},{"event_name":"The Mausoleum","player_choice":"Yes","floor":19,"damage_taken":0},{"event_name":"The Woman in Blue","player_choice":"Bought 1 Potion","floor":24,"damage_taken":0},{"event_name":"Fountain of Cleansing","player_choice":"Ignored","floor":37,"damage_taken":0},{"event_name":"Purifier","player_choice":"Skipped","floor":48,"damage_taken":0}],"boss_relics":[{"not_picked":["Runic Dome","Astrolabe"],"picked":"Sozu"},{"not_picked":["Orrery","Black Star"],"picked":"Tiny House"}],"potions_floor_spawned":[1,7,10,16,27,29,33,38,45,46],"seed_played":"2308081983426786839","ascension_level":0,"is_trial":false}