{"path_per_floor":["M","M","M","M","M","R","E","R","T","R","?","?","?","M","R","B",null,"M","M","M","M","?","?","R","M","T","R","M","$","R","M","R","B",null,"M","$","?","$","M","R","M","?","T","M","E","R","?","?","R"],"character_chosen":"THE_SILENT","items_purchased":["Bird Faced Urn","Omamori","Mind Blast"],"gold_per_floor":[114,129,144,159,174,174,204,204,279,279,279,279,279,294,294,394,394,409,424,439,454,454,454,454,469,469,469,484,34,34,49,49,149,149,164,66,66,66,81,81,96,96,121,136,166,166,266,266,266],"floor_reached":50,"campfire_rested":6,"playtime":5151,"current_hp_per_floor":[70,70,70,70,61,61,20,41,41,62,62,62,62,62,62,35,70,70,70,70,53,53,70,70,64,64,64,47,47,68,70,70,17,70,54,54,54,54,56,70,30,80,80,66,39,63,63,63,80],"items_purged":[],"gold":266,"score":550,"play_id":"c1846180-eb6b-4567-808c-f439f6de634b","local_time":"20180313173407","daily_mods":["Diverse","Insanity","Binary"],"is_prod":false,"is_daily":true,"is_ascension_mode":false,"campfire_upgraded":5,"timestamp":1520962447,"path_taken":["M","M","M","M","M","R","E","R","T","R","?","?","?","M","R","BOSS","M","M","?","M","?","?","R","M","T","R","M","$","R","M","R","BOSS","M","$","?","$","M","R","M","?","T","?","E","R","?","?","R","BOSS"],"build_version":"2018-03-09","purchased_purges":0,"victory":false,"master_deck":["Neutralize","Heel Hook","Slice","Backstab+1","Footwork","Tools of the Trade+1","Prepared","Infinite Blades+1","Catalyst","Eviscerate","Eviscerate","Finisher","Catalyst","Burst","Heel Hook","Sucker Punch","Glass Knife","Expertise","All Out Attack","Defend_G","Eviscerate","Quick Slash","Blade Dance","Glass Knife","Dodge and Roll","Flechettes","Storm of Steel","Expertise","Blade Dance","Masterful Stab","Distraction","Dagger Spray","Reflex","Tools of the Trade+1","A Thousand Cuts","Eviscerate","Cloak And Dagger","Flechettes","PiercingWail","Choke","Acrobatics","Backstab+1","Phantasmal Killer","Escape Plan","Survivor","Outmaneuver","Terror","Glass Knife","Fire Breathing","Havoc","Blur","Bullet Time","Night Terror","Mind Blast","Accuracy","Distraction+1","Accuracy"],"max_hp_per_floor":[70,70,70,70,70,70,70,70,70,70,70,70,70,70,70,70,70,70,70,70,70,70,70,70,70,70,70,70,70,70,70,70,70,70,70,70,70,70,70,70,70,80,80,80,80,80,80,80,80],"relics":["Ring of the Snake","Vajra","Tough Bandages","Centennial Puzzle","Nloth\u0027s Gift","Dead Branch","Bird Faced Urn","Omamori","Cursed Key","Dream Catcher","Snake Skull"],"card_choices":[{"not_picked":["Cloak And Dagger"],"picked":"Blur"},{"not_picked":["Venomology"],"picked":"Bullet Time"},{"not_picked":["Deadly Poison"],"picked":"Night Terror"},{"not_picked":["Cloak And Dagger"],"picked":"Accuracy"},{"not_picked":["Die Die Die"],"picked":"Distraction"}],"player_experience":138881,"potions_floor_usage":[5,5,16,18,18,20,33,33,35,41,45],"damage_taken":[{"damage":0,"enemies":"Jaw Worm","floor":1,"turns":1},{"damage":0,"enemies":"Cultist","floor":2,"turns":2},{"damage":0,"enemies":"2 Louse","floor":3,"turns":1},{"damage":0,"enemies":"2 Fungi Beasts","floor":4,"turns":2},{"damage":9,"enemies":"Gremlin Gang","floor":5,"turns":5},{"damage":41,"enemies":"Lagavulin","floor":7,"turns":6},{"damage":0,"enemies":"Large Slime","floor":14,"turns":1},{"damage":39,"enemies":"Hexaghost","floor":16,"turns":7},{"damage":0,"enemies":"2 Thieves","floor":18,"turns":1},{"damage":0,"enemies":"Spheric Guardian","floor":19,"turns":1},{"damage":0,"enemies":"Centurion and Healer","floor":20,"turns":5},{"damage":17,"enemies":"Chosen and Byrds","floor":21,"turns":6},{"damage":6,"enemies":"Snecko","floor":25,"turns":4},{"damage":17,"enemies":"Slaver and Parasite","floor":28,"turns":5},{"damage":0,"enemies":"Centurion and Healer","floor":31,"turns":4},{"damage":63,"enemies":"Champ","floor":33,"turns":8},{"damage":18,"enemies":"3 Darklings","floor":35,"turns":4},{"damage":6,"enemies":"Orb Walker","floor":39,"turns":2},{"damage":44,"enemies":"4 Shapes","floor":41,"turns":3},{"damage":16,"enemies":"Maw","floor":44,"turns":5},{"damage":29,"enemies":"2 Orb Walkers","floor":45,"turns":3},{"damage":104,"enemies":"Awakened One","floor":50,"turns":8}],"event_choices":[{"event_name":"The Lab","player_choice":"Got Potions","floor":11,"damage_taken":0},{"event_name":"Accursed Blacksmith","player_choice":"Rummage","floor":12,"damage_taken":0},{"event_name":"The Woman in Blue","player_choice":"Bought 0 Potions","floor":13,"damage_taken":0},{"event_name":"N\u0027loth","player_choice":"Traded a Black Star","floor":22,"damage_taken":0},{"event_name":"The Library","player_choice":"Heal","floor":23,"damage_taken":0},{"event_name":"Bonfire Elementals","player_choice":"RARE","floor":42,"damage_taken":0},{"event_name":"Golden Shrine","player_choice":"Pray","floor":47,"damage_taken":0},{"event_name":"Duplicator","player_choice":"One dupe","floor":48,"damage_taken":0}],"boss_relics":[{"not_picked":["The Specimen","Snecko Eye"],"picked":"Black Star"},{"not_picked":["Eternal Feather","Question Card"],"picked":"Cursed Key"}],"potions_floor_spawned":[2,4,7,18,21,31,33,35,39],"seed_played":"5990498444709922547","killed_by":"Awakened One","ascension_level":0,"is_trial":false}