{"gold_per_floor":[112,125,125,139,155,155,189,205,205,205,225,400,417,417,417,546,546,565,589,589,16,16,16,16],"floor_reached":24,"playtime":1361,"items_purged":["Doubt"],"score":238,"play_id":"bb46112d-7ea3-48cc-b53b-4fdd1cf71ac1","local_time":"20190201175251","is_ascension_mode":true,"campfire_choices":[{"data":"Shockwave","floor":6,"key":"SMITH"},{"floor":15,"key":"REST"},{"floor":23,"key":"REST"}],"neow_cost":"NONE","seed_source_timestamp":17763557158180,"circlet_count":0,"master_deck":["Strike_R","Strike_R","Strike_R","Strike_R","Strike_R","Defend_R","Defend_R","Defend_R","Defend_R","Bash","Offering","Shockwave+1","Shrug It Off","Flame Barrier","Clothesline","True Grit","Armaments","Pommel Strike","Impervious","Ghostly Armor+1","Thinking Ahead","Body Slam"],"relics":["Burning Blood","Art of War","Sundial","Bottled Flame","Golden Idol","Runic Cube","Enchiridion","Potion Belt"],"potions_floor_usage":[16,16,16,16,16,16],"damage_taken":[{"damage":15,"enemies":"Small Slimes","floor":1,"turns":6},{"damage":9,"enemies":"Cultist","floor":2,"turns":4},{"damage":4,"enemies":"2 Louse","floor":4,"turns":3},{"damage":1,"enemies":"Large Slime","floor":5,"turns":5},{"damage":41,"enemies":"Gremlin Nob","floor":7,"turns":6},{"damage":5,"enemies":"Exordium Wildlife","floor":8,"turns":5},{"damage":5,"enemies":"2 Fungi Beasts","floor":11,"turns":5},{"damage":19,"enemies":"3 Louse","floor":13,"turns":7},{"damage":49,"enemies":"Hexaghost","floor":16,"turns":16},{"damage":21,"enemies":"Chosen","floor":18,"turns":7},{"damage":19,"enemies":"3 Byrds","floor":19,"turns":7},{"damage":60,"enemies":"3 Cultists","floor":24,"turns":5}],"seed_played":"-8545491375211739408","potions_obtained":[{"floor":1,"key":"GamblersBrew"},{"floor":3,"key":"FearPotion"},{"floor":3,"key":"EntropicBrew"},{"floor":18,"key":"EssenceOfSteel"},{"floor":19,"key":"Energy Potion"}],"is_trial":false,"path_per_floor":["M","M","?","M","M","R","E","M","T","T","M","?","M","?","R","B",null,"M","M","?","$","?","R","M"],"character_chosen":"IRONCLAD","items_purchased":["SkillPotion","Potion Belt","Swift Potion","Regen Potion","Thinking Ahead"],"campfire_rested":2,"item_purchase_floors":[21,21,21,21,21],"current_hp_per_floor":[71,68,68,70,75,75,40,41,41,41,42,42,29,29,51,8,74,59,46,30,30,30,52,0],"gold":16,"neow_bonus":"ONE_RANDOM_RARE_CARD","is_prod":false,"is_daily":false,"chose_seed":false,"campfire_upgraded":1,"win_rate":0,"timestamp":1549039971,"path_taken":["M","M","?","M","?","R","E","M","T","?","M","?","M","?","R","BOSS","M","M","?","$","?","R","M"],"build_version":"2019-01-23","purchased_purges":1,"victory":false,"max_hp_per_floor":[80,80,80,80,80,80,80,80,80,80,80,80,80,74,74,74,74,74,74,74,74,74,74,74],"card_choices":[{"not_picked":["Sever Soul","Anger"],"picked":"Shockwave","floor":1},{"not_picked":["Iron Wave","Headbutt"],"picked":"Shrug It Off","floor":2},{"not_picked":["Sentinel","Hemokinesis"],"picked":"Flame Barrier","floor":4},{"not_picked":["Headbutt","Wild Strike"],"picked":"Clothesline","floor":5},{"not_picked":["Second Wind","Sword Boomerang"],"picked":"True Grit","floor":7},{"not_picked":["Clothesline","Fire Breathing","Wild Strike"],"picked":"SKIP","floor":8},{"not_picked":["Combust","Clash"],"picked":"Armaments","floor":11},{"not_picked":["Clothesline","Immolate"],"picked":"Pommel Strike","floor":13},{"not_picked":["Bludgeon","Exhume"],"picked":"Impervious","floor":16},{"not_picked":["Sword Boomerang","Power Through"],"picked":"Ghostly Armor+1","floor":18},{"not_picked":["Second Wind","Sword Boomerang","Anger+1"],"picked":"SKIP","floor":19}],"player_experience":491881,"relics_obtained":[{"floor":7,"key":"Art of War"},{"floor":9,"key":"Sundial"},{"floor":10,"key":"Bottled Flame"},{"floor":20,"key":"Enchiridion"}],"event_choices":[{"damage_healed":0,"gold_gain":0,"player_choice":"Got Potions","damage_taken":0,"max_hp_gain":0,"max_hp_loss":0,"event_name":"Lab","floor":3,"gold_loss":0},{"damage_healed":0,"gold_gain":175,"player_choice":"AGREE","damage_taken":0,"max_hp_gain":0,"max_hp_loss":0,"event_name":"Liars Game","floor":12,"gold_loss":0,"cards_obtained":["Doubt"]},{"damage_healed":0,"gold_gain":0,"player_choice":"Lose Max HP","damage_taken":0,"relics_obtained":["Golden Idol"],"max_hp_gain":0,"max_hp_loss":6,"event_name":"Golden Idol","floor":14,"gold_loss":0},{"damage_healed":0,"gold_gain":0,"player_choice":"Obtained Book","damage_taken":16,"max_hp_gain":0,"max_hp_loss":0,"event_name":"Cursed Tome","floor":20,"gold_loss":0},{"damage_healed":0,"gold_gain":0,"player_choice":"Read","damage_taken":0,"max_hp_gain":0,"max_hp_loss":0,"event_name":"The Library","floor":22,"gold_loss":0,"cards_obtained":["Body Slam"]}],"is_beta":false,"boss_relics":[{"not_picked":["Lizard Tail","Coffee Dripper"],"picked":"Runic Cube"}],"items_purged_floors":[21],"is_endless":false,"potions_floor_spawned":[1,11,13,18,19],"killed_by":"3 Cultists","ascension_level":4}