{"gold_per_floor":[119,135,150,150,161,161,174,208,262,275,275,240,16,60,60,154,154,168,184,184],"floor_reached":20,"playtime":1372,"items_purged":[],"score":353,"play_id":"02650048-f340-4431-84be-00fe5f8b44b3","local_time":"20190106002329","is_ascension_mode":true,"campfire_choices":[{"floor":6.0,"key":"REST"},{"data":"White Noise","floor":15.0,"key":"SMITH"}],"neow_cost":"NONE","seed_source_timestamp":0,"circlet_count":0,"master_deck":["AscendersBane","Strike_B","Strike_B","Strike_B","Strike_B","Defend_B","Defend_B","Defend_B","Defend_B","Zap+1","Dualcast","Genetic Algorithm","Gash","Chill","White Noise+1","Conserve Battery","Biased Cognition","Thunder Strike+1","Coolheaded","Capacitor"],"special_seed":0,"relics":["Cracked Core","Pen Nib","Mango","Smiling Mask","Golden Idol","ClockworkSouvenir","Molten Egg 2","Velvet Choker"],"potions_floor_usage":[],"damage_taken":[{"damage":4.0,"enemies":"Small Slimes","floor":1.0,"turns":3.0},{"damage":6.0,"enemies":"Cultist","floor":2.0,"turns":4.0},{"damage":19.0,"enemies":"Jaw Worm","floor":3.0,"turns":4.0},{"damage":20.0,"enemies":"Large Slime","floor":5.0,"turns":6.0},{"damage":26.0,"enemies":"Exordium Thugs","floor":7.0,"turns":5.0},{"damage":6.0,"enemies":"Gremlin Nob","floor":8.0,"turns":3.0},{"damage":0.0,"enemies":"2 Fungi Beasts","floor":10.0,"turns":4.0},{"damage":8.0,"enemies":"Lagavulin","floor":14.0,"turns":9.0},{"damage":27.0,"enemies":"The Guardian","floor":16.0,"turns":7.0},{"damage":33,"enemies":"2 Thieves","floor":18,"turns":5},{"damage":0,"enemies":"Chosen","floor":19,"turns":3},{"damage":27,"enemies":"Colosseum Slavers","floor":20,"turns":4}],"seed_played":"-170314343501406505","potions_obtained":[{"floor":1.0,"key":"AttackPotion"},{"floor":2.0,"key":"GamblersBrew"},{"floor":8.0,"key":"Dexterity Potion"},{"floor":14.0,"key":"Ancient Potion"},{"floor":19,"key":"Block Potion"}],"is_trial":false,"path_per_floor":["M","M","M","?","M","R","M","E","T","M","?","?","$","E","R","B",null,"M","M","?"],"character_chosen":"DEFECT","items_purchased":["ClockworkSouvenir"],"campfire_rested":1,"item_purchase_floors":[13],"current_hp_per_floor":[60,54,35,35,15,36,10,18,18,18,18,37,37,29,29,2,58,25,25,0],"gold":184,"neow_bonus":"RANDOM_COMMON_RELIC","is_prod":false,"is_daily":false,"chose_seed":false,"campfire_upgraded":1,"win_rate":0,"timestamp":1546730609,"path_taken":["M","M","M","?","?","R","M","E","T","M","?","?","$","E","R","BOSS","M","M","?"],"build_version":"2019-01-03v4","purchased_purges":0,"victory":false,"max_hp_per_floor":[71,71,71,71,71,71,71,85,85,85,77,77,77,77,77,77,77,77,77,77],"card_choices":[{"not_picked":["Melter","Static Discharge","Coolheaded"],"picked":"SKIP","floor":1.0},{"not_picked":["FTL","Rebound"],"picked":"Genetic Algorithm","floor":2.0},{"not_picked":["Fusion","Static Discharge","Double Energy"],"picked":"SKIP","floor":3.0},{"not_picked":["Steam","Hologram"],"picked":"Gash","floor":5.0},{"not_picked":["Redo","Hologram"],"picked":"Chill","floor":7.0},{"not_picked":["Hologram","Static Discharge"],"picked":"White Noise","floor":8.0},{"not_picked":["Hologram","Turbo"],"picked":"Conserve Battery","floor":10.0},{"not_picked":["Skim","Barrage"],"picked":"Biased Cognition","floor":14.0},{"not_picked":["Fission","Biased Cognition"],"picked":"Thunder Strike+1","floor":16.0},{"not_picked":["Redo","Loop"],"picked":"Coolheaded","floor":18},{"not_picked":["Barrage+1","Ball Lightning+1"],"picked":"Capacitor","floor":19}],"player_experience":732845,"relics_obtained":[{"floor":8.0,"key":"Mango"},{"floor":9.0,"key":"Smiling Mask"},{"floor":14.0,"key":"Molten Egg 2"}],"event_choices":[{"damage_healed":0.0,"max_hp_gain":0.0,"max_hp_loss":0.0,"gold_gain":0.0,"event_name":"Accursed Blacksmith","player_choice":"Forge","floor":4.0,"gold_loss":0.0,"damage_taken":0.0,"cards_upgraded":["Zap"]},{"damage_healed":0.0,"max_hp_gain":0.0,"max_hp_loss":8.0,"gold_gain":0.0,"event_name":"Golden Idol","player_choice":"Lose Max HP","floor":11.0,"gold_loss":0.0,"damage_taken":0.0,"relics_obtained":["Golden Idol"]},{"damage_healed":19.0,"max_hp_gain":0.0,"max_hp_loss":0.0,"gold_gain":0.0,"event_name":"The Cleric","player_choice":"Healed","floor":12.0,"gold_loss":35.0,"damage_taken":0.0},{"damage_healed":0,"gold_gain":0,"player_choice":"Fight","damage_taken":0,"max_hp_gain":0,"max_hp_loss":0,"event_name":"Colosseum","floor":20,"gold_loss":0}],"is_beta":false,"boss_relics":[{"not_picked":["Cursed Key","Empty Cage"],"picked":"Velvet Choker"}],"items_purged_floors":[],"is_endless":false,"potions_floor_spawned":[1,2,8,14,19],"killed_by":"Colosseum Slavers","ascension_level":18}