{"gold_per_floor":[115,126,136,61,61,61,89,101,113,139,151,163],"floor_reached":12,"playtime":428,"items_purged":[],"score":152,"play_id":"f544e825-d932-488c-a69e-f5d0a413920d","local_time":"20190123175815","is_ascension_mode":true,"campfire_choices":[{"data":"Neutralize","floor":6,"key":"SMITH"},{"floor":11,"key":"REST"}],"neow_cost":"NONE","seed_source_timestamp":100996669657885,"circlet_count":0,"master_deck":["AscendersBane","Defend_G+1","Defend_G","Defend_G","Defend_G","Defend_G","Strike_G","Strike_G","Strike_G+1","Strike_G","Survivor","Neutralize+1","Bouncing Flask","Quick Slash","Footwork","Footwork","Poisoned Stab"],"relics":["WristBlade","MawBank","Letter Opener"],"potions_floor_usage":[10],"damage_taken":[{"damage":11,"enemies":"Small Slimes","floor":1,"turns":6},{"damage":3,"enemies":"Cultist","floor":2,"turns":5},{"damage":0,"enemies":"Jaw Worm","floor":3,"turns":3},{"damage":8,"enemies":"Lagavulin","floor":7,"turns":7},{"damage":5,"enemies":"3 Louse","floor":10,"turns":6},{"damage":24,"enemies":"Gremlin Nob","floor":12,"turns":3}],"seed_played":"-565451852175034759","potions_obtained":[{"floor":3,"key":"GhostInAJar"}],"is_trial":false,"path_per_floor":["?","?"],"character_chosen":"THE_SILENT","items_purchased":["Footwork"],"campfire_rested":1,"item_purchase_floors":[4],"current_hp_per_floor":[48,45,45,45,38,38,30,10,10,5,24,0],"gold":163,"neow_bonus":"BOSS_RELIC","is_prod":false,"is_daily":false,"chose_seed":false,"campfire_upgraded":1,"win_rate":0,"timestamp":1548262695,"path_taken":["M","M","M","$","?","R","E","?","T","M","R","E"],"build_version":"2019-01-23","purchased_purges":0,"victory":false,"max_hp_per_floor":[66,66,66,66,66,66,66,66,66,66,66,66],"card_choices":[{"not_picked":["Dagger Throw","Tactician","Prepared"],"picked":"SKIP","floor":1},{"not_picked":["Deflect","Endless Agony"],"picked":"Bouncing Flask","floor":2},{"not_picked":["Cloak And Dagger","Bane"],"picked":"Quick Slash","floor":3},{"not_picked":["Flying Knee","Outmaneuver"],"picked":"Footwork","floor":7},{"not_picked":["Bane","Quick Slash"],"picked":"Poisoned Stab","floor":10}],"player_experience":987411,"relics_obtained":[{"floor":7,"key":"MawBank"},{"floor":9,"key":"Letter Opener"}],"event_choices":[{"cards_removed":["Strike_G"],"damage_healed":0,"gold_gain":0,"player_choice":"Card Removal","damage_taken":7,"max_hp_gain":0,"max_hp_loss":0,"event_name":"Golden Wing","floor":5,"gold_loss":0},{"damage_healed":0,"gold_gain":0,"player_choice":"Entered Light","damage_taken":20,"max_hp_gain":0,"max_hp_loss":0,"event_name":"Shining Light","floor":8,"gold_loss":0,"cards_upgraded":["Defend_G","Strike_G"]}],"is_beta":false,"boss_relics":[],"items_purged_floors":[],"is_endless":false,"potions_floor_spawned":[3],"killed_by":"Gremlin Nob","ascension_level":19}