{"gold_per_floor":[11,11,22,22,41,41,66,80,161,190,200,200,475,195,195,295,295,308,308,319,394,224,224,251,261,261,292,309,320,86,46,46,144,144,161,171,191,63,82,115,115,145,145,159,175,275,275,300,300,300,300,300,51,80,80],"floor_reached":56,"playtime":11869,"items_purged":["Regret","Steam Power"],"score":1337,"play_id":"da9a4474-d969-4efe-ba13-17c62e853b7e","local_time":"20190110163408","is_ascension_mode":false,"campfire_choices":[{"data":"Zap","floor":6.0,"key":"SMITH"},{"floor":12.0,"key":"REST"},{"floor":15.0,"key":"REST"},{"data":"White Noise","floor":23.0,"key":"SMITH"},{"floor":32.0,"key":"REST"},{"data":"Biased Cognition","floor":41.0,"key":"SMITH"},{"floor":47,"key":"RECALL"},{"data":"Multi-Cast","floor":49,"key":"SMITH"},{"data":"Turbo","floor":52,"key":"SMITH"}],"neow_cost":"NO_GOLD","seed_source_timestamp":154846986915292,"circlet_count":0,"master_deck":["Defend_B+1","Defend_B+1","Defend_B+1","Defend_B+1","Zap+1","Dualcast","Echo Form","Coolheaded","Doom and Gloom","Cold Snap","Reinforced Body","Turbo+1","Coolheaded","Biased Cognition+1","Conserve Battery","Core Surge","Stack+1","Consume+1","Buffer+1","Defragment+1","White Noise+1","Amplify","Hologram+1","BootSequence","Undo","Electrodynamics","White Noise+1","Multi-Cast+1","Force Field+1","Ball Lightning+1","Go for the Eyes+1","Force Field+1"],"special_seed":0,"relics":["Cracked Core","Unceasing Top","Boot","Dream Catcher","Oddly Smooth Stone","Astrolabe","Pocketwatch","Potion Belt","Mummified Hand","Happy Flower","Eternal Feather","DataDisk","Blood Vial","Ornamental Fan","Emotion Chip","PreservedInsect","Medical Kit","Pen Nib"],"potions_floor_usage":[54,55,55,55,55,55],"damage_taken":[{"damage":0.0,"enemies":"2 Louse","floor":1.0,"turns":2.0},{"damage":1.0,"enemies":"Jaw Worm","floor":3.0,"turns":4.0},{"damage":0.0,"enemies":"Cultist","floor":5.0,"turns":4.0},{"damage":14.0,"enemies":"Lagavulin","floor":7.0,"turns":5.0},{"damage":7.0,"enemies":"2 Fungi Beasts","floor":8.0,"turns":3.0},{"damage":20.0,"enemies":"3 Sentries","floor":10.0,"turns":7.0},{"damage":5.0,"enemies":"Exordium Thugs","floor":11.0,"turns":5.0},{"damage":25.0,"enemies":"Hexaghost","floor":16.0,"turns":15.0},{"damage":0.0,"enemies":"Chosen","floor":18.0,"turns":7.0},{"damage":0.0,"enemies":"Shell Parasite","floor":20.0,"turns":8.0},{"damage":0.0,"enemies":"Book of Stabbing","floor":24.0,"turns":8.0},{"damage":15.0,"enemies":"3 Cultists","floor":25.0,"turns":7.0},{"damage":15.0,"enemies":"Slavers","floor":27.0,"turns":8.0},{"damage":1.0,"enemies":"Centurion and Healer","floor":28.0,"turns":5.0},{"damage":0.0,"enemies":"Snecko","floor":29.0,"turns":5.0},{"damage":0.0,"enemies":"Champ","floor":33.0,"turns":17.0},{"damage":19.0,"enemies":"3 Darklings","floor":35.0,"turns":4.0},{"damage":0.0,"enemies":"3 Shapes","floor":36.0,"turns":6.0},{"damage":0.0,"enemies":"Writhing Mass","floor":37.0,"turns":5.0},{"damage":0.0,"enemies":"Transient","floor":39.0,"turns":5.0},{"damage":4.0,"enemies":"Reptomancer","floor":40.0,"turns":6.0},{"damage":14.0,"enemies":"Nemesis","floor":42.0,"turns":5.0},{"damage":0.0,"enemies":"Spire Growth","floor":44.0,"turns":5.0},{"damage":4,"enemies":"Writhing Mass","floor":45,"turns":6},{"damage":0,"enemies":"Mind Bloom Boss Battle","floor":46,"turns":4},{"damage":7,"enemies":"Giant Head","floor":48,"turns":12},{"damage":10,"enemies":"Time Eater","floor":50,"turns":12},{"damage":17,"enemies":"Shield and Spear","floor":54,"turns":6},{"damage":40,"enemies":"The Heart","floor":55,"turns":8}],"seed_played":"-5564457394747224915","potions_obtained":[{"floor":5.0,"key":"SkillPotion"},{"floor":8.0,"key":"Dexterity Potion"},{"floor":10.0,"key":"Dexterity Potion"},{"floor":27.0,"key":"SpeedPotion"},{"floor":28.0,"key":"GamblersBrew"},{"floor":35.0,"key":"EssenceOfSteel"},{"floor":36.0,"key":"Fire Potion"},{"floor":39.0,"key":"Explosive Potion"},{"floor":42.0,"key":"Dexterity Potion"},{"floor":45,"key":"SkillPotion"},{"floor":46,"key":"Strength Potion"},{"floor":54,"key":"Weak Potion"}],"is_trial":false,"path_per_floor":["M","?","M","?","M","R","E","M","T","E","M","R","?","$","R","B",null,"M","?","M","?","$","R","E","M","T","E","M","M","$","?","R","B",null,"M","M","M","$","M","E","R","E","T","M","M","?","R","E","R","B",null,"R","$","E","B",null],"character_chosen":"DEFECT","items_purchased":["Oddly Smooth Stone","Conserve Battery","White Noise","BootSequence","Happy Flower","Explosive Potion","LiquidBronze","PowerPotion","Medical Kit","Weak Potion"],"campfire_rested":3,"item_purchase_floors":[14,14,22,30,30,30,38,38,53,53],"current_hp_per_floor":[75,50,49,49,49,49,35,28,28,8,3,25,25,25,47,22,75,75,75,75,68,68,68,68,53,53,38,37,37,37,37,59,59,75,56,56,56,56,56,52,67,53,53,55,53,55,73,68,75,65,75,75,75,58,20],"gold":80,"neow_bonus":"THREE_RARE_CARDS","is_prod":false,"is_daily":false,"chose_seed":false,"campfire_upgraded":5,"win_rate":0,"timestamp":1547134448,"path_taken":["M","?","M","?","M","R","E","?","T","E","M","R","?","$","R","BOSS","M","?","M","?","$","R","E","M","T","E","M","?","$","?","R","BOSS","M","M","M","?","M","E","R","E","T","M","M","?","R","E","R","BOSS","R","$","E","BOSS"],"build_version":"2019-01-03v4","purchased_purges":2,"victory":true,"max_hp_per_floor":[75,75,75,75,75,75,75,75,75,75,75,75,75,75,75,75,75,75,75,75,75,75,75,75,75,75,75,75,75,75,75,75,75,75,75,75,75,75,75,75,75,75,75,75,75,75,75,75,75,75,75,75,75,75,75],"card_choices":[{"not_picked":["Creative AI","Meteor Strike"],"picked":"Echo Form","floor":0.0},{"not_picked":["Turbo","Beam Cell","Hologram"],"picked":"SKIP","floor":1.0},{"not_picked":["Auto Shields","Compile Driver"],"picked":"Coolheaded","floor":3.0},{"not_picked":["Darkness","Beam Cell"],"picked":"Doom and Gloom","floor":5.0},{"not_picked":["Fusion","Darkness"],"picked":"Cold Snap","floor":7.0},{"not_picked":["Gash","Hologram"],"picked":"Reinforced Body","floor":8.0},{"not_picked":["Consume","Hologram"],"picked":"Turbo","floor":10.0},{"not_picked":["Beam Cell","Streamline"],"picked":"Coolheaded","floor":11.0},{"not_picked":["Lockon","Capacitor"],"picked":"Biased Cognition","floor":12.0},{"not_picked":["Biased Cognition","Creative AI"],"picked":"Core Surge","floor":16.0},{"not_picked":["Rebound","FTL"],"picked":"Defragment+1","floor":18.0},{"not_picked":["Consume","Beam Cell","Coolheaded+1"],"picked":"SKIP","floor":20.0},{"not_picked":["Streamline+1","Stack","Beam Cell"],"picked":"SKIP","floor":24.0},{"not_picked":["Scrape","Reinforced Body","Lockon"],"picked":"SKIP","floor":25.0},{"not_picked":["Core Surge","Meteor Strike"],"picked":"Amplify","floor":27.0},{"not_picked":["Coolheaded","Rebound","Turbo"],"picked":"SKIP","floor":28.0},{"not_picked":["Steam Power","Turbo"],"picked":"Hologram","floor":29.0},{"not_picked":["All For One","Beam Cell"],"picked":"Undo","floor":32.0},{"not_picked":["All For One","Thunder Strike"],"picked":"Electrodynamics","floor":33.0},{"not_picked":["Sweeping Beam","Hologram"],"picked":"White Noise+1","floor":35.0},{"not_picked":["Steam","Barrage+1","Cold Snap+1"],"picked":"SKIP","floor":36.0},{"not_picked":["Glacier","Sweeping Beam"],"picked":"Multi-Cast","floor":37.0},{"not_picked":["Rebound","Auto Shields","Steam+1"],"picked":"SKIP","floor":39.0},{"not_picked":["Beam Cell","Rip and Tear+1"],"picked":"Force Field+1","floor":40.0},{"not_picked":["Meteor Strike","Chill","Gash+1"],"picked":"SKIP","floor":42.0},{"not_picked":["Gash","Leap","Hologram"],"picked":"SKIP","floor":44.0},{"not_picked":["Sweeping Beam","Chill"],"picked":"Ball Lightning+1","floor":45},{"not_picked":["Melter","Streamline+1"],"picked":"Go for the Eyes+1","floor":46},{"not_picked":["Fusion+1","Ball Lightning+1"],"picked":"Force Field+1","floor":48},{"not_picked":["Barrage+1","Self Repair","Fusion"],"picked":"SKIP","floor":54}],"player_experience":824815,"relics_obtained":[{"floor":7.0,"key":"Boot"},{"floor":10.0,"key":"Dream Catcher"},{"floor":24.0,"key":"Pocketwatch"},{"floor":26.0,"key":"Potion Belt"},{"floor":27.0,"key":"Mummified Hand"},{"floor":40.0,"key":"DataDisk"},{"floor":42.0,"key":"Blood Vial"},{"floor":43.0,"key":"Ornamental Fan"},{"floor":46,"key":"Emotion Chip"},{"floor":48,"key":"PreservedInsect"},{"floor":54,"key":"Pen Nib"}],"event_choices":[{"damage_healed":0.0,"max_hp_gain":0.0,"max_hp_loss":0.0,"gold_gain":0.0,"event_name":"Scrap Ooze","player_choice":"Success","floor":2.0,"gold_loss":0.0,"damage_taken":25.0,"relics_obtained":["Unceasing Top"]},{"damage_healed":0.0,"max_hp_gain":0.0,"max_hp_loss":0.0,"gold_gain":0.0,"cards_transformed":["Strike_B"],"event_name":"Transmorgrifier","player_choice":"Transformed","floor":4.0,"gold_loss":0.0,"damage_taken":0.0,"cards_obtained":["Steam Power"]},{"damage_healed":0.0,"max_hp_gain":0.0,"max_hp_loss":0.0,"gold_gain":275.0,"event_name":"Golden Shrine","player_choice":"Desecrate","floor":13.0,"gold_loss":0.0,"damage_taken":0.0,"cards_obtained":["Regret"]},{"damage_healed":0.0,"max_hp_gain":0.0,"max_hp_loss":0.0,"gold_gain":0.0,"event_name":"Back to Basics","player_choice":"Simplicity","floor":19.0,"gold_loss":0.0,"damage_taken":0.0,"cards_upgraded":["Defend_B","Defend_B","Defend_B","Defend_B"]},{"damage_healed":0.0,"max_hp_gain":0.0,"max_hp_loss":0.0,"gold_gain":75.0,"event_name":"FaceTrader","player_choice":"Touch","floor":21.0,"gold_loss":0.0,"damage_taken":7.0},{"damage_healed":0.0,"max_hp_gain":0.0,"max_hp_loss":0.0,"gold_gain":0.0,"event_name":"Designer","player_choice":"Upgrade","floor":31.0,"gold_loss":40.0,"damage_taken":0.0,"cards_upgraded":["Hologram"]},{"damage_healed":0,"gold_gain":0,"player_choice":"Fight","damage_taken":0,"max_hp_gain":0,"max_hp_loss":0,"event_name":"MindBloom","floor":46,"gold_loss":0}],"is_beta":false,"boss_relics":[{"not_picked":["Runic Dome","FrozenCore"],"picked":"Astrolabe"},{"not_picked":["Lizard Tail","Calling Bell"],"picked":"Eternal Feather"}],"items_purged_floors":[14,22],"is_endless":false,"potions_floor_spawned":[5,8,10,27,28,35,36,39,42,45,46,54],"ascension_level":0}