{"gold_per_floor":[110,120,130,130,130,130,147,179,202,202,202,222,234,251,251,251],"floor_reached":16,"playtime":874,"items_purged":[],"score":204,"play_id":"fe80f214-3b3b-4baf-aa0e-ca36ef17208c","local_time":"20190126002913","is_ascension_mode":true,"campfire_choices":[{"data":"Neutralize","floor":6.0,"key":"SMITH"},{"floor":11,"key":"REST"},{"floor":15,"key":"REST"}],"neow_cost":"NONE","seed_source_timestamp":296705753543501,"circlet_count":0,"master_deck":["AscendersBane","Defend_G","Defend_G","Defend_G","Defend_G","Defend_G","Strike_G","Strike_G","Strike_G","Strike_G","Survivor","Neutralize+1","Crippling Poison","Backstab","Footwork+1","Malaise","PiercingWail","Footwork"],"special_seed":0,"relics":["Ring of the Snake","Centennial Puzzle","Boot","Odd Mushroom"],"potions_floor_usage":[8,8,8,8,16],"damage_taken":[{"damage":9.0,"enemies":"Jaw Worm","floor":1.0,"turns":7.0},{"damage":1.0,"enemies":"2 Louse","floor":2.0,"turns":2.0},{"damage":2.0,"enemies":"Small Slimes","floor":3.0,"turns":5.0},{"damage":2.0,"enemies":"3 Louse","floor":7.0,"turns":3.0},{"damage":30,"enemies":"Gremlin Nob","floor":8,"turns":5},{"damage":8,"enemies":"The Mushroom Lair","floor":12,"turns":5},{"damage":0,"enemies":"Exordium Wildlife","floor":13,"turns":4},{"damage":4,"enemies":"Large Slime","floor":14,"turns":11},{"damage":46,"enemies":"Slime Boss","floor":16,"turns":15}],"seed_played":"-6900318852247843535","potions_obtained":[{"floor":0.0,"key":"SkillPotion"},{"floor":0.0,"key":"EntropicBrew"},{"floor":3.0,"key":"Fruit Juice"},{"floor":13,"key":"Dexterity Potion"}],"is_trial":false,"path_per_floor":["M","M","M","?","?","R","M","E","T","?","R","?","M","M","R","B"],"character_chosen":"THE_SILENT","items_purchased":[],"campfire_rested":2,"item_purchase_floors":[],"current_hp_per_floor":[50,49,47,40,40,40,38,13,13,13,34,26,26,22,43,0],"gold":251,"neow_bonus":"THREE_SMALL_POTIONS","is_prod":false,"is_daily":false,"chose_seed":false,"campfire_upgraded":1,"win_rate":0,"timestamp":1548458953,"path_taken":["M","M","M","?","?","R","M","E","T","?","R","?","M","?","R","BOSS"],"build_version":"2019-01-23","purchased_purges":0,"victory":false,"max_hp_per_floor":[66,66,66,66,66,66,66,71,71,71,71,71,71,71,71,71],"card_choices":[{"not_picked":["Prepared","Calculated Gamble"],"picked":"Crippling Poison","floor":1.0},{"not_picked":["Cloak And Dagger","Bane"],"picked":"Backstab","floor":2.0},{"not_picked":["Escape Plan","Outmaneuver","Infinite Blades"],"picked":"SKIP","floor":3.0},{"not_picked":["Distraction","Cloak And Dagger"],"picked":"Footwork","floor":7.0},{"not_picked":["Endless Agony","Dagger Throw","Distraction"],"picked":"SKIP","floor":8},{"not_picked":["Blade Dance","Backflip"],"picked":"Malaise","floor":12},{"not_picked":["Bane","Acrobatics"],"picked":"PiercingWail","floor":13},{"not_picked":["Deflect","Caltrops"],"picked":"Footwork","floor":14}],"player_experience":1008271,"relics_obtained":[{"floor":8,"key":"Centennial Puzzle"},{"floor":9,"key":"Boot"},{"floor":12,"key":"Odd Mushroom"}],"event_choices":[{"cards_removed":["Strike_G"],"damage_healed":0.0,"max_hp_gain":0.0,"max_hp_loss":0.0,"gold_gain":0.0,"event_name":"Golden Wing","player_choice":"Card Removal","floor":4.0,"gold_loss":0.0,"damage_taken":7.0},{"damage_healed":0.0,"max_hp_gain":0.0,"max_hp_loss":0.0,"gold_gain":0.0,"event_name":"Liars Game","player_choice":"Ignored","floor":5.0,"gold_loss":0.0,"damage_taken":0.0},{"damage_healed":0,"gold_gain":0,"player_choice":"Grow","damage_taken":0,"max_hp_gain":0,"max_hp_loss":0,"event_name":"Living Wall","floor":10,"gold_loss":0,"cards_upgraded":["Footwork"]},{"damage_healed":0,"gold_gain":0,"player_choice":"Fought Mushrooms","damage_taken":0,"max_hp_gain":0,"max_hp_loss":0,"event_name":"Mushrooms","floor":12,"gold_loss":0}],"is_beta":false,"boss_relics":[],"items_purged_floors":[],"is_endless":false,"potions_floor_spawned":[1,2,3,13],"killed_by":"Slime Boss","ascension_level":20}