{"gold_per_floor":[365,330,107,122,134,134,209,107,107,133,143,143,143,162,162,261,261,274,274,274,264,264,264,291,291,291,311,311,324,324,344,344,445,495,508,508,527,87,87,87,87,112,112,122,132,143,143,143,143,143],"floor_reached":50,"playtime":11621,"items_purged":["Strike_G","Injury"],"score":515,"play_id":"cee82d98-8343-4f24-937f-715e79ffb8b9","local_time":"20190115143342","is_ascension_mode":false,"campfire_choices":[{"data":"Masterful Stab","floor":6,"key":"SMITH"},{"data":"Deflect","floor":12,"key":"SMITH"},{"data":"Dodge and Roll","floor":15,"key":"SMITH"},{"data":"Catalyst","floor":23,"key":"SMITH"},{"data":"Seek","floor":25,"key":"SMITH"},{"floor":28,"key":"DIG"},{"data":"Noxious Fumes","floor":30,"key":"SMITH"},{"floor":32,"key":"REST"},{"data":"Bane","floor":40,"key":"SMITH"},{"data":"Dark Shackles","floor":47,"key":"SMITH"},{"data":"Neutralize","floor":49,"key":"SMITH"}],"neow_cost":"PERCENT_DAMAGE","seed_source_timestamp":26971201945177,"circlet_count":0,"master_deck":["Defend_G","Defend_G","Defend_G","Defend_G","Defend_G","Strike_G","Strike_G","Survivor","Neutralize+1","Masterful Stab+1","Noxious Fumes+1","Escape Plan","Noxious Fumes","PiercingWail","Dagger Spray","Poisoned Stab","Deflect+1","Dodge and Roll+1","Acrobatics+1","Catalyst+1","Seek+1","Well Laid Plans+1","Bane+1","Adrenaline+1","Backflip+1","Deadly Poison+1","Poisoned Stab+1","Seek+1","Dark Shackles+1","Crippling Poison"],"relics":["Ring of the Snake","Potion Belt","Shovel","Cursed Key","The Courier","Mummified Hand","Bag of Marbles","Tiny House","Bottled Tornado","DollysMirror","Sundial"],"potions_floor_usage":[10,10,33,33,33,33,37,50,50],"damage_taken":[{"damage":0,"enemies":"Jaw Worm","floor":1,"turns":4},{"damage":0,"enemies":"2 Louse","floor":4,"turns":3},{"damage":0,"enemies":"Small Slimes","floor":5,"turns":3},{"damage":13,"enemies":"Lagavulin","floor":10,"turns":5},{"damage":0,"enemies":"Blue Slaver","floor":11,"turns":3},{"damage":0,"enemies":"Looter","floor":14,"turns":3},{"damage":29,"enemies":"The Guardian","floor":16,"turns":11},{"damage":3,"enemies":"Shell Parasite","floor":18,"turns":6},{"damage":11,"enemies":"2 Thieves","floor":21,"turns":4},{"damage":19,"enemies":"Book of Stabbing","floor":24,"turns":6},{"damage":4,"enemies":"Centurion and Healer","floor":27,"turns":7},{"damage":13,"enemies":"Snecko","floor":29,"turns":6},{"damage":0,"enemies":"Snake Plant","floor":31,"turns":4},{"damage":64,"enemies":"Champ","floor":33,"turns":14},{"damage":8,"enemies":"Orb Walker","floor":35,"turns":4},{"damage":0,"enemies":"3 Darklings","floor":37,"turns":5},{"damage":2,"enemies":"Giant Head","floor":42,"turns":6},{"damage":11,"enemies":"Spire Growth","floor":44,"turns":4},{"damage":0,"enemies":"4 Shapes","floor":45,"turns":3},{"damage":4,"enemies":"3 Darklings","floor":46,"turns":3},{"damage":71,"enemies":"Awakened One","floor":50,"turns":10}],"seed_played":"1326157982543389127","potions_obtained":[{"floor":1,"key":"Fire Potion"},{"floor":5,"key":"Regen Potion"},{"floor":10,"key":"Fruit Juice"},{"floor":14,"key":"EssenceOfSteel"},{"floor":27,"key":"Energy Potion"},{"floor":29,"key":"Energy Potion"},{"floor":31,"key":"Regen Potion"},{"floor":33,"key":"LiquidBronze"},{"floor":34,"key":"Ancient Potion"},{"floor":35,"key":"PowerPotion"},{"floor":42,"key":"Ancient Potion"},{"floor":46,"key":"SpeedPotion"}],"is_trial":false,"path_per_floor":["M","?","$","M","M","R","?","$","T","E","M","R","?","M","R","B",null,"M","?","?","M","?","R","E","R","T","M","R","M","R","M","R","B",null,"M","?","M","$","?","R","?","E","T","M","M","M","R","?","R","B"],"character_chosen":"THE_SILENT","items_purchased":["Noxious Fumes","Escape Plan","Dagger Spray","Poisoned Stab","Bottled Tornado","DollysMirror"],"campfire_rested":1,"item_purchase_floors":[3,3,8,8,38,38],"current_hp_per_floor":[49,66,66,66,66,66,55,55,55,47,47,47,47,47,47,18,75,72,72,72,61,61,61,42,42,42,38,38,25,25,25,47,7,80,72,80,80,80,75,75,75,73,73,62,62,58,58,58,58,0],"gold":143,"neow_bonus":"TWO_FIFTY_GOLD","is_prod":false,"is_daily":false,"chose_seed":false,"campfire_upgraded":9,"win_rate":0,"timestamp":1547584422,"path_taken":["M","?","$","M","M","R","?","$","T","E","M","R","?","M","R","BOSS","M","?","?","M","?","R","E","R","T","?","R","M","R","?","R","BOSS","M","?","?","$","?","R","?","E","T","M","M","M","R","?","R","BOSS"],"build_version":"2019-01-10","purchased_purges":2,"victory":false,"max_hp_per_floor":[70,70,70,70,70,70,70,70,70,75,75,75,75,75,75,75,75,75,75,75,75,75,75,75,75,75,75,75,75,75,75,75,75,80,80,80,80,80,80,80,80,80,80,80,80,80,80,76,76,76],"card_choices":[{"not_picked":["Calculated Gamble","PiercingWail"],"picked":"Masterful Stab","floor":1},{"not_picked":["Blade Dance","Flechettes"],"picked":"Noxious Fumes","floor":4},{"not_picked":["Dodge and Roll","Riddle With Holes"],"picked":"PiercingWail","floor":5},{"not_picked":["Quick Slash","Heel Hook"],"picked":"Deflect","floor":10},{"not_picked":["PiercingWail","Dagger Spray","Distraction"],"picked":"SKIP","floor":11},{"not_picked":["Reflex","Dagger Throw"],"picked":"Dodge and Roll","floor":14},{"not_picked":["A Thousand Cuts","Envenom"],"picked":"Doppelganger","floor":16},{"not_picked":["Tactician+1","Bane"],"picked":"Acrobatics+1","floor":18},{"not_picked":["Deadly Poison","Masterful Stab"],"picked":"Catalyst","floor":21},{"not_picked":["Cloak And Dagger","PiercingWail"],"picked":"Well Laid Plans+1","floor":24},{"not_picked":["Well Laid Plans","Heel Hook","Finisher"],"picked":"SKIP","floor":27},{"not_picked":["Cloak And Dagger","Tools of the Trade","Deflect"],"picked":"SKIP","floor":29},{"not_picked":["Prepared+1","Outmaneuver+1"],"picked":"Bane","floor":31},{"not_picked":["After Image","Bullet Time"],"picked":"Adrenaline","floor":33},{"not_picked":["Skewer","Outmaneuver"],"picked":"Backflip+1","floor":34},{"not_picked":["Choke","Riddle With Holes"],"picked":"Deadly Poison+1","floor":35},{"not_picked":["Backflip","Deflect+1"],"picked":"Poisoned Stab+1","floor":37},{"not_picked":["Metamorphosis","Impatience"],"picked":"Dark Shackles","floor":39},{"not_picked":["Riddle With Holes+1","Predator","Dagger Throw"],"picked":"SKIP","floor":42},{"not_picked":["Deadly Poison","Slice","Riddle With Holes+1"],"picked":"SKIP","floor":44},{"not_picked":["Underhanded Strike","Dagger Spray+1","Deadly Poison+1"],"picked":"SKIP","floor":45},{"not_picked":["Predator+1","Eviscerate+1"],"picked":"Crippling Poison","floor":46}],"player_experience":330716,"relics_obtained":[{"floor":9,"key":"Potion Belt"},{"floor":10,"key":"Shovel"},{"floor":24,"key":"The Courier"},{"floor":26,"key":"Mummified Hand"},{"floor":28,"key":"Bag of Marbles"},{"floor":42,"key":"Sundial"}],"event_choices":[{"damage_healed":17,"gold_gain":0,"player_choice":"Healed","damage_taken":0,"max_hp_gain":0,"max_hp_loss":0,"event_name":"The Cleric","floor":2,"gold_loss":35},{"damage_healed":0,"gold_gain":75,"player_choice":"Gather Gold","damage_taken":11,"max_hp_gain":0,"max_hp_loss":0,"event_name":"World of Goop","floor":7,"gold_loss":0},{"cards_removed":["Strike_G"],"damage_healed":0,"gold_gain":0,"player_choice":"Forget","damage_taken":0,"max_hp_gain":0,"max_hp_loss":0,"event_name":"Living Wall","floor":13,"gold_loss":0},{"damage_healed":0,"gold_gain":0,"player_choice":"Ignored","damage_taken":0,"max_hp_gain":0,"max_hp_loss":0,"event_name":"Ghosts","floor":19,"gold_loss":0},{"damage_healed":0,"gold_gain":0,"player_choice":"Ignored","damage_taken":0,"max_hp_gain":0,"max_hp_loss":0,"event_name":"Vampires","floor":20,"gold_loss":0},{"cards_removed":["Doppelganger"],"damage_healed":0,"gold_gain":0,"player_choice":"Took Card","damage_taken":0,"max_hp_gain":0,"max_hp_loss":0,"event_name":"NoteForYourself","floor":22,"gold_loss":0,"cards_obtained":["Seek"]},{"damage_healed":8,"gold_gain":0,"player_choice":"Full Heal","damage_taken":0,"max_hp_gain":0,"max_hp_loss":0,"event_name":"Wheel of Change","floor":36,"gold_loss":0},{"damage_healed":0,"gold_gain":0,"player_choice":"Memory 2","damage_taken":5,"max_hp_gain":0,"max_hp_loss":0,"event_name":"SensoryStone","floor":39,"gold_loss":0},{"cards_removed":["Strike_G"],"damage_healed":0,"gold_gain":0,"player_choice":"Removed Attack","damage_taken":0,"max_hp_gain":0,"max_hp_loss":0,"event_name":"Falling","floor":41,"gold_loss":0},{"damage_healed":0,"gold_gain":0,"player_choice":"Max HP","damage_taken":0,"max_hp_gain":0,"max_hp_loss":4,"event_name":"Winding Halls","floor":48,"gold_loss":0}],"is_beta":false,"boss_relics":[{"not_picked":["Sozu","Fusion Hammer"],"picked":"Cursed Key"},{"not_picked":["Velvet Choker","Lizard Tail"],"picked":"Tiny House"}],"items_purged_floors":[3,38],"is_endless":false,"potions_floor_spawned":[1,5,10,14,27,29,31,33,35,42,46],"killed_by":"Awakened One","ascension_level":0}