{"gold_per_floor":[110,11,30,40,52,86,106,119,119,119,136,136,136,151,151,248,248,263,263,21,40,40,0,15,31,31,31,63,63,73,91,91,192,192,206,57,57,68,79,111,111,128,128,159,159,177,192,67,67,67],"floor_reached":51,"playtime":8773,"items_purged":["Strike_G","Strike_G","Blind+1"],"score":710,"play_id":"8dd47c08-9c25-49a4-a3f8-cdccec54ad3c","local_time":"20181020190105","is_ascension_mode":false,"campfire_choices":[{"data":"Neutralize","floor":10.0,"key":"SMITH"},{"data":"Prepared","floor":15.0,"key":"SMITH"},{"data":"Deflect","floor":29.0,"key":"SMITH"},{"data":"Acrobatics","floor":32.0,"key":"SMITH"},{"data":"Strike_G","floor":41.0,"key":"PURGE"},{"data":"Defend_G+1","floor":49,"key":"PURGE"}],"neow_cost":"NONE","seed_source_timestamp":0,"circlet_count":0,"master_deck":["Defend_G+1","Defend_G+1","Defend_G+1","Defend_G+1","Strike_G+1","Strike_G+1","Survivor+1","Neutralize+1","Deflect+1","Quick Slash+1","Sucker Punch+1","Deadly Poison+1","All Out Attack+1","Noxious Fumes+1","PiercingWail+1","Prepared+1","Flying Knee+1","Tools of the Trade+1","Neutralize+1","Footwork+1","Deflect+1","Prepared+1","Acrobatics+1","Dodge and Roll+1","Backflip+1","Blur+1"],"special_seed":0,"relics":["Ring of the Serpent","Letter Opener","Du-Vu Doll","Question Card","Sozu","Kunai","Incense Burner","Shuriken","Peace Pipe","Tough Bandages","Ornamental Fan","Mark of the Bloom"],"potions_floor_usage":[50],"damage_taken":[{"damage":0.0,"enemies":"2 Louse","floor":1.0,"turns":4.0},{"damage":1.0,"enemies":"Small Slimes","floor":3.0,"turns":6.0},{"damage":1.0,"enemies":"Jaw Worm","floor":4.0,"turns":4.0},{"damage":0.0,"enemies":"2 Fungi Beasts","floor":5.0,"turns":4.0},{"damage":17.0,"enemies":"3 Sentries","floor":6.0,"turns":12.0},{"damage":0.0,"enemies":"Exordium Wildlife","floor":7.0,"turns":6.0},{"damage":10.0,"enemies":"Exordium Thugs","floor":8.0,"turns":4.0},{"damage":0.0,"enemies":"2 Fungi Beasts","floor":11.0,"turns":2.0},{"damage":0.0,"enemies":"Large Slime","floor":14.0,"turns":6.0},{"damage":21.0,"enemies":"The Guardian","floor":16.0,"turns":11.0},{"damage":6.0,"enemies":"Chosen","floor":18.0,"turns":5.0},{"damage":0.0,"enemies":"Shell Parasite","floor":21.0,"turns":6.0},{"damage":4.0,"enemies":"Snecko","floor":24.0,"turns":7.0},{"damage":5.0,"enemies":"Centurion and Healer","floor":25.0,"turns":11.0},{"damage":11.0,"enemies":"Book of Stabbing","floor":28.0,"turns":7.0},{"damage":0.0,"enemies":"Snake Plant","floor":30.0,"turns":6.0},{"damage":9.0,"enemies":"Sentry and Sphere","floor":31.0,"turns":8.0},{"damage":11.0,"enemies":"Champ","floor":33.0,"turns":14.0},{"damage":0.0,"enemies":"3 Shapes","floor":35.0,"turns":4.0},{"damage":0.0,"enemies":"Orb Walker","floor":38.0,"turns":5.0},{"damage":22.0,"enemies":"Writhing Mass","floor":39.0,"turns":10.0},{"damage":17.0,"enemies":"Nemesis","floor":40.0,"turns":9.0},{"damage":1.0,"enemies":"Maw","floor":42.0,"turns":10.0},{"damage":2,"enemies":"Giant Head","floor":44,"turns":13},{"damage":0,"enemies":"Sphere and 2 Shapes","floor":46,"turns":6},{"damage":10,"enemies":"4 Shapes","floor":47,"turns":4},{"damage":13,"enemies":"Time Eater","floor":50,"turns":16}],"seed_played":"-330071879890584625","potions_obtained":[{"floor":1.0,"key":"EssenceOfSteel"},{"floor":6.0,"key":"LiquidBronze"},{"floor":7.0,"key":"Explosive Potion"}],"is_trial":false,"path_per_floor":["M","$","M","M","M","E","M","M","T","R","M","?","?","M","R","B",null,"M","?","$","M","$","?","M","M","T","?","E","R","M","M","R","B",null,"M","$","?","M","M","E","R","M","T","E","?","M","M","$","R","B"],"character_chosen":"THE_SILENT","items_purchased":["Deflect","Kunai","Backflip"],"campfire_rested":0,"item_purchase_floors":[2,20,36],"current_hp_per_floor":[77,77,76,75,75,58,58,48,48,48,48,53,46,46,46,25,82,76,76,76,76,76,76,72,67,67,51,40,40,40,31,31,20,87,87,87,87,87,65,48,48,47,47,45,45,45,35,35,35,22],"gold":67,"neow_bonus":"TEN_PERCENT_HP_BONUS","is_prod":false,"is_daily":false,"chose_seed":false,"campfire_upgraded":4,"win_rate":0.0,"timestamp":1540080065,"path_taken":["M","$","M","M","M","E","M","M","T","R","M","?","?","M","R","BOSS","M","?","$","M","$","?","M","M","T","?","E","R","M","M","R","BOSS","M","$","?","?","M","E","R","M","T","E","?","M","M","$","R","BOSS"],"build_version":"2018-10-18","purchased_purges":3,"victory":true,"max_hp_per_floor":[77,77,77,77,77,77,77,77,77,77,77,82,82,82,82,82,82,82,82,82,82,82,82,82,82,82,87,87,87,87,87,87,87,87,87,87,87,87,87,87,87,87,87,87,87,87,87,87,87,87],"card_choices":[{"not_picked":["Predator","Skewer","Endless Agony"],"picked":"SKIP","floor":1.0},{"not_picked":["Catalyst","Bane"],"picked":"Quick Slash","floor":3.0},{"not_picked":["Bouncing Flask","PiercingWail"],"picked":"Sucker Punch","floor":4.0},{"not_picked":["Backflip","Poisoned Stab"],"picked":"Deadly Poison","floor":5.0},{"not_picked":["Acrobatics","Backflip"],"picked":"All Out Attack","floor":6.0},{"not_picked":["Deadly Poison","A Thousand Cuts"],"picked":"Noxious Fumes","floor":7.0},{"not_picked":["Slice","Terror"],"picked":"PiercingWail","floor":8.0},{"not_picked":["Flechettes","Underhanded Strike"],"picked":"Prepared","floor":11.0},{"not_picked":["Quick Slash","Dagger Throw","All Out Attack"],"picked":"Flying Knee","floor":14.0},{"not_picked":["Venomology","Doppelganger","Wraith Form v2"],"picked":"Tools of the Trade","floor":16.0},{"not_picked":["Deadly Poison+1","Calculated Gamble","Dagger Spray+1","Bouncing Flask"],"picked":"SKIP","floor":18.0},{"not_picked":["Acrobatics","Underhanded Strike","Leg Sweep+1"],"picked":"Footwork","floor":21.0},{"not_picked":["Quick Slash","Deflect","Night Terror","Dagger Throw"],"picked":"SKIP","floor":24.0},{"not_picked":["Skewer","Underhanded Strike+1","Slice+1"],"picked":"Deflect+1","floor":25.0},{"not_picked":["Skewer+1","Deadly Poison","Infinite Blades","Tools of the Trade"],"picked":"SKIP","floor":28.0},{"not_picked":["Sucker Punch+1","Bane","Quick Slash"],"picked":"Prepared","floor":30.0},{"not_picked":["Distraction","Deflect+1","Prepared"],"picked":"Acrobatics","floor":31.0},{"not_picked":["Flying Knee+1","Dagger Spray+1","Choke"],"picked":"Dodge and Roll","floor":35.0},{"not_picked":["Sadistic Nature","Impatience","Enlightenment"],"picked":"Blind","floor":37.0},{"not_picked":["Infinite Blades","Blade Dance","Backflip","Flying Knee+1"],"picked":"SKIP","floor":38.0},{"not_picked":["Finisher","Dagger Spray","PiercingWail+1"],"picked":"Blur+1","floor":39.0},{"not_picked":["Slice","Envenom","Deadly Poison+1","Calculated Gamble"],"picked":"SKIP","floor":40.0},{"not_picked":["Poisoned Stab+1","Slice+1","Flying Knee+1","Heel Hook+1"],"picked":"SKIP","floor":42.0},{"not_picked":["Riddle With Holes+1","Blade Dance+1","Tactician","Flechettes"],"picked":"SKIP","floor":44},{"not_picked":["Eviscerate","Noxious Fumes+1","Crippling Poison+1","Distraction+1"],"picked":"SKIP","floor":46},{"not_picked":["Bane","Infinite Blades","Acrobatics","Prepared"],"picked":"SKIP","floor":47}],"player_experience":34142,"relics_obtained":[{"floor":6.0,"key":"Letter Opener"},{"floor":9.0,"key":"Du-Vu Doll"},{"floor":26.0,"key":"Incense Burner"},{"floor":28.0,"key":"Shuriken"},{"floor":40.0,"key":"Peace Pipe"},{"floor":43,"key":"Tough Bandages"},{"floor":44,"key":"Ornamental Fan"}],"event_choices":[{"damage_healed":0.0,"max_hp_gain":5.0,"max_hp_loss":0.0,"gold_gain":0.0,"event_name":"Big Fish","player_choice":"Donut","floor":12.0,"gold_loss":0.0,"damage_taken":0.0},{"damage_healed":0.0,"max_hp_gain":0.0,"max_hp_loss":0.0,"gold_gain":0.0,"event_name":"Scrap Ooze","player_choice":"Success","floor":13.0,"gold_loss":0.0,"damage_taken":7.0,"relics_obtained":["Question Card"]},{"damage_healed":0.0,"max_hp_gain":0.0,"max_hp_loss":0.0,"gold_gain":0.0,"event_name":"Duplicator","player_choice":"Copied","floor":19.0,"gold_loss":0.0,"damage_taken":0.0,"cards_obtained":["Neutralize"]},{"damage_healed":0.0,"max_hp_gain":0.0,"max_hp_loss":0.0,"gold_gain":0.0,"event_name":"Masked Bandits","player_choice":"Paid Fearfully","floor":23.0,"gold_loss":40.0,"damage_taken":0.0},{"damage_healed":0.0,"max_hp_gain":5.0,"max_hp_loss":0.0,"gold_gain":0.0,"event_name":"Forgotten Altar","player_choice":"Shed Blood","floor":27.0,"gold_loss":0.0,"damage_taken":21.0},{"damage_healed":0.0,"max_hp_gain":0.0,"max_hp_loss":0.0,"gold_gain":0.0,"event_name":"SensoryStone","player_choice":"Memory 1","floor":37.0,"gold_loss":0.0,"damage_taken":0.0},{"damage_healed":0,"gold_gain":0,"player_choice":"Upgrade","damage_taken":0,"relics_obtained":["Mark of the Bloom"],"max_hp_gain":0,"max_hp_loss":0,"event_name":"MindBloom","floor":45,"gold_loss":0,"cards_upgraded":["Defend_G","Defend_G","Defend_G","Defend_G","Defend_G","Strike_G","Strike_G","Survivor","Quick Slash","Sucker Punch","Deadly Poison","All Out Attack","Noxious Fumes","PiercingWail","Flying Knee","Tools of the Trade","Footwork","Prepared","Dodge and Roll","Backflip","Blind"]}],"is_beta":false,"boss_relics":[{"not_picked":["Runic Pyramid","Empty Cage"],"picked":"Sozu"},{"not_picked":["Philosopher\u0027s Stone","Cursed Key"],"picked":"Ring of the Serpent"}],"items_purged_floors":[2,36,48],"is_endless":false,"potions_floor_spawned":[1,6,7,25,28,31,33,40,42,44],"ascension_level":0}