{"gold_per_floor":[115,127,144,157,157,187,187,187,187,187,197,197,197,228,228,323,323,323,323,323,323,323,323,323,323,323,323,20,20,20,20,20,20,20,20,20,20,20,20,20,20],"floor_reached":41,"playtime":3542,"items_purged":["Defend_R"],"score":443,"play_id":"6e5ecdd2-49cc-41ef-ad04-696980faba5e","local_time":"20181021233133","is_ascension_mode":true,"campfire_choices":[{"data":"Armaments","floor":7,"key":"SMITH"},{"data":"Whirlwind","floor":10,"key":"SMITH"},{"data":"Fiend Fire","floor":12,"key":"SMITH"},{"data":"Spot Weakness","floor":15,"key":"SMITH"},{"data":"Blood for Blood","floor":23,"key":"SMITH"},{"data":"True Grit","floor":25,"key":"SMITH"},{"data":"Cleave","floor":27,"key":"SMITH"},{"floor":32,"key":"REST"},{"data":"Flame Barrier","floor":40,"key":"SMITH"}],"neow_cost":"NONE","seed_source_timestamp":709047688099173,"circlet_count":0,"master_deck":["Strike_R","Strike_R","Strike_R","Strike_R","Defend_R","Bash","Whirlwind+1","Cleave+1","Spot Weakness+1","Armaments+1","Fiend Fire+1","Blood for Blood+1","Juggernaut","Heavy Blade+1","True Grit+1","Armaments+1","Pain","Shrug It Off","Flame Barrier+1","Decay","Spot Weakness+1","Immolate","Madness","Heavy Blade","Feel No Pain"],"relics":["Burning Blood","Orichalcum","Charon\u0027s Ashes","Torii","Du-Vu Doll","Art of War","Ectoplasm","WarpedTongs","Letter Opener","Chemical X","Runic Cube"],"potions_floor_usage":[33,33,38,41],"damage_taken":[{"damage":0,"enemies":"Small Slimes","floor":1,"turns":3},{"damage":2,"enemies":"Jaw Worm","floor":2,"turns":4},{"damage":0,"enemies":"Cultist","floor":3,"turns":3},{"damage":12,"enemies":"Red Slaver","floor":4,"turns":3},{"damage":12,"enemies":"Gremlin Nob","floor":6,"turns":4},{"damage":1,"enemies":"3 Louse","floor":11,"turns":2},{"damage":2,"enemies":"Lagavulin","floor":14,"turns":7},{"damage":62,"enemies":"The Guardian","floor":16,"turns":13},{"damage":7,"enemies":"Shell Parasite","floor":18,"turns":3},{"damage":6,"enemies":"Spheric Guardian","floor":19,"turns":3},{"damage":25,"enemies":"Colosseum Slavers","floor":20,"turns":4},{"damage":34,"enemies":"Shelled Parasite and Fungi","floor":21,"turns":4},{"damage":0,"enemies":"Cultist and Chosen","floor":22,"turns":4},{"damage":1,"enemies":"Snecko","floor":29,"turns":2},{"damage":9,"enemies":"Centurion and Healer","floor":31,"turns":2},{"damage":35,"enemies":"Collector","floor":33,"turns":5},{"damage":14,"enemies":"3 Shapes","floor":35,"turns":3},{"damage":3,"enemies":"Orb Walker","floor":36,"turns":2},{"damage":42,"enemies":"Maw","floor":38,"turns":6},{"damage":48,"enemies":"Nemesis","floor":41,"turns":4}],"seed_played":"-22135352408619042","potions_obtained":[{"floor":2,"key":"Swift Potion"},{"floor":6,"key":"Poison Potion"},{"floor":16,"key":"Weak Potion"},{"floor":21,"key":"Strength Potion"},{"floor":35,"key":"PowerPotion"},{"floor":38,"key":"Strength Potion"}],"is_trial":false,"path_per_floor":["M","M","M","M","?","E","R","?","T","R","M","R","?","E","R","B",null,"M","M","?","M","M","R","?","R","T","R","$","M","?","M","R","B",null,"M","M","?","M","?","R"],"character_chosen":"IRONCLAD","items_purchased":["Chemical X","Shrug It Off"],"campfire_rested":1,"item_purchase_floors":[28,28],"current_hp_per_floor":[80,80,80,74,67,61,61,61,61,61,66,66,66,70,70,14,80,79,79,60,32,38,38,38,38,38,38,38,43,43,40,64,35,80,72,75,75,39,39,39,0],"gold":20,"neow_bonus":"RANDOM_COMMON_RELIC","is_prod":false,"is_daily":false,"chose_seed":false,"campfire_upgraded":8,"win_rate":0,"timestamp":1540157493,"path_taken":["M","M","M","M","?","E","R","?","T","R","M","R","?","E","R","BOSS","M","M","?","M","M","R","?","R","T","R","$","M","?","?","R","BOSS","M","M","?","M","?","R","E"],"build_version":"2018-10-18","purchased_purges":1,"victory":false,"max_hp_per_floor":[80,80,80,80,80,80,80,80,80,80,80,80,80,80,80,80,80,80,80,80,80,80,80,80,80,80,80,80,80,80,80,80,80,80,80,80,80,80,80,80,80],"card_choices":[{"not_picked":["True Grit","Searing Blow"],"picked":"Whirlwind","floor":1},{"not_picked":["Iron Wave","Thunderclap"],"picked":"Cleave","floor":2},{"not_picked":["Shrug It Off","Iron Wave"],"picked":"Spot Weakness","floor":3},{"not_picked":["Inflame","Perfected Strike"],"picked":"Armaments","floor":4},{"not_picked":["Clothesline","Twin Strike"],"picked":"Fiend Fire","floor":6},{"not_picked":["Rage","Warcry","Dropkick"],"picked":"SKIP","floor":11},{"not_picked":["Uppercut","Searing Blow","Dual Wield"],"picked":"SKIP","floor":14},{"not_picked":["Dark Embrace","Berserk"],"picked":"Juggernaut","floor":16},{"not_picked":["Anger","Feel No Pain"],"picked":"Heavy Blade+1","floor":18},{"not_picked":["Intimidate","Perfected Strike+1"],"picked":"True Grit","floor":19},{"not_picked":["Armaments","Whirlwind+1","Warcry"],"picked":"SKIP","floor":21},{"not_picked":["Reckless Charge+1","Headbutt"],"picked":"Armaments+1","floor":22},{"not_picked":["Heavy Blade","Headbutt"],"picked":"Flame Barrier","floor":29},{"not_picked":["Sword Boomerang+1","Perfected Strike+1"],"picked":"Spot Weakness+1","floor":31},{"not_picked":["Feed","Limit Break"],"picked":"Immolate","floor":33},{"not_picked":["Wild Strike","Clash","Armaments+1"],"picked":"SKIP","floor":35},{"not_picked":["Thunderclap+1","Anger+1","Cleave"],"picked":"SKIP","floor":36},{"not_picked":["Immolate","Uppercut+1"],"picked":"Feel No Pain","floor":38}],"player_experience":206576,"relics_obtained":[{"floor":6,"key":"Torii"},{"floor":9,"key":"Du-Vu Doll"},{"floor":14,"key":"Art of War"},{"floor":26,"key":"Letter Opener"}],"event_choices":[{"damage_healed":0,"gold_gain":0,"player_choice":"Success","damage_taken":7,"relics_obtained":["Charon\u0027s Ashes"],"max_hp_gain":0,"max_hp_loss":0,"event_name":"Scrap Ooze","floor":5,"gold_loss":0},{"damage_healed":0,"gold_gain":0,"cards_transformed":["Defend_R"],"player_choice":"Transformed","damage_taken":0,"max_hp_gain":0,"max_hp_loss":0,"event_name":"Transmorgrifier","floor":8,"gold_loss":0,"cards_obtained":["Blood for Blood"]},{"cards_removed":["Strike_R"],"damage_healed":0,"gold_gain":0,"player_choice":"Offered Basic","damage_taken":0,"max_hp_gain":0,"max_hp_loss":0,"event_name":"Bonfire Elementals","floor":13,"gold_loss":0},{"damage_healed":0,"gold_gain":0,"player_choice":"Fight","damage_taken":0,"max_hp_gain":0,"max_hp_loss":0,"event_name":"Colosseum","floor":20,"gold_loss":0},{"damage_healed":0,"gold_gain":0,"player_choice":"Fled From Nobs","damage_taken":0,"max_hp_gain":0,"max_hp_loss":0,"event_name":"Colosseum","floor":20,"gold_loss":0},{"damage_healed":0,"gold_gain":0,"player_choice":"Rummage","damage_taken":0,"relics_obtained":["WarpedTongs"],"max_hp_gain":0,"max_hp_loss":0,"event_name":"Accursed Blacksmith","floor":24,"gold_loss":0,"cards_obtained":["Pain"]},{"damage_healed":0,"gold_gain":0,"player_choice":"Smashed Altar","damage_taken":0,"max_hp_gain":0,"max_hp_loss":0,"event_name":"Forgotten Altar","floor":30,"gold_loss":0,"cards_obtained":["Decay"]},{"damage_healed":0,"gold_gain":0,"player_choice":"2 cards matched","damage_taken":0,"max_hp_gain":0,"max_hp_loss":0,"event_name":"Match and Keep!","floor":37,"gold_loss":0,"cards_obtained":["Madness","Heavy Blade"]},{"cards_removed":["Defend_R"],"damage_healed":0,"gold_gain":0,"player_choice":"Removed Skill","damage_taken":0,"max_hp_gain":0,"max_hp_loss":0,"event_name":"Falling","floor":39,"gold_loss":0}],"is_beta":false,"boss_relics":[{"not_picked":["Runic Pyramid","Eternal Feather"],"picked":"Ectoplasm"},{"not_picked":["Runic Dome","White Beast Statue"],"picked":"Runic Cube"}],"items_purged_floors":[28],"is_endless":false,"potions_floor_spawned":[2,6,16,21,29,31,35,38],"killed_by":"Nemesis","ascension_level":2}