{"gold_per_floor":[112,82,1,28,40,66,131,131,131,165,240,259,259,276,276,276],"floor_reached":16,"playtime":580,"items_purged":[],"score":253,"play_id":"ab34cede-f78a-4d4b-89b0-39c3cf2119cd","local_time":"20190128213242","is_ascension_mode":true,"campfire_choices":[{"data":"Bash","floor":8,"key":"SMITH"},{"floor":15,"key":"REST"}],"neow_cost":"NONE","seed_source_timestamp":545717723221377,"circlet_count":0,"master_deck":["AscendersBane","Strike_R","Strike_R","Strike_R","Strike_R","Strike_R","Defend_R","Defend_R","Defend_R","Defend_R","Bash+1","Rampage","Inflame","Shrug It Off","Spot Weakness","Combust","True Grit"],"relics":["Burning Blood","NeowsBlessing","Omamori","Art of War","Lantern","Strawberry","Self Forming Clay","Mummified Hand"],"potions_floor_usage":[7,7,7,7,10],"damage_taken":[{"damage":0,"enemies":"Jaw Worm","floor":1,"turns":1},{"damage":0,"enemies":"Cultist","floor":5,"turns":1},{"damage":0,"enemies":"Lagavulin","floor":6,"turns":1},{"damage":54,"enemies":"Lagavulin Event","floor":7,"turns":7},{"damage":12,"enemies":"3 Sentries","floor":10,"turns":7},{"damage":7,"enemies":"Small Slimes","floor":12,"turns":4},{"damage":16,"enemies":"2 Fungi Beasts","floor":14,"turns":4},{"damage":33,"enemies":"Slime Boss","floor":16,"turns":3}],"seed_played":"-4708626576959181425","potions_obtained":[{"floor":2,"key":"EntropicBrew"},{"floor":2,"key":"FairyPotion"},{"floor":5,"key":"Weak Potion"},{"floor":7,"key":"PowerPotion"},{"floor":12,"key":"FearPotion"}],"is_trial":false,"path_per_floor":["M","?","$","T","M","E","?","R","T","E","?","M","?","M","R","B"],"character_chosen":"IRONCLAD","items_purchased":["Inflame"],"campfire_rested":1,"item_purchase_floors":[3],"current_hp_per_floor":[74,74,74,74,75,75,34,34,41,35,24,23,18,8,32,0],"gold":276,"neow_bonus":"THREE_ENEMY_KILL","is_prod":false,"is_daily":false,"chose_seed":false,"campfire_upgraded":1,"win_rate":0,"timestamp":1548707562,"path_taken":["M","?","$","?","M","E","?","R","T","E","?","?","?","M","R","BOSS"],"build_version":"2019-01-23","purchased_purges":0,"victory":false,"max_hp_per_floor":[75,75,75,75,75,75,75,75,82,82,82,82,82,82,82,82],"card_choices":[{"not_picked":["Heavy Blade","Second Wind"],"picked":"Rampage","floor":1},{"not_picked":["True Grit","Rage"],"picked":"Shrug It Off","floor":5},{"not_picked":["Armaments","Dropkick"],"picked":"Spot Weakness","floor":6},{"not_picked":["Heavy Blade","Cleave","Iron Wave"],"picked":"SKIP","floor":10},{"not_picked":["Feel No Pain","Battle Trance"],"picked":"Combust","floor":12},{"not_picked":["Clash","Iron Wave"],"picked":"True Grit","floor":14}],"player_experience":1050884,"relics_obtained":[{"floor":4,"key":"Omamori"},{"floor":6,"key":"Art of War"},{"floor":7,"key":"Lantern"},{"floor":9,"key":"Strawberry"},{"floor":10,"key":"Self Forming Clay"}],"event_choices":[{"damage_healed":0,"gold_gain":0,"player_choice":"Bought 2 Potions","damage_taken":0,"max_hp_gain":0,"max_hp_loss":0,"event_name":"The Woman in Blue","floor":2,"gold_loss":0},{"damage_healed":0,"gold_gain":0,"player_choice":"Searched \u00271\u0027 times","damage_taken":0,"max_hp_gain":0,"max_hp_loss":0,"event_name":"Dead Adventurer","floor":7,"gold_loss":0},{"damage_healed":0,"gold_gain":75,"player_choice":"Gather Gold","damage_taken":11,"max_hp_gain":0,"max_hp_loss":0,"event_name":"World of Goop","floor":11,"gold_loss":0},{"damage_healed":0,"gold_gain":0,"player_choice":"Success","damage_taken":5,"relics_obtained":["Mummified Hand"],"max_hp_gain":0,"max_hp_loss":0,"event_name":"Scrap Ooze","floor":13,"gold_loss":0}],"is_beta":false,"boss_relics":[],"items_purged_floors":[],"is_endless":false,"potions_floor_spawned":[5,6,7,12],"killed_by":"Slime Boss","ascension_level":18}