{"gold_per_floor":[118,137,137,154,164,164,199,223,223,223,234,264,264,291,291,394,394,405,405,16,29,29,29,41,41,68,103,116,37,54,54,54,149,149,163,176,32,45,58,58,68,82,82,82],"floor_reached":44,"playtime":4668,"items_purged":[],"score":442,"play_id":"359fe728-d09c-4f55-9e0e-ce50177796c9","local_time":"20190109203753","is_ascension_mode":false,"campfire_choices":[{"data":"Uppercut","floor":6.0,"key":"SMITH"},{"data":"Heavy Blade","floor":13.0,"key":"SMITH"},{"floor":15.0,"key":"REST"},{"data":"Double Tap","floor":23.0,"key":"SMITH"},{"data":"Shockwave","floor":25.0,"key":"SMITH"},{"floor":32.0,"key":"REST"}],"neow_cost":"NONE","seed_source_timestamp":90599149170932,"circlet_count":0,"master_deck":["Strike_R+1","Strike_R+1","Defend_R+1","Defend_R+1","Defend_R+1","Defend_R+1","Bash","Uppercut+1","Twin Strike","Demon Form","Heavy Blade+1","Whirlwind","Shockwave+1","Twin Strike","Double Tap+1","Feel No Pain+1","Metallicize+1","Battle Trance","Rage+1","Feel No Pain","Infernal Blade+1","Evolve","Exhume+1","Disarm+1","Entrench+1","Corruption","Dual Wield+1","Corruption+1","Entrench+1","Parasite","Shrug It Off+1","Pain"],"special_seed":0,"relics":["Burning Blood","Blood Vial","Dream Catcher","Odd Mushroom","Letter Opener","Cursed Key","Medical Kit","Bag of Preparation","Art of War","Toxic Egg 2","Empty Cage","Ancient Tea Set","The Courier"],"potions_floor_usage":[44],"damage_taken":[{"damage":6.0,"enemies":"2 Louse","floor":1.0,"turns":3.0},{"damage":7.0,"enemies":"Small Slimes","floor":2.0,"turns":4.0},{"damage":6.0,"enemies":"Jaw Worm","floor":4.0,"turns":2.0},{"damage":0.0,"enemies":"Lots of Slimes","floor":5.0,"turns":1.0},{"damage":20.0,"enemies":"3 Sentries","floor":7.0,"turns":9.0},{"damage":26.0,"enemies":"The Mushroom Lair","floor":8.0,"turns":4.0},{"damage":12.0,"enemies":"Gremlin Gang","floor":11.0,"turns":4.0},{"damage":13.0,"enemies":"Lagavulin","floor":14.0,"turns":4.0},{"damage":21.0,"enemies":"Slime Boss","floor":16.0,"turns":5.0},{"damage":20.0,"enemies":"Spheric Guardian","floor":18.0,"turns":4.0},{"damage":5.0,"enemies":"Shell Parasite","floor":21.0,"turns":6.0},{"damage":12.0,"enemies":"Centurion and Healer","floor":24.0,"turns":5.0},{"damage":33.0,"enemies":"Slavers","floor":27.0,"turns":6.0},{"damage":17.0,"enemies":"Snake Plant","floor":28.0,"turns":4.0},{"damage":15.0,"enemies":"Snecko","floor":30.0,"turns":6.0},{"damage":39.0,"enemies":"Collector","floor":33.0,"turns":7.0},{"damage":25.0,"enemies":"3 Shapes","floor":35.0,"turns":4.0},{"damage":7.0,"enemies":"Orb Walker","floor":36.0,"turns":4.0},{"damage":16.0,"enemies":"3 Darklings","floor":38.0,"turns":5.0},{"damage":20.0,"enemies":"Jaw Worm Horde","floor":39.0,"turns":5.0},{"damage":4.0,"enemies":"Writhing Mass","floor":41.0,"turns":7.0},{"damage":41.0,"enemies":"4 Shapes","floor":42.0,"turns":5.0},{"damage":17,"enemies":"Sphere and 2 Shapes","floor":44,"turns":2}],"seed_played":"-3573957549367192489","potions_obtained":[{"floor":2.0,"key":"AttackPotion"},{"floor":4.0,"key":"SteroidPotion"},{"floor":7.0,"key":"Energy Potion"},{"floor":11.0,"key":"Explosive Potion"},{"floor":24.0,"key":"GamblersBrew"},{"floor":28.0,"key":"BloodPotion"},{"floor":30.0,"key":"Energy Potion"},{"floor":35.0,"key":"Weak Potion"},{"floor":38.0,"key":"Strength Potion"},{"floor":42.0,"key":"Weak Potion"}],"is_trial":false,"path_per_floor":["M","M","?","M","M","R","E","?","T","?","M","?","R","E","R","B",null,"M","?","$","M","?","R","M","R","T","E","M","$","M","?","R","B",null,"M","M","$","M","M","?","M","M","T","M"],"character_chosen":"IRONCLAD","items_purchased":["Medical Kit","Bag of Preparation","Metallicize","Feel No Pain","Corruption","Dual Wield+1"],"campfire_rested":2,"item_purchase_floors":[20,20,20,29,37,37],"current_hp_per_floor":[80,79,63,65,73,73,61,43,43,43,39,39,39,34,58,45,80,66,66,66,69,69,69,65,65,65,40,31,31,32,32,56,25,80,61,62,62,54,42,42,46,13,13,0],"gold":82,"neow_bonus":"RANDOM_COMMON_RELIC","is_prod":false,"is_daily":false,"chose_seed":false,"campfire_upgraded":4,"win_rate":0,"timestamp":1547062673,"path_taken":["M","M","?","M","M","R","E","?","T","?","M","?","R","E","R","BOSS","M","?","$","M","?","R","?","R","T","E","M","?","?","?","R","BOSS","M","?","$","M","M","?","M","M","T","M"],"build_version":"2019-01-03v4","purchased_purges":0,"victory":false,"max_hp_per_floor":[80,80,80,80,80,80,80,80,80,80,80,80,80,80,80,80,80,80,80,80,80,80,80,80,80,80,80,80,80,80,80,80,80,80,80,80,80,80,80,80,80,80,80,80],"card_choices":[{"not_picked":["Cleave","Clash"],"picked":"Uppercut","floor":1.0},{"not_picked":["Anger","Sever Soul"],"picked":"Twin Strike","floor":2.0},{"not_picked":["Iron Wave","Warcry","Power Through"],"picked":"SKIP","floor":4.0},{"not_picked":["Clash","Body Slam","Wild Strike"],"picked":"SKIP","floor":5.0},{"not_picked":["Pommel Strike","Corruption"],"picked":"Demon Form","floor":7.0},{"not_picked":["Armaments","True Grit"],"picked":"Heavy Blade","floor":8.0},{"not_picked":["Blood for Blood","Havoc"],"picked":"Whirlwind","floor":11.0},{"not_picked":["True Grit","Body Slam"],"picked":"Shockwave","floor":14.0},{"not_picked":["Barricade","Thunderclap"],"picked":"Twin Strike","floor":15.0},{"not_picked":["Immolate","Barricade"],"picked":"Double Tap","floor":16.0},{"not_picked":["Flex","Infernal Blade+1"],"picked":"Feel No Pain+1","floor":18.0},{"not_picked":["Anger","Clothesline","Headbutt"],"picked":"SKIP","floor":21.0},{"not_picked":["Thunderclap","Warcry+1"],"picked":"Battle Trance","floor":24.0},{"not_picked":["Perfected Strike","Brutality","Reckless Charge"],"picked":"SKIP","floor":27.0},{"not_picked":["Sword Boomerang","Hemokinesis"],"picked":"Rage+1","floor":28.0},{"not_picked":["Pommel Strike+1","Iron Wave+1"],"picked":"Infernal Blade+1","floor":30.0},{"not_picked":["Sword Boomerang","Battle Trance+1"],"picked":"Evolve","floor":32.0},{"not_picked":["Double Tap+1","Bludgeon"],"picked":"Exhume+1","floor":33.0},{"not_picked":["Metallicize+1","Entrench+1"],"picked":"Disarm+1","floor":35.0},{"not_picked":["Hemokinesis","Ghostly Armor+1"],"picked":"Entrench+1","floor":36.0},{"not_picked":["Body Slam","Twin Strike"],"picked":"Corruption+1","floor":38.0},{"not_picked":["Bloodletting+1","Perfected Strike+1"],"picked":"Entrench+1","floor":39.0},{"not_picked":["Inflame","Wild Strike","Searing Blow"],"picked":"SKIP","floor":41.0},{"not_picked":["Sword Boomerang+1","Pommel Strike"],"picked":"Shrug It Off+1","floor":42.0}],"player_experience":815719,"relics_obtained":[{"floor":7.0,"key":"Dream Catcher"},{"floor":8.0,"key":"Odd Mushroom"},{"floor":14.0,"key":"Letter Opener"},{"floor":26.0,"key":"Art of War"},{"floor":27.0,"key":"Toxic Egg 2"},{"floor":43.0,"key":"The Courier"}],"event_choices":[{"damage_healed":0.0,"max_hp_gain":0.0,"max_hp_loss":0.0,"gold_gain":0.0,"event_name":"Shining Light","player_choice":"Entered Light","floor":3.0,"gold_loss":0.0,"damage_taken":16.0,"cards_upgraded":["Strike_R","Strike_R"]},{"damage_healed":0.0,"max_hp_gain":0.0,"max_hp_loss":0.0,"gold_gain":0.0,"event_name":"Mushrooms","player_choice":"Fought Mushrooms","floor":8.0,"gold_loss":0.0,"damage_taken":0.0},{"cards_removed":["Strike_R"],"damage_healed":0.0,"max_hp_gain":0.0,"max_hp_loss":0.0,"gold_gain":0.0,"event_name":"Living Wall","player_choice":"Forget","floor":10.0,"gold_loss":0.0,"damage_taken":0.0},{"damage_healed":0.0,"max_hp_gain":0.0,"max_hp_loss":0.0,"gold_gain":30.0,"event_name":"Dead Adventurer","player_choice":"Searched \u00272\u0027 times","floor":12.0,"gold_loss":0.0,"damage_taken":0.0},{"damage_healed":0.0,"max_hp_gain":0.0,"max_hp_loss":0.0,"gold_gain":0.0,"event_name":"Back to Basics","player_choice":"Simplicity","floor":19.0,"gold_loss":0.0,"damage_taken":0.0,"cards_upgraded":["Strike_R","Strike_R","Defend_R","Defend_R","Defend_R","Defend_R"]},{"cards_removed":["Strike_R"],"damage_healed":0.0,"max_hp_gain":0.0,"max_hp_loss":0.0,"gold_gain":0.0,"event_name":"Purifier","player_choice":"Purged","floor":22.0,"gold_loss":0.0,"damage_taken":0.0},{"damage_healed":0.0,"max_hp_gain":0.0,"max_hp_loss":0.0,"gold_gain":0.0,"event_name":"Upgrade Shrine","player_choice":"Upgraded","floor":31.0,"gold_loss":0.0,"damage_taken":0.0,"cards_upgraded":["Metallicize"]},{"damage_healed":0.0,"max_hp_gain":0.0,"max_hp_loss":0.0,"gold_gain":0.0,"event_name":"WeMeetAgain","player_choice":"Gave Potion","floor":40.0,"gold_loss":0.0,"damage_taken":0.0,"relics_obtained":["Ancient Tea Set"]}],"is_beta":false,"boss_relics":[{"not_picked":["Runic Dome","White Beast Statue"],"picked":"Cursed Key"},{"not_picked":["Orrery","Philosopher\u0027s Stone"],"picked":"Empty Cage"}],"items_purged_floors":[],"is_endless":false,"potions_floor_spawned":[2,4,7,11,24,28,30,35,38,42],"killed_by":"Sphere and 2 Shapes","ascension_level":0}