{"gold_per_floor":[110,110,120,131,131,131,164,17,40,40,60,60,23,33,33,131,131,144,163,183,183,195,195,230,230,230,262,262],"floor_reached":28,"playtime":1972,"items_purged":[],"score":310,"play_id":"17b2ce91-46bb-440a-ada8-40494d406fd8","local_time":"20190104121215","is_ascension_mode":true,"campfire_choices":[{"data":"Seeing Red","floor":6.0,"key":"SMITH"},{"data":"Bash","floor":10,"key":"SMITH"},{"data":"Flame Barrier","floor":12,"key":"SMITH"},{"data":"Metallicize","floor":15,"key":"SMITH"},{"data":"Barricade","floor":23,"key":"SMITH"},{"data":"Entrench","floor":25,"key":"SMITH"}],"neow_cost":"NONE","seed_source_timestamp":0,"circlet_count":0,"master_deck":["Strike_R","Strike_R","Strike_R","Strike_R","Defend_R","Defend_R","Defend_R","Defend_R","Bash+1","Cleave","Seeing Red+1","Flame Barrier+1","Iron Wave","Carnage","Metallicize+1","Barricade+1","Twin Strike","Armaments","Dropkick+1","True Grit+1","Entrench+1","Warcry"],"special_seed":0,"relics":["Burning Blood","NeowsBlessing","Pen Nib","Bottled Flame","Bag of Marbles","Orichalcum","Philosopher\u0027s Stone","Pocketwatch","Centennial Puzzle","Question Card"],"potions_floor_usage":[20,24,24,28],"damage_taken":[{"damage":0.0,"enemies":"Small Slimes","floor":1.0,"turns":1.0},{"damage":0.0,"enemies":"Cultist","floor":3.0,"turns":1.0},{"damage":0.0,"enemies":"Jaw Worm","floor":4.0,"turns":1.0},{"damage":30.0,"enemies":"3 Sentries","floor":7.0,"turns":6.0},{"damage":14,"enemies":"Gremlin Gang","floor":11,"turns":3},{"damage":0,"enemies":"Exordium Wildlife","floor":14,"turns":1},{"damage":26,"enemies":"The Guardian","floor":16,"turns":12},{"damage":13,"enemies":"Shell Parasite","floor":18,"turns":6},{"damage":29,"enemies":"3 Byrds","floor":19,"turns":4},{"damage":5,"enemies":"Centurion and Healer","floor":20,"turns":4},{"damage":1,"enemies":"Cultist and Chosen","floor":22,"turns":6},{"damage":15,"enemies":"Gremlin Leader","floor":24,"turns":5},{"damage":44,"enemies":"Slavers","floor":27,"turns":6},{"damage":11,"enemies":"Shelled Parasite and Fungi","floor":28,"turns":1}],"seed_played":"-6379433243123697012","potions_obtained":[{"floor":1.0,"key":"PowerPotion"},{"floor":2.0,"key":"Weak Potion"},{"floor":2.0,"key":"EntropicBrew"},{"floor":14,"key":"SneckoOil"},{"floor":16,"key":"Fire Potion"}],"is_trial":false,"path_per_floor":["M","?","M","M","?","R","E","$","T","R","M","R","$","M","R","B",null,"M","M","M","?","M","R","E","R","T","E","M"],"character_chosen":"IRONCLAD","items_purchased":["Bag of Marbles","Carnage"],"campfire_rested":0,"item_purchase_floors":[8,13],"current_hp_per_floor":[80,80,80,80,80,80,56,56,56,56,48,48,48,54,54,34,80,73,50,51,51,56,56,47,47,47,9,0],"gold":262,"neow_bonus":"THREE_ENEMY_KILL","is_prod":false,"is_daily":false,"chose_seed":false,"campfire_upgraded":6,"win_rate":0,"timestamp":1546625535,"path_taken":["M","?","?","M","?","R","E","$","T","R","M","R","$","M","R","BOSS","M","M","M","?","?","R","E","R","T","E","M"],"build_version":"2019-01-03v3","purchased_purges":0,"victory":false,"max_hp_per_floor":[80,80,80,80,80,80,80,80,80,80,80,80,80,80,80,80,80,80,80,80,80,80,80,80,80,80,80,80],"card_choices":[{"not_picked":["Flex","Inflame"],"picked":"Cleave","floor":1.0},{"not_picked":["Combust","Havoc"],"picked":"Hemokinesis","floor":3.0},{"not_picked":["Power Through","Clothesline"],"picked":"Seeing Red","floor":4.0},{"not_picked":["Reckless Charge","Disarm"],"picked":"Flame Barrier","floor":7},{"not_picked":["Body Slam","True Grit"],"picked":"Iron Wave","floor":11},{"not_picked":["Feel No Pain","Battle Trance"],"picked":"Metallicize","floor":14},{"not_picked":["Berserk","Double Tap"],"picked":"Barricade","floor":16},{"not_picked":["Flex","Thunderclap"],"picked":"Twin Strike","floor":18},{"not_picked":["Entrench","Evolve"],"picked":"Armaments","floor":19},{"not_picked":["Clothesline","Sentinel"],"picked":"Dropkick+1","floor":20},{"not_picked":["Clothesline","Twin Strike"],"picked":"True Grit+1","floor":22},{"not_picked":["Dropkick","Twin Strike"],"picked":"Entrench","floor":24},{"not_picked":["Cleave","Rampage"],"picked":"Warcry","floor":27}],"player_experience":285069,"relics_obtained":[{"floor":7,"key":"Bottled Flame"},{"floor":9,"key":"Orichalcum"},{"floor":24,"key":"Pocketwatch"},{"floor":26,"key":"Centennial Puzzle"},{"floor":27,"key":"Question Card"}],"event_choices":[{"damage_healed":0.0,"max_hp_gain":0.0,"max_hp_loss":0.0,"gold_gain":0.0,"event_name":"Lab","player_choice":"Got Potions","floor":2.0,"gold_loss":0.0,"damage_taken":0.0},{"cards_removed":["Hemokinesis"],"damage_healed":0.0,"max_hp_gain":0.0,"max_hp_loss":0.0,"gold_gain":0.0,"event_name":"WeMeetAgain","player_choice":"Gave Card","floor":5.0,"gold_loss":0.0,"damage_taken":0.0,"relics_obtained":["Pen Nib"]},{"cards_removed":["Strike_R"],"damage_healed":0,"gold_gain":0,"player_choice":"Purged","damage_taken":0,"max_hp_gain":0,"max_hp_loss":0,"event_name":"Purifier","floor":21,"gold_loss":0}],"is_beta":false,"boss_relics":[{"not_picked":["White Beast Statue","Busted Crown"],"picked":"Philosopher\u0027s Stone"}],"items_purged_floors":[],"is_endless":false,"potions_floor_spawned":[1,4,14,16,27],"killed_by":"Shelled Parasite and Fungi","ascension_level":4}