{"gold_per_floor":[113,63,83,98,115,141,141,173,173,173,193,193,203,230,230,326,326,339,339,351,351,380,380,442,379,379,103,103],"floor_reached":28,"playtime":2878,"items_purged":["Underhanded Strike"],"score":371,"play_id":"08c0baf1-c345-4b9f-b35a-1fd378d25b41","local_time":"20181108233311","is_ascension_mode":true,"campfire_choices":[{"data":"Neutralize","floor":7,"key":"SMITH"},{"data":"Caltrops","floor":10,"key":"SMITH"},{"data":"Die Die Die","floor":12,"key":"SMITH"},{"floor":15,"key":"REST"},{"floor":23,"key":"REST"}],"neow_cost":"NONE","seed_source_timestamp":188963981304361,"circlet_count":0,"master_deck":["Survivor","Neutralize+1","Purity","Terror","Slice","PiercingWail","Die Die Die+1","Caltrops+1","Backflip","Escape Plan","Footwork","Burst","Distraction","Deadly Poison","Blade Dance","Flying Knee","PiercingWail","Quick Slash","Acrobatics","Dodge and Roll","Crippling Poison","Footwork","Deadly Poison+1","Backflip","Corpse Explosion","Caltrops"],"relics":["Ring of the Snake","Anchor","Centennial Puzzle","Strawberry","Ninja Scroll","Pandora\u0027s Box","Nilry\u0027s Codex","Red Mask","Tiny Chest","Mummified Hand","Paper Crane"],"potions_floor_usage":[14,14,14,22,28],"damage_taken":[{"damage":1,"enemies":"Small Slimes","floor":1,"turns":4},{"damage":0,"enemies":"2 Louse","floor":3,"turns":3},{"damage":0,"enemies":"Cultist","floor":4,"turns":3},{"damage":0,"enemies":"Blue Slaver","floor":5,"turns":5},{"damage":35,"enemies":"3 Sentries","floor":6,"turns":13},{"damage":15,"enemies":"Lagavulin","floor":8,"turns":8},{"damage":0,"enemies":"2 Fungi Beasts","floor":11,"turns":2},{"damage":0,"enemies":"Looter","floor":13,"turns":5},{"damage":14,"enemies":"Gremlin Nob","floor":14,"turns":5},{"damage":26,"enemies":"Hexaghost","floor":16,"turns":11},{"damage":1,"enemies":"Chosen","floor":18,"turns":5},{"damage":11,"enemies":"Shell Parasite","floor":20,"turns":5},{"damage":26,"enemies":"Masked Bandits","floor":22,"turns":6},{"damage":8,"enemies":"Slavers","floor":24,"turns":5},{"damage":20,"enemies":"Gremlin Leader","floor":28,"turns":6}],"seed_played":"8148994882110878577","potions_obtained":[{"floor":3,"key":"FearPotion"},{"floor":5,"key":"Block Potion"},{"floor":6,"key":"Weak Potion"},{"floor":8,"key":"GhostInAJar"},{"floor":20,"key":"Dexterity Potion"},{"floor":24,"key":"GhostInAJar"}],"is_trial":false,"path_per_floor":["M","?","M","M","M","E","R","E","T","R","M","R","M","E","R","B",null,"M","?","M","?","?","R","E","?","T","$","E"],"character_chosen":"THE_SILENT","items_purchased":["Corpse Explosion","Caltrops"],"campfire_rested":2,"item_purchase_floors":[27,27],"current_hp_per_floor":[62,62,62,62,62,27,27,12,19,19,19,19,19,5,28,2,58,57,57,46,30,4,27,19,19,19,19,0],"gold":103,"neow_bonus":"RANDOM_COLORLESS","is_prod":false,"is_daily":false,"chose_seed":false,"campfire_upgraded":3,"win_rate":0,"timestamp":1541716391,"path_taken":["M","?","M","M","M","E","R","E","T","R","M","R","M","E","R","BOSS","M","?","M","?","?","R","E","?","T","$","E"],"build_version":"2018-11-01","purchased_purges":1,"victory":false,"max_hp_per_floor":[70,70,70,70,70,70,70,70,77,77,77,77,77,77,77,77,77,77,77,77,77,77,77,77,77,77,77,77],"card_choices":[{"not_picked":["Dodge and Roll","Distraction"],"picked":"Terror","floor":1},{"not_picked":["Acrobatics","Cloak And Dagger"],"picked":"Slice","floor":3},{"not_picked":["Quick Slash","Concentrate"],"picked":"PiercingWail","floor":4},{"not_picked":["Bane","Deflect"],"picked":"Die Die Die","floor":5},{"not_picked":["Acrobatics","Underhanded Strike"],"picked":"Caltrops","floor":6},{"not_picked":["Flying Knee","PiercingWail"],"picked":"Backflip","floor":8},{"not_picked":["Riddle With Holes","Distraction","Grand Finale"],"picked":"SKIP","floor":11},{"not_picked":["Dagger Throw","Finisher"],"picked":"Escape Plan","floor":13},{"not_picked":["Deflect","Prepared"],"picked":"Footwork","floor":14},{"not_picked":["Adrenaline","Unload"],"picked":"Burst","floor":16},{"not_picked":["Sucker Punch","Cloak And Dagger"],"picked":"Crippling Poison","floor":18},{"not_picked":["Tactician","Dagger Spray","Quick Slash"],"picked":"SKIP","floor":20},{"not_picked":["Masterful Stab","All Out Attack"],"picked":"Deadly Poison+1","floor":22},{"not_picked":["Backstab","Dodge and Roll"],"picked":"Backflip","floor":24}],"player_experience":472574,"relics_obtained":[{"floor":6,"key":"Anchor"},{"floor":8,"key":"Centennial Puzzle"},{"floor":9,"key":"Strawberry"},{"floor":14,"key":"Ninja Scroll"},{"floor":21,"key":"Nilry\u0027s Codex"},{"floor":22,"key":"Red Mask"},{"floor":24,"key":"Tiny Chest"},{"floor":26,"key":"Paper Crane"}],"event_choices":[{"cards_removed":["Strike_G"],"damage_healed":0,"gold_gain":0,"player_choice":"Card Removal","damage_taken":0,"max_hp_gain":0,"max_hp_loss":0,"event_name":"The Cleric","floor":2,"gold_loss":50},{"damage_healed":0,"gold_gain":0,"player_choice":"Read","damage_taken":0,"max_hp_gain":0,"max_hp_loss":0,"event_name":"The Library","floor":19,"gold_loss":0,"cards_obtained":["Footwork"]},{"damage_healed":0,"gold_gain":0,"player_choice":"Obtained Book","damage_taken":16,"max_hp_gain":0,"max_hp_loss":0,"event_name":"Cursed Tome","floor":21,"gold_loss":0},{"damage_healed":0,"gold_gain":0,"player_choice":"Fought Bandits","damage_taken":0,"max_hp_gain":0,"max_hp_loss":0,"event_name":"Masked Bandits","floor":22,"gold_loss":0},{"damage_healed":0,"gold_gain":0,"player_choice":"Paid Gold","damage_taken":0,"relics_obtained":["Mummified Hand"],"max_hp_gain":0,"max_hp_loss":0,"event_name":"WeMeetAgain","floor":25,"gold_loss":63}],"is_beta":false,"boss_relics":[{"not_picked":["Runic Pyramid","Calling Bell"],"picked":"Pandora\u0027s Box"}],"items_purged_floors":[27],"is_endless":false,"potions_floor_spawned":[3,5,6,8,20,24],"killed_by":"Gremlin Leader","ascension_level":9}