{"path_per_floor":["M","M","?","?","?","E","R","M","T","M","R","M","M","$","R","B",null,"M","$","M"],"character_chosen":"IRONCLAD","items_purchased":["Flex","Heavy Blade"],"gold_per_floor":[112,126,126,126,126,160,160,181,207,228,228,241,255,155,155,285,285,308,160,185],"floor_reached":21,"campfire_rested":1,"playtime":1811,"current_hp_per_floor":[80,80,60,60,44,50,50,56,56,46,46,42,38,38,62,36,80,65,65,28],"items_purged":["Strike_R","Defend_R"],"gold":185,"score":206,"play_id":"b49f3efc-8830-4977-88b0-7ec14180c472","is_prod":false,"is_daily":false,"is_ascension_mode":false,"campfire_upgraded":2,"path_taken":["M","M","?","?","?","E","R","M","T","M","R","M","M","$","R","BOSS","M","$","M","?"],"build_version":"2018-02-15-PROD1","purchased_purges":2,"victory":false,"master_deck":["Strike_R","Strike_R","Strike_R","Strike_R+1","Defend_R","Defend_R","Defend_R+1","Bash+1","Pommel Strike+1","Flex+1","Battle Trance","Inflame","Double Tap","Flex","Heavy Blade","Evolve"],"max_hp_per_floor":[80,80,80,80,80,80,80,80,80,80,80,80,80,80,80,80,80,80,80,80],"relics":["Burning Blood","NeowsBlessing","Golden Idol","Mercury Hourglass","Omamori","Black Star"],"card_choices":[{"not_picked":["Rage","Bloodletting"],"picked":"Pommel Strike"},{"not_picked":["Armaments","Havoc"],"picked":"Flex"},{"not_picked":["Seeing Red","Burning Pact"],"picked":"Battle Trance"},{"not_picked":["Power Through","Feel No Pain"],"picked":"Inflame"},{"not_picked":["Thunderclap","Body Slam"],"picked":"Double Tap"},{"not_picked":["Wild Strike","Intimidate"],"picked":"Evolve"}],"player_experience":83041,"potions_floor_usage":[],"damage_taken":[{"damage":0,"enemies":"2 Louse","floor":1,"turns":1},{"damage":0,"enemies":"Jaw Worm","floor":2,"turns":1},{"damage":0,"enemies":"Lagavulin","floor":6,"turns":1},{"damage":0,"enemies":"Small Slimes","floor":8,"turns":2},{"damage":16,"enemies":"Exordium Thugs","floor":10,"turns":3},{"damage":10,"enemies":"2 Fungi Beasts","floor":12,"turns":3},{"damage":10,"enemies":"Looter","floor":13,"turns":3},{"damage":32,"enemies":"Slime Boss","floor":16,"turns":7},{"damage":21,"enemies":"Shell Parasite","floor":18,"turns":4},{"damage":43,"enemies":"3 Byrds","floor":20,"turns":5},{"damage":10,"enemies":"Sentry and Sphere","floor":21,"turns":3}],"event_choices":[{"event_name":"Golden Idol","player_choice":"Take Damage","floor":3,"damage_taken":0},{"event_name":"Accursed Blacksmith","player_choice":"Forge","floor":4,"damage_taken":0},{"event_name":"Shining Light","player_choice":"Entered Light","floor":5,"damage_taken":0}],"boss_relics":[{"not_picked":["Philosopher\u0027s Stone","White Beast Statue"],"picked":"Black Star"}],"potions_floor_spawned":[1,6,13,16,18],"seed_played":"8300245868830666802","killed_by":"Sentry and Sphere","ascension_level":0,"is_trial":false}