{"gold_per_floor":[116,116,131,150,150,150,169,184,184,184,218,218,246,57,57,131,131,142,67,80,96,115,115,115],"floor_reached":24,"playtime":1930,"items_purged":["Strike_B"],"score":406,"play_id":"8d1d531b-3882-4a5c-9f96-97703e73f29e","local_time":"20190129152135","is_ascension_mode":true,"campfire_choices":[{"floor":6.0,"key":"REST"},{"data":"Genetic Algorithm","floor":10.0,"key":"SMITH"},{"data":"Ball Lightning","floor":12.0,"key":"SMITH"},{"floor":15.0,"key":"REST"},{"floor":23.0,"key":"REST"}],"neow_cost":"PERCENT_DAMAGE","seed_source_timestamp":608311539230630,"circlet_count":0,"master_deck":["AscendersBane","Strike_B","Defend_B","Defend_B","Defend_B","Defend_B","Zap+1","Dualcast","Ball Lightning+1","Ball Lightning","Chill","Reinforced Body","Genetic Algorithm+1","FTL","Hologram","Hyperbeam"],"special_seed":0,"relics":["Cracked Core","Incense Burner","Pear","WingedGreaves","Gremlin Horn","Cursed Key"],"potions_floor_usage":[],"damage_taken":[{"damage":2.0,"enemies":"Cultist","floor":1.0,"turns":4.0},{"damage":0.0,"enemies":"Small Slimes","floor":3.0,"turns":2.0},{"damage":7.0,"enemies":"Jaw Worm","floor":4.0,"turns":2.0},{"damage":2.0,"enemies":"2 Fungi Beasts","floor":7.0,"turns":3.0},{"damage":0.0,"enemies":"Looter","floor":8.0,"turns":2.0},{"damage":13.0,"enemies":"3 Sentries","floor":11.0,"turns":7.0},{"damage":25.0,"enemies":"Gremlin Nob","floor":13.0,"turns":4.0},{"damage":30.0,"enemies":"Slime Boss","floor":16.0,"turns":8.0},{"damage":0.0,"enemies":"Spheric Guardian","floor":18.0,"turns":3.0},{"damage":4.0,"enemies":"3 Byrds","floor":20.0,"turns":5.0},{"damage":13.0,"enemies":"Snake Plant","floor":21.0,"turns":5.0},{"damage":17.0,"enemies":"Snecko","floor":22.0,"turns":6.0},{"damage":58,"enemies":"Slavers","floor":24,"turns":6}],"seed_played":"3177593917902759659","potions_obtained":[{"floor":1.0,"key":"Block Potion"},{"floor":11.0,"key":"Block Potion"},{"floor":13.0,"key":"SneckoOil"},{"floor":18.0,"key":"Weak Potion"},{"floor":20.0,"key":"Swift Potion"}],"is_trial":false,"path_per_floor":["M","?","M","M","?","R","M","M","T","R","E","R","E","$","R","B",null,"M","?","M","M","M","R","E"],"character_chosen":"DEFECT","items_purchased":["Poison Potion","Explosive Potion"],"campfire_rested":3,"item_purchase_floors":[14,14],"current_hp_per_floor":[44,44,44,37,30,51,49,49,59,59,46,46,21,21,45,15,65,65,65,61,48,31,55,0],"gold":115,"neow_bonus":"ONE_RARE_RELIC","is_prod":false,"is_daily":false,"chose_seed":false,"campfire_upgraded":2,"win_rate":0,"timestamp":1548771695,"path_taken":["M","?","M","M","?","R","M","M","T","R","E","R","E","$","R","BOSS","M","?","M","M","M","R","E"],"build_version":"2019-01-23","purchased_purges":1,"victory":false,"max_hp_per_floor":[71,71,71,71,71,71,71,71,81,81,81,81,81,81,81,81,81,81,81,81,81,81,81,81],"card_choices":[{"not_picked":["BootSequence","Redo"],"picked":"Ball Lightning","floor":1.0},{"not_picked":["Streamline","Consume"],"picked":"Ball Lightning","floor":3.0},{"not_picked":["Beam Cell","Go for the Eyes"],"picked":"Chill","floor":4.0},{"not_picked":["Thunder Strike","Compile Driver"],"picked":"Reinforced Body","floor":7.0},{"not_picked":["Sweeping Beam","Blizzard"],"picked":"Genetic Algorithm","floor":8.0},{"not_picked":["Leap","Static Discharge"],"picked":"FTL","floor":11.0},{"not_picked":["Force Field","Redo"],"picked":"Hologram","floor":13.0},{"not_picked":["Meteor Strike","Core Surge"],"picked":"Hyperbeam","floor":16.0},{"not_picked":["Aggregate","Melter","Sweeping Beam"],"picked":"SKIP","floor":18.0},{"not_picked":["Sweeping Beam","Barrage","Consume"],"picked":"SKIP","floor":20.0},{"not_picked":["Barrage","Beam Cell","Steam Power"],"picked":"SKIP","floor":21.0},{"not_picked":["Redo","Rip and Tear","Barrage"],"picked":"SKIP","floor":22.0}],"player_experience":1056101,"relics_obtained":[{"floor":9.0,"key":"Pear"},{"floor":11.0,"key":"WingedGreaves"},{"floor":13.0,"key":"Gremlin Horn"}],"event_choices":[{"damage_healed":0.0,"max_hp_gain":0.0,"max_hp_loss":0.0,"gold_gain":0.0,"event_name":"Living Wall","player_choice":"Grow","floor":2.0,"gold_loss":0.0,"damage_taken":0.0,"cards_upgraded":["Zap"]},{"cards_removed":["Strike_B"],"damage_healed":0.0,"max_hp_gain":0.0,"max_hp_loss":0.0,"gold_gain":0.0,"event_name":"Golden Wing","player_choice":"Card Removal","floor":5.0,"gold_loss":0.0,"damage_taken":7.0},{"cards_removed":["Strike_B"],"damage_healed":0.0,"max_hp_gain":0.0,"max_hp_loss":0.0,"gold_gain":0.0,"event_name":"Beggar","player_choice":"Gave Gold","floor":19.0,"gold_loss":75.0,"damage_taken":0.0}],"is_beta":false,"boss_relics":[{"not_picked":["Calling Bell","Orrery"],"picked":"Cursed Key"}],"items_purged_floors":[14],"is_endless":false,"potions_floor_spawned":[1,11,13,18,20],"killed_by":"Slavers","ascension_level":19}