{"gold_per_floor":[115,39,59,70,90,90,40,40,40,70,70,89,89,122,122,222,222,239,83,100,116,116,116,131,131,182,182,82,82,82,100,100,204,204,216,216,231,231,231,231,243,243,316,51,51,51,51,68,68,68],"floor_reached":51,"playtime":1296,"items_purged":["Strike_R","Injury","Normality"],"score":703,"play_id":"b15a7de0-4cbd-4289-b1a0-f935106478f4","local_time":"20190202003733","is_ascension_mode":false,"campfire_choices":[{"data":"Armaments","floor":6.0,"key":"SMITH"},{"data":"Bash","floor":8.0,"key":"SMITH"},{"data":"Blood for Blood","floor":11.0,"key":"SMITH"},{"data":"Pommel Strike","floor":13.0,"key":"SMITH"},{"data":"Combust","floor":15.0,"key":"SMITH"},{"data":"Feed","floor":23.0,"key":"SMITH"},{"data":"Double Tap","floor":27.0,"key":"SMITH"},{"data":"Inflame","floor":29.0,"key":"SMITH"},{"data":"Armaments","floor":32.0,"key":"SMITH"},{"data":"Evolve","floor":40,"key":"SMITH"},{"data":"Shrug It Off","floor":42,"key":"SMITH"},{"data":"Armaments","floor":45,"key":"SMITH"},{"data":"Bandage Up","floor":47,"key":"SMITH"},{"floor":49,"key":"REST"}],"neow_cost":"NONE","seed_source_timestamp":48349842457145,"circlet_count":0,"master_deck":["Strike_R","Strike_R","Defend_R","Defend_R","Defend_R","Defend_R","Bash+1","Thunderclap","Shrug It Off","Armaments+1","Blood for Blood+1","Pommel Strike+1","Ghostly Armor","Evolve+1","Cleave","Combust+1","Double Tap+1","Inflame+1","Feed+1","Thunderclap","Rampage+1","Headbutt","Rampage+1","Clumsy","Ghostly","Ghostly","Ghostly","Ghostly","Ghostly","Armaments+1","Fiend Fire","Corruption+1","Writhe","Pommel Strike+1","Shrug It Off+1","Armaments+1","Bandage Up+1","Shrug It Off"],"special_seed":0,"relics":["Burning Blood","NeowsBlessing","Gremlin Horn","Mercury Hourglass","Shuriken","Cursed Key","Self Forming Clay","Anchor","Mark of Pain","Bottled Flame"],"potions_floor_usage":[48,50],"damage_taken":[{"damage":0.0,"enemies":"Jaw Worm","floor":1.0,"turns":1.0},{"damage":0.0,"enemies":"2 Louse","floor":3.0,"turns":1.0},{"damage":0.0,"enemies":"Small Slimes","floor":4.0,"turns":2.0},{"damage":1.0,"enemies":"2 Fungi Beasts","floor":5.0,"turns":3.0},{"damage":28.0,"enemies":"Gremlin Nob","floor":10.0,"turns":4.0},{"damage":0.0,"enemies":"Looter","floor":12.0,"turns":3.0},{"damage":27.0,"enemies":"Lagavulin","floor":14.0,"turns":7.0},{"damage":21.0,"enemies":"Slime Boss","floor":16.0,"turns":6.0},{"damage":8.0,"enemies":"Spheric Guardian","floor":18.0,"turns":4.0},{"damage":6.0,"enemies":"Shell Parasite","floor":20.0,"turns":4.0},{"damage":7.0,"enemies":"Centurion and Healer","floor":21.0,"turns":6.0},{"damage":22.0,"enemies":"Snake Plant","floor":24.0,"turns":3.0},{"damage":2.0,"enemies":"Chosen and Byrds","floor":31.0,"turns":4.0},{"damage":19.0,"enemies":"Champ","floor":33.0,"turns":11.0},{"damage":0.0,"enemies":"3 Darklings","floor":35.0,"turns":2.0},{"damage":21.0,"enemies":"3 Shapes","floor":37.0,"turns":7.0},{"damage":2,"enemies":"Jaw Worm Horde","floor":41,"turns":3},{"damage":17,"enemies":"3 Darklings","floor":48,"turns":6},{"damage":54,"enemies":"Donu and Deca","floor":50,"turns":10}],"seed_played":"-7921164843075778257","potions_obtained":[{"floor":4.0,"key":"Regen Potion"},{"floor":5.0,"key":"AttackPotion"},{"floor":12.0,"key":"PowerPotion"},{"floor":14.0,"key":"EssenceOfSteel"},{"floor":18.0,"key":"BloodPotion"},{"floor":37.0,"key":"Ancient Potion"},{"floor":41,"key":"Weak Potion"}],"is_trial":false,"path_per_floor":["M","$","M","M","M","R","?","R","T","E","R","M","R","E","R","B",null,"M","$","M","M","?","R","M","T","T","R","$","R","?","M","R","B",null,"M","?","M","?","?","R","M","R","T","$","R","?","R","M","R","B",null],"character_chosen":"IRONCLAD","items_purchased":["Shrug It Off","Armaments","Feed","Armaments","Bandage Up"],"campfire_rested":1,"item_purchase_floors":[2,2,19,44,44],"current_hp_per_floor":[80,80,80,80,80,80,80,80,80,58,58,64,64,43,43,28,80,78,78,81,83,83,83,79,79,79,79,79,79,45,49,49,53,53,57,57,46,46,46,46,50,50,50,50,50,50,50,39,57,15],"gold":68,"neow_bonus":"THREE_ENEMY_KILL","is_prod":false,"is_daily":false,"chose_seed":false,"campfire_upgraded":13,"win_rate":0,"timestamp":1549089453,"path_taken":["M","$","M","M","M","R","?","R","T","E","R","M","R","E","R","BOSS","M","$","M","M","?","R","M","?","T","R","$","R","?","M","R","BOSS","M","?","M","?","?","R","M","R","T","$","R","?","R","?","R","BOSS"],"build_version":"2019-01-23","purchased_purges":3,"victory":true,"max_hp_per_floor":[80,80,80,80,80,80,80,80,80,80,80,80,80,80,80,80,80,80,80,83,86,86,86,90,90,90,90,90,90,45,49,49,53,53,57,57,61,61,61,61,61,61,61,61,61,61,61,61,61,61],"card_choices":[{"not_picked":["Clash","Twin Strike"],"picked":"Thunderclap","floor":1.0},{"not_picked":["Sentinel","Warcry"],"picked":"Blood for Blood","floor":3.0},{"not_picked":["True Grit","Wild Strike"],"picked":"Pommel Strike","floor":4.0},{"not_picked":["Pommel Strike","Perfected Strike"],"picked":"Ghostly Armor","floor":5.0},{"not_picked":["Clash","Rage"],"picked":"Evolve","floor":10.0},{"not_picked":["Sword Boomerang","Flex"],"picked":"Cleave","floor":12.0},{"not_picked":["Pummel","Havoc"],"picked":"Combust","floor":14.0},{"not_picked":["Demon Form","Bludgeon"],"picked":"Double Tap","floor":16.0},{"not_picked":["Warcry","Feel No Pain"],"picked":"Inflame","floor":18.0},{"not_picked":["Cleave","Body Slam"],"picked":"Thunderclap","floor":20.0},{"not_picked":["Ghostly Armor","Intimidate"],"picked":"Rampage+1","floor":21.0},{"not_picked":["Infernal Blade+1","Seeing Red"],"picked":"Rampage+1","floor":24.0},{"not_picked":["Clash","Pommel Strike"],"picked":"Armaments","floor":31.0},{"not_picked":["Juggernaut","Impervious"],"picked":"Fiend Fire","floor":33.0},{"not_picked":["Heavy Blade","Burning Pact"],"picked":"Corruption+1","floor":35.0},{"not_picked":["Bloodletting+1","Spot Weakness"],"picked":"Pommel Strike+1","floor":37.0},{"not_picked":["Pommel Strike","Reckless Charge+1"],"picked":"Shrug It Off","floor":41},{"not_picked":["Bloodletting+1","Body Slam+1"],"picked":"Shrug It Off","floor":48}],"player_experience":706880,"relics_obtained":[{"floor":9.0,"key":"Gremlin Horn"},{"floor":10.0,"key":"Mercury Hourglass"},{"floor":14.0,"key":"Shuriken"},{"floor":25.0,"key":"Self Forming Clay"},{"floor":26.0,"key":"Anchor"},{"floor":43,"key":"Bottled Flame"}],"event_choices":[{"cards_removed":["Strike_R"],"damage_healed":0.0,"max_hp_gain":0.0,"max_hp_loss":0.0,"gold_gain":0.0,"event_name":"The Cleric","player_choice":"Card Removal","floor":7.0,"gold_loss":50.0,"damage_taken":0.0},{"damage_healed":0.0,"max_hp_gain":0.0,"max_hp_loss":0.0,"gold_gain":0.0,"event_name":"The Library","player_choice":"Read","floor":22.0,"gold_loss":0.0,"damage_taken":0.0,"cards_obtained":["Headbutt"]},{"damage_healed":0.0,"max_hp_gain":0.0,"max_hp_loss":45.0,"gold_gain":0.0,"event_name":"Ghosts","player_choice":"Became a Ghost","floor":30.0,"gold_loss":0.0,"damage_taken":0.0,"cards_obtained":["Ghostly","Ghostly","Ghostly","Ghostly","Ghostly"]},{"damage_healed":14.0,"max_hp_gain":0.0,"max_hp_loss":0.0,"gold_gain":0.0,"event_name":"Winding Halls","player_choice":"Writhe","floor":36.0,"gold_loss":0.0,"damage_taken":0.0,"cards_obtained":["Writhe"]},{"damage_healed":0,"gold_gain":0,"player_choice":"Ignored","damage_taken":0,"max_hp_gain":0,"max_hp_loss":0,"event_name":"Mysterious Sphere","floor":38,"gold_loss":0},{"damage_healed":0,"gold_gain":0,"player_choice":"Ignored","damage_taken":0,"max_hp_gain":0,"max_hp_loss":0,"event_name":"Tomb of Lord Red Mask","floor":39,"gold_loss":0},{"cards_removed":["Strike_R"],"damage_healed":0,"gold_gain":0,"player_choice":"Removed Attack","damage_taken":0,"max_hp_gain":0,"max_hp_loss":0,"event_name":"Falling","floor":46,"gold_loss":0}],"is_beta":false,"boss_relics":[{"not_picked":["Ectoplasm","Orrery"],"picked":"Cursed Key"},{"not_picked":["Calling Bell","Tiny House"],"picked":"Mark of Pain"}],"items_purged_floors":[19,28,44],"is_endless":false,"potions_floor_spawned":[4,5,12,14,18,21,37,41],"ascension_level":0}