{"gold_per_floor":[111,122,122,142,142,173,194,194,219,219,238,238,281,297,297,297],"floor_reached":16,"playtime":847,"items_purged":[],"score":224,"play_id":"2efff594-f15a-4dbc-abaa-bd88a39434e4","local_time":"20190129234614","is_ascension_mode":true,"campfire_choices":[{"data":"Juggernaut","floor":8,"key":"SMITH"},{"data":"Shockwave","floor":10,"key":"SMITH"},{"floor":12,"key":"REST"},{"floor":15,"key":"REST"}],"neow_cost":"NONE","seed_source_timestamp":639843369957394,"circlet_count":0,"master_deck":["AscendersBane","Strike_R","Strike_R+1","Strike_R","Strike_R","Defend_R","Defend_R","Defend_R","Defend_R","Bash+1","Sword Boomerang","Wild Strike","Feel No Pain","Pain","Juggernaut+1","Shockwave+1","Armaments","Evolve","Flame Barrier"],"special_seed":0,"relics":["Burning Blood","Golden Idol","WarpedTongs","Whetstone","Pen Nib","Lantern"],"potions_floor_usage":[7,16],"damage_taken":[{"damage":4.0,"enemies":"Jaw Worm","floor":1.0,"turns":4.0},{"damage":1.0,"enemies":"2 Louse","floor":2.0,"turns":3.0},{"damage":6.0,"enemies":"Cultist","floor":4.0,"turns":3.0},{"damage":34.0,"enemies":"Gremlin Nob","floor":6.0,"turns":4.0},{"damage":15,"enemies":"Blue Slaver","floor":7,"turns":3},{"damage":9,"enemies":"2 Fungi Beasts","floor":11,"turns":4},{"damage":30,"enemies":"3 Sentries","floor":13,"turns":6},{"damage":28,"enemies":"Exordium Thugs","floor":14,"turns":6},{"damage":59,"enemies":"Slime Boss","floor":16,"turns":9}],"seed_played":"2014676467297858994","potions_obtained":[{"floor":1.0,"key":"BloodPotion"},{"floor":11,"key":"FairyPotion"},{"floor":14,"key":"Weak Potion"}],"is_trial":false,"path_per_floor":["M","M","?","M","?","E","M","R","T","R","M","R","E","M","R","B"],"character_chosen":"IRONCLAD","items_purchased":[],"campfire_rested":2,"item_purchase_floors":[],"current_hp_per_floor":[70,75,68,68,68,40,37,37,37,37,34,54,30,8,28,0],"gold":297,"neow_bonus":"REMOVE_CARD","is_prod":false,"is_daily":false,"chose_seed":false,"campfire_upgraded":2,"win_rate":0,"timestamp":1548801974,"path_taken":["M","M","?","M","?","E","?","R","T","R","M","R","E","M","R","BOSS"],"build_version":"2019-01-23","purchased_purges":0,"victory":false,"max_hp_per_floor":[75,75,68,68,68,68,68,68,68,68,68,68,68,68,68,68],"card_choices":[{"not_picked":["Flame Barrier","Carnage"],"picked":"Sword Boomerang","floor":1.0},{"not_picked":["Warcry","Heavy Blade"],"picked":"Wild Strike","floor":2.0},{"not_picked":["Spot Weakness","True Grit"],"picked":"Feel No Pain","floor":4.0},{"not_picked":["Blood for Blood","Thunderclap"],"picked":"Juggernaut","floor":6.0},{"not_picked":["Sentinel","Wild Strike"],"picked":"Shockwave","floor":7},{"not_picked":["Sentinel","Clothesline"],"picked":"Armaments","floor":11},{"not_picked":["Reckless Charge","Hemokinesis"],"picked":"Evolve","floor":13},{"not_picked":["Clothesline","Pummel"],"picked":"Flame Barrier","floor":14}],"player_experience":1082156,"relics_obtained":[{"floor":6.0,"key":"Whetstone"},{"floor":9,"key":"Pen Nib"},{"floor":13,"key":"Lantern"}],"event_choices":[{"damage_healed":0.0,"max_hp_gain":0.0,"max_hp_loss":7.0,"gold_gain":0.0,"event_name":"Golden Idol","player_choice":"Lose Max HP","floor":3.0,"gold_loss":0.0,"damage_taken":0.0,"relics_obtained":["Golden Idol"]},{"damage_healed":0.0,"max_hp_gain":0.0,"max_hp_loss":0.0,"gold_gain":0.0,"event_name":"Accursed Blacksmith","player_choice":"Rummage","floor":5.0,"gold_loss":0.0,"damage_taken":0.0,"relics_obtained":["WarpedTongs"],"cards_obtained":["Pain"]}],"is_beta":false,"boss_relics":[],"items_purged_floors":[],"is_endless":false,"potions_floor_spawned":[1,11,14],"killed_by":"Slime Boss","ascension_level":20}