{"gold_per_floor":[113,127,1,16,30,30,30,46,72,101,113,93,93,108,108,204,204,223,243,243],"floor_reached":20,"playtime":1709,"items_purged":[],"score":178,"play_id":"06b20b02-8b73-46e3-9eb2-01739f41f30f","local_time":"20190125185950","is_ascension_mode":false,"campfire_choices":[{"floor":7,"key":"REST"},{"floor":13,"key":"REST"},{"floor":15,"key":"REST"}],"neow_cost":"NONE","seed_source_timestamp":1388273832322461,"circlet_count":0,"master_deck":["Defend_G","Defend_G","Defend_G","Strike_G","Strike_G","Strike_G","Strike_G","Strike_G","Survivor","Neutralize","Wraith Form v2","Sucker Punch","Terror","Deadly Poison","Well Laid Plans","Flying Knee","Quick Slash","Caltrops","Poisoned Stab","Bane","Dagger Spray","A Thousand Cuts","Deadly Poison","Heel Hook+1"],"relics":["Ring of the Snake","Ancient Tea Set","Omamori","Eternal Feather"],"potions_floor_usage":[5,10,16,16,16,19],"damage_taken":[{"damage":0,"enemies":"Cultist","floor":1,"turns":4},{"damage":2,"enemies":"Jaw Worm","floor":2,"turns":6},{"damage":0,"enemies":"2 Louse","floor":4,"turns":3},{"damage":7,"enemies":"Red Slaver","floor":5,"turns":5},{"damage":4,"enemies":"3 Louse","floor":8,"turns":3},{"damage":23,"enemies":"3 Sentries","floor":10,"turns":8},{"damage":17,"enemies":"Exordium Wildlife","floor":11,"turns":5},{"damage":15,"enemies":"Exordium Thugs","floor":14,"turns":4},{"damage":47,"enemies":"Slime Boss","floor":16,"turns":11},{"damage":26,"enemies":"Shell Parasite","floor":18,"turns":6},{"damage":25,"enemies":"2 Thieves","floor":19,"turns":4},{"damage":20,"enemies":"Snake Plant","floor":20,"turns":3}],"seed_played":"-7910052468749085315","potions_obtained":[{"floor":4,"key":"GhostInAJar"},{"floor":5,"key":"Energy Potion"},{"floor":8,"key":"Block Potion"},{"floor":11,"key":"Energy Potion"},{"floor":12,"key":"Ancient Potion"},{"floor":16,"key":"Explosive Potion"}],"is_trial":false,"path_per_floor":["M","M","$","M","M","?","R","M","T","E","M","?","R","M","R","B",null,"M","M","M"],"character_chosen":"THE_SILENT","items_purchased":["Deadly Poison","Well Laid Plans"],"campfire_rested":3,"item_purchase_floors":[3,3],"current_hp_per_floor":[70,68,68,68,61,54,70,66,66,43,26,26,47,32,53,6,70,44,19,0],"gold":243,"neow_bonus":"TRANSFORM_CARD","is_prod":false,"is_daily":false,"chose_seed":false,"campfire_upgraded":0,"win_rate":0.0,"timestamp":1548449990,"path_taken":["M","M","$","M","?","?","R","M","T","E","M","?","R","M","R","BOSS","M","M","M"],"build_version":"2019-01-23","purchased_purges":0,"victory":false,"max_hp_per_floor":[70,70,70,70,70,70,70,70,70,70,70,70,70,70,70,70,70,70,70,70],"card_choices":[{"not_picked":["Outmaneuver","Blur"],"picked":"Sucker Punch","floor":1},{"not_picked":["Finisher","Outmaneuver"],"picked":"Terror","floor":2},{"not_picked":["Eviscerate","Terror"],"picked":"Flying Knee","floor":4},{"not_picked":["Slice","Deflect"],"picked":"Quick Slash","floor":5},{"not_picked":["Underhanded Strike","Flying Knee"],"picked":"Caltrops","floor":8},{"not_picked":["Acrobatics","Sucker Punch"],"picked":"Poisoned Stab","floor":10},{"not_picked":["Backflip","Underhanded Strike"],"picked":"Bane","floor":11},{"not_picked":["Deflect","A Thousand Cuts"],"picked":"Dagger Spray","floor":14},{"not_picked":["Corpse Explosion","Phantasmal Killer"],"picked":"A Thousand Cuts","floor":16},{"not_picked":["Flechettes","Dagger Throw"],"picked":"Deadly Poison","floor":18},{"not_picked":["Bane","Flying Knee"],"picked":"Heel Hook+1","floor":19}],"player_experience":36223,"relics_obtained":[{"floor":9,"key":"Ancient Tea Set"},{"floor":10,"key":"Omamori"}],"event_choices":[{"cards_removed":["Defend_G"],"damage_healed":0,"gold_gain":0,"player_choice":"Card Removal","damage_taken":7,"max_hp_gain":0,"max_hp_loss":0,"event_name":"Golden Wing","floor":6,"gold_loss":0},{"damage_healed":0,"gold_gain":0,"player_choice":"Bought 1 Potion","damage_taken":0,"max_hp_gain":0,"max_hp_loss":0,"event_name":"The Woman in Blue","floor":12,"gold_loss":0}],"is_beta":false,"boss_relics":[{"not_picked":["Philosopher\u0027s Stone","Runic Pyramid"],"picked":"Eternal Feather"}],"items_purged_floors":[],"is_endless":false,"potions_floor_spawned":[4,5,8,11,16],"killed_by":"Snake Plant","ascension_level":0}