{"gold_per_floor":[118,138,138,149,166,38,38,65,88,88,107,137,137,155,155,256,256,238,163,163,179,191,191,205,205,205,205],"floor_reached":27,"playtime":1012,"items_purged":["Strike_R"],"score":215,"play_id":"ebe851d3-02b6-44b4-a614-3ebb410fe885","local_time":"20190201014338","is_ascension_mode":false,"campfire_choices":[{"data":"Heavy Blade","floor":7,"key":"SMITH"},{"data":"Shrug It Off","floor":10,"key":"SMITH"},{"data":"Spot Weakness","floor":13,"key":"SMITH"},{"data":"Shrug It Off","floor":15,"key":"SMITH"},{"data":"Clothesline","floor":23,"key":"SMITH"},{"data":"Bash","floor":25,"key":"SMITH"}],"neow_cost":"NONE","seed_source_timestamp":343330125469530,"circlet_count":0,"master_deck":["Strike_R","Strike_R","Strike_R","Strike_R","Defend_R+1","Defend_R","Defend_R","Bash+1","Heavy Blade+1","Shrug It Off+1","Armaments+1","Iron Wave","Clothesline+1","Spot Weakness+1","Shrug It Off+1","Headbutt+1","Iron Wave"],"relics":["Burning Blood","NeowsBlessing","Potion Belt","War Paint","Bag of Marbles","Runic Pyramid","Bottled Lightning"],"potions_floor_usage":[8,14,18,24],"damage_taken":[{"damage":0,"enemies":"Small Slimes","floor":1,"turns":1},{"damage":0,"enemies":"Cultist","floor":2,"turns":1},{"damage":0,"enemies":"Jaw Worm","floor":4,"turns":1},{"damage":13,"enemies":"Large Slime","floor":5,"turns":6},{"damage":26,"enemies":"3 Sentries","floor":8,"turns":8},{"damage":14,"enemies":"Blue Slaver","floor":11,"turns":5},{"damage":16,"enemies":"Lots of Slimes","floor":14,"turns":4},{"damage":24,"enemies":"Slime Boss","floor":16,"turns":14},{"damage":11,"enemies":"2 Thieves","floor":18,"turns":4},{"damage":18,"enemies":"Spheric Guardian","floor":21,"turns":6},{"damage":19,"enemies":"Shelled Parasite and Fungi","floor":22,"turns":5},{"damage":7,"enemies":"Snecko","floor":24,"turns":4},{"damage":55,"enemies":"Slavers","floor":27,"turns":3}],"seed_played":"-4276693463429041984","potions_obtained":[{"floor":4,"key":"LiquidBronze"},{"floor":8,"key":"BloodPotion"},{"floor":16,"key":"Strength Potion"},{"floor":21,"key":"Energy Potion"}],"is_trial":false,"path_per_floor":["M","M","?","M","M","$","R","E","T","R","M","?","R","M","R","B",null,"M","?","?","M","M","R","M","R","T","E"],"character_chosen":"IRONCLAD","items_purchased":["Clothesline"],"campfire_rested":0,"item_purchase_floors":[6],"current_hp_per_floor":[80,80,80,80,73,73,73,53,53,53,45,45,45,43,43,25,80,75,75,75,63,50,50,49,49,49,0],"gold":205,"neow_bonus":"THREE_ENEMY_KILL","is_prod":false,"is_daily":false,"chose_seed":false,"campfire_upgraded":6,"win_rate":0,"timestamp":1549003418,"path_taken":["M","M","?","?","M","$","R","E","T","R","M","?","R","M","R","BOSS","M","?","?","M","?","R","M","R","T","E"],"build_version":"2019-01-23","purchased_purges":1,"victory":false,"max_hp_per_floor":[80,80,80,80,80,80,80,80,80,80,80,80,80,80,80,80,80,80,80,80,80,80,80,80,80,80,80],"card_choices":[{"not_picked":["Wild Strike","Combust"],"picked":"Heavy Blade","floor":1},{"not_picked":["Headbutt","Clash"],"picked":"Shrug It Off","floor":2},{"not_picked":["True Grit","Twin Strike"],"picked":"Armaments","floor":4},{"not_picked":["Warcry","Evolve"],"picked":"Iron Wave","floor":5},{"not_picked":["Armaments","Sword Boomerang","Sever Soul"],"picked":"SKIP","floor":8},{"not_picked":["Sever Soul","Clash"],"picked":"Spot Weakness","floor":11},{"not_picked":["Intimidate","Bloodletting"],"picked":"Shrug It Off","floor":14},{"not_picked":["Armaments","Perfected Strike","Anger"],"picked":"SKIP","floor":18},{"not_picked":["Sword Boomerang","Shrug It Off"],"picked":"Headbutt+1","floor":21},{"not_picked":["Barricade","Burning Pact"],"picked":"Iron Wave","floor":22},{"not_picked":["Clash+1","Reckless Charge","Warcry"],"picked":"SKIP","floor":24}],"player_experience":13493,"relics_obtained":[{"floor":8,"key":"Potion Belt"},{"floor":9,"key":"War Paint"},{"floor":26,"key":"Bottled Lightning"}],"event_choices":[{"cards_removed":["Iron Wave"],"damage_healed":0,"gold_gain":0,"player_choice":"Took Card","damage_taken":0,"max_hp_gain":0,"max_hp_loss":0,"event_name":"NoteForYourself","floor":3,"gold_loss":0,"cards_obtained":["Iron Wave"]},{"damage_healed":0,"gold_gain":30,"player_choice":"Searched \u00273\u0027 times","damage_taken":0,"relics_obtained":["Bag of Marbles"],"max_hp_gain":0,"max_hp_loss":0,"event_name":"Dead Adventurer","floor":12,"gold_loss":0},{"cards_removed":["Defend_R"],"damage_healed":0,"gold_gain":0,"player_choice":"Gave Gold","damage_taken":0,"max_hp_gain":0,"max_hp_loss":0,"event_name":"Beggar","floor":19,"gold_loss":75},{"damage_healed":0,"gold_gain":0,"player_choice":"Leave","damage_taken":0,"max_hp_gain":0,"max_hp_loss":0,"event_name":"FaceTrader","floor":20,"gold_loss":0}],"is_beta":false,"boss_relics":[{"not_picked":["Empty Cage","Astrolabe"],"picked":"Runic Pyramid"}],"items_purged_floors":[6],"is_endless":false,"potions_floor_spawned":[4,8,16,21],"killed_by":"Slavers","ascension_level":0}