{"gold_per_floor":[109,128,128,153,174,174,199,239,239,239,274,36,36,59,59,59],"floor_reached":16,"playtime":842,"items_purged":["Strike_R"],"score":193,"play_id":"3e59951a-3d08-4d82-9bd8-6ce39ad540e4","local_time":"20190113161356","is_ascension_mode":true,"campfire_choices":[{"data":"Clothesline","floor":6.0,"key":"SMITH"},{"data":"Bash","floor":10.0,"key":"SMITH"},{"floor":13,"key":"REST"},{"data":"HandOfGreed","floor":15,"key":"SMITH"}],"neow_cost":"CURSE","seed_source_timestamp":251621688769269,"circlet_count":0,"master_deck":["AscendersBane","Strike_R","Strike_R","Defend_R","Defend_R","Defend_R+1","Defend_R","Bash+1","Decay","Reaper","Flame Barrier+1","Pummel","Shrug It Off","Thunderclap","Clothesline+1","Feel No Pain","HandOfGreed+1"],"special_seed":0,"relics":["Burning Blood","Golden Idol","War Paint","Singing Bowl","Lantern","Regal Pillow"],"potions_floor_usage":[],"damage_taken":[{"damage":14.0,"enemies":"Small Slimes","floor":1.0,"turns":6.0},{"damage":17.0,"enemies":"Jaw Worm","floor":2.0,"turns":5.0},{"damage":5.0,"enemies":"2 Louse","floor":4.0,"turns":3.0},{"damage":27.0,"enemies":"Lots of Slimes","floor":5.0,"turns":4.0},{"damage":8.0,"enemies":"Looter","floor":7.0,"turns":4.0},{"damage":56.0,"enemies":"3 Sentries","floor":8.0,"turns":11.0},{"damage":22.0,"enemies":"Gremlin Nob","floor":11.0,"turns":4.0},{"damage":30,"enemies":"Hexaghost","floor":16,"turns":13}],"seed_played":"8422026303289423967","potions_obtained":[{"floor":4.0,"key":"Poison Potion"},{"floor":5.0,"key":"Ancient Potion"}],"is_trial":false,"path_per_floor":["M","M","?","M","M","R","M","E","T","R","E","$","R","T","R","B"],"character_chosen":"IRONCLAD","items_purchased":["HandOfGreed"],"campfire_rested":1,"item_purchase_floors":[12],"current_hp_per_floor":[64,57,57,66,57,57,55,17,17,17,9,9,30,30,30,0],"gold":59,"neow_bonus":"TRANSFORM_TWO_CARDS","is_prod":false,"is_daily":false,"chose_seed":false,"campfire_upgraded":3,"win_rate":0,"timestamp":1547392436,"path_taken":["M","M","?","M","M","R","M","E","T","R","E","$","R","?","R","BOSS"],"build_version":"2019-01-10","purchased_purges":1,"victory":false,"max_hp_per_floor":[75,75,68,68,68,68,68,68,68,68,70,70,70,70,70,70],"card_choices":[{"not_picked":["Perfected Strike","Havoc"],"picked":"Pummel","floor":1.0},{"not_picked":["Bloodletting","Cleave"],"picked":"Shrug It Off","floor":2.0},{"not_picked":["Anger","Cleave"],"picked":"Thunderclap","floor":4.0},{"not_picked":["Second Wind","Heavy Blade"],"picked":"Clothesline","floor":5.0},{"not_picked":["Thunderclap","Iron Wave","Second Wind"],"picked":"SKIP","floor":7.0},{"not_picked":["Wild Strike","Dropkick"],"picked":"Feel No Pain","floor":8.0},{"not_picked":["Power Through","Havoc","Entrench"],"picked":"Singing Bowl","floor":11.0}],"player_experience":853418,"relics_obtained":[{"floor":8.0,"key":"War Paint"},{"floor":9.0,"key":"Singing Bowl"},{"floor":11.0,"key":"Lantern"},{"floor":14,"key":"Regal Pillow"}],"event_choices":[{"damage_healed":0.0,"max_hp_gain":0.0,"max_hp_loss":7.0,"gold_gain":0.0,"event_name":"Golden Idol","player_choice":"Lose Max HP","floor":3.0,"gold_loss":0.0,"damage_taken":0.0,"relics_obtained":["Golden Idol"]}],"is_beta":false,"boss_relics":[],"items_purged_floors":[12],"is_endless":false,"potions_floor_spawned":[4,5,7],"killed_by":"Hexaghost","ascension_level":15}