{"gold_per_floor":[111,111,125,125,145,172,172,198,221,294,70,102,102,102,102,205,205,185,205,219,232,245,245,245],"floor_reached":24,"playtime":3305,"items_purged":[],"score":259,"play_id":"c9b1be03-4823-4367-b910-db657bc8373c","local_time":"20190123162033","is_ascension_mode":true,"campfire_choices":[{"data":"Dagger Throw","floor":7,"key":"SMITH"},{"floor":15,"key":"REST"},{"data":"Footwork","floor":23,"key":"SMITH"}],"neow_cost":"NONE","seed_source_timestamp":441130041224960,"circlet_count":0,"master_deck":["Defend_G","Defend_G","Defend_G","Defend_G","Defend_G","Strike_G","Strike_G","Strike_G","Strike_G","Strike_G","Survivor","Neutralize+1","Acrobatics","Backstab","Dagger Throw+1","Dodge and Roll","Footwork+1","Heel Hook","Die Die Die","Cloak And Dagger","Deflect","PiercingWail","Underhanded Strike","Crippling Poison+1","Blur","Cloak And Dagger+1"],"relics":["Ring of the Snake","Omamori","Vajra","Orichalcum","Paper Crane","Happy Flower","Pen Nib","Orrery"],"potions_floor_usage":[6,6],"damage_taken":[{"damage":4,"enemies":"Jaw Worm","floor":1,"turns":4},{"damage":3,"enemies":"Small Slimes","floor":3,"turns":4},{"damage":0,"enemies":"2 Louse","floor":5,"turns":2},{"damage":36,"enemies":"Lagavulin","floor":6,"turns":9},{"damage":15,"enemies":"Gremlin Nob","floor":8,"turns":4},{"damage":9,"enemies":"3 Sentries","floor":12,"turns":10},{"damage":20,"enemies":"Hexaghost","floor":16,"turns":14},{"damage":1,"enemies":"2 Thieves","floor":18,"turns":4},{"damage":12,"enemies":"Spheric Guardian","floor":19,"turns":4},{"damage":13,"enemies":"Chosen and Byrds","floor":20,"turns":8},{"damage":20,"enemies":"Snecko","floor":21,"turns":6},{"damage":3,"enemies":"Centurion and Healer","floor":22,"turns":6},{"damage":32,"enemies":"Gremlin Leader","floor":24,"turns":6}],"seed_played":"-7266530144929006605","potions_obtained":[{"floor":0,"key":"GamblersBrew"},{"floor":0,"key":"EssenceOfSteel"},{"floor":0,"key":"Regen Potion"},{"floor":8,"key":"Dexterity Potion"},{"floor":16,"key":"SteroidPotion"}],"is_trial":false,"path_per_floor":["M","?","M","?","M","E","R","E","T","T","$","E","?","?","R","B",null,"M","M","M","M","M","R","E"],"character_chosen":"THE_SILENT","items_purchased":["Footwork","Happy Flower"],"campfire_rested":1,"item_purchase_floors":[11,11],"current_hp_per_floor":[66,71,68,68,68,44,44,29,29,29,29,20,20,20,42,22,75,74,62,49,29,26,26,0],"gold":245,"neow_bonus":"THREE_SMALL_POTIONS","is_prod":false,"is_daily":false,"chose_seed":false,"campfire_upgraded":2,"win_rate":0,"timestamp":1548282033,"path_taken":["M","?","M","?","M","E","R","E","T","?","$","E","?","?","R","BOSS","M","M","?","M","M","R","E"],"build_version":"2019-01-23","purchased_purges":0,"victory":false,"max_hp_per_floor":[70,75,75,75,75,75,75,75,75,75,75,75,75,75,75,75,75,75,75,75,75,75,75,75],"card_choices":[{"not_picked":["Reflex","Outmaneuver"],"picked":"Acrobatics","floor":1},{"not_picked":["Finisher","Slice"],"picked":"Backstab","floor":3},{"not_picked":["Sucker Punch","Calculated Gamble","Prepared"],"picked":"SKIP","floor":5},{"not_picked":["Predator","Acrobatics"],"picked":"Dagger Throw","floor":6},{"not_picked":["PiercingWail","Bane"],"picked":"Dodge and Roll","floor":8},{"not_picked":["Skewer","Night Terror"],"picked":"Heel Hook","floor":12},{"not_picked":["Envenom","After Image"],"picked":"Die Die Die","floor":16},{"not_picked":["Quick Slash","Dagger Spray"],"picked":"Cloak And Dagger","floor":17},{"not_picked":["Flying Knee","Bouncing Flask"],"picked":"Deflect","floor":17},{"not_picked":["Dagger Throw","Sucker Punch"],"picked":"PiercingWail","floor":17},{"not_picked":["Terror","Sucker Punch"],"picked":"Underhanded Strike","floor":17},{"not_picked":["Slice","Storm of Steel"],"picked":"Crippling Poison+1","floor":18},{"not_picked":["Outmaneuver","Poisoned Stab"],"picked":"Blur","floor":19},{"not_picked":["Bane","Masterful Stab","Terror"],"picked":"SKIP","floor":20},{"not_picked":["Slice","Dagger Throw+1"],"picked":"Cloak And Dagger+1","floor":21},{"not_picked":["Predator","Leg Sweep","Dagger Throw+1"],"picked":"SKIP","floor":22}],"player_experience":429420,"relics_obtained":[{"floor":6,"key":"Omamori"},{"floor":8,"key":"Vajra"},{"floor":9,"key":"Orichalcum"},{"floor":10,"key":"Paper Crane"},{"floor":12,"key":"Pen Nib"}],"event_choices":[{"damage_healed":0,"gold_gain":0,"player_choice":"Donut","damage_taken":0,"max_hp_gain":5,"max_hp_loss":0,"event_name":"Big Fish","floor":2,"gold_loss":0},{"damage_healed":0,"gold_gain":0,"player_choice":"Grow","damage_taken":0,"max_hp_gain":0,"max_hp_loss":0,"event_name":"Living Wall","floor":4,"gold_loss":0,"cards_upgraded":["Neutralize"]},{"damage_healed":0,"gold_gain":0,"player_choice":"Ignored","damage_taken":0,"max_hp_gain":0,"max_hp_loss":0,"event_name":"Liars Game","floor":13,"gold_loss":0},{"damage_healed":0,"gold_gain":0,"player_choice":"Leave","damage_taken":0,"max_hp_gain":0,"max_hp_loss":0,"event_name":"FaceTrader","floor":14,"gold_loss":0}],"is_beta":false,"boss_relics":[{"not_picked":["Snecko Eye","Runic Dome"],"picked":"Orrery"}],"items_purged_floors":[],"is_endless":false,"potions_floor_spawned":[3,8,16,19,20],"killed_by":"Gremlin Leader","ascension_level":4}