{"gold_per_floor":[109,109,109,109,119,119,69,69,69,69,16,33,44,44,44,139,139,149,21,32,49,49,49,49,49,74,105,28,28,55,55],"floor_reached":31,"playtime":1330,"items_purged":["Strike_B"],"score":298,"play_id":"5951af36-b491-4c56-aac9-2c7356e98c3f","local_time":"20190202234224","is_ascension_mode":true,"campfire_choices":[{"data":"Loop","floor":6,"key":"SMITH"},{"data":"Cold Snap","floor":8,"key":"SMITH"},{"floor":10,"key":"RECALL"},{"data":"Hologram","floor":15,"key":"SMITH"},{"floor":23,"key":"REST"},{"floor":29,"key":"REST"}],"neow_cost":"NONE","seed_source_timestamp":125167238401644,"circlet_count":0,"master_deck":["Strike_B","Strike_B","Defend_B+1","Defend_B","Defend_B","Defend_B","Zap+1","Dualcast+1","Cold Snap+1","Loop+1","Hologram+1","Cold Snap","Electrodynamics","Thunder Strike","Hologram","Static Discharge","Genetic Algorithm","Go for the Eyes","Glacier","Cold Snap"],"relics":["Cracked Core","Bag of Marbles","Busted Crown","Kunai","War Paint","Dead Branch","Vajra"],"potions_floor_usage":[31,31],"damage_taken":[{"damage":1,"enemies":"Cultist","floor":1,"turns":3},{"damage":0,"enemies":"Small Slimes","floor":5,"turns":2},{"damage":2,"enemies":"2 Louse","floor":12,"turns":3},{"damage":11,"enemies":"2 Fungi Beasts","floor":13,"turns":3},{"damage":22,"enemies":"Slime Boss","floor":16,"turns":8},{"damage":24,"enemies":"3 Byrds","floor":18,"turns":3},{"damage":7,"enemies":"Spheric Guardian","floor":20,"turns":4},{"damage":14,"enemies":"Centurion and Healer","floor":21,"turns":5},{"damage":28,"enemies":"Slavers","floor":27,"turns":3},{"damage":50,"enemies":"Gremlin Leader","floor":30,"turns":7},{"damage":10,"enemies":"Cultist and Chosen","floor":31,"turns":4}],"seed_played":"-7696029536726944129","potions_obtained":[{"floor":1,"key":"SteroidPotion"},{"floor":5,"key":"FocusPotion"},{"floor":20,"key":"Energy Potion"},{"floor":21,"key":"GamblersBrew"}],"is_trial":false,"path_per_floor":["M","?","?","?","M","R","?","R","T","R","$","M","M","$","R","B",null,"M","$","M","M","?","R","?","T","T","E","$","R","E","M"],"character_chosen":"DEFECT","items_purchased":["Hologram","Hologram","Glacier"],"campfire_rested":2,"item_purchase_floors":[11,19,28],"current_hp_per_floor":[81,81,81,78,78,78,78,78,78,78,78,76,65,65,65,43,82,58,58,51,37,37,61,61,61,61,33,33,57,7,0],"gold":55,"neow_bonus":"TEN_PERCENT_HP_BONUS","is_prod":false,"is_daily":false,"chose_seed":false,"campfire_upgraded":3,"win_rate":0,"timestamp":1549147344,"path_taken":["M","?","?","?","M","R","?","R","T","R","$","M","M","$","R","BOSS","M","$","M","M","?","R","?","?","T","E","$","R","E","?"],"build_version":"2019-01-23","purchased_purges":1,"victory":false,"max_hp_per_floor":[82,82,82,82,82,82,82,82,82,82,82,82,82,82,82,82,82,82,82,82,82,82,82,82,82,82,82,82,82,82,82],"card_choices":[{"not_picked":["Consume","Sweeping Beam"],"picked":"Cold Snap","floor":1},{"not_picked":["Lockon","Stack"],"picked":"Loop","floor":5},{"not_picked":["Go for the Eyes","Leap"],"picked":"Cold Snap","floor":12},{"not_picked":["Consume","Stack"],"picked":"Electrodynamics","floor":13},{"not_picked":["Seek","Rainbow"],"picked":"Thunder Strike","floor":16},{"not_picked":["Beam Cell"],"picked":"SKIP","floor":18},{"not_picked":["Beam Cell"],"picked":"SKIP","floor":20},{"not_picked":[],"picked":"Static Discharge","floor":21},{"not_picked":[],"picked":"Go for the Eyes","floor":27},{"not_picked":[],"picked":"Cold Snap","floor":30}],"player_experience":500238,"relics_obtained":[{"floor":25,"key":"Kunai"},{"floor":26,"key":"War Paint"},{"floor":27,"key":"Dead Branch"},{"floor":30,"key":"Vajra"}],"event_choices":[{"damage_healed":0,"gold_gain":0,"player_choice":"Ignored","damage_taken":0,"max_hp_gain":0,"max_hp_loss":0,"event_name":"Shining Light","floor":2,"gold_loss":0},{"damage_healed":0,"gold_gain":0,"player_choice":"Grow","damage_taken":0,"max_hp_gain":0,"max_hp_loss":0,"event_name":"Living Wall","floor":3,"gold_loss":0,"cards_upgraded":["Zap"]},{"damage_healed":0,"gold_gain":0,"player_choice":"Success","damage_taken":3,"relics_obtained":["Bag of Marbles"],"max_hp_gain":0,"max_hp_loss":0,"event_name":"Scrap Ooze","floor":4,"gold_loss":0},{"cards_removed":["Strike_B"],"damage_healed":0,"gold_gain":0,"player_choice":"Card Removal","damage_taken":0,"max_hp_gain":0,"max_hp_loss":0,"event_name":"The Cleric","floor":7,"gold_loss":50},{"damage_healed":0,"gold_gain":0,"player_choice":"Read","damage_taken":0,"max_hp_gain":0,"max_hp_loss":0,"event_name":"The Library","floor":22,"gold_loss":0,"cards_obtained":["Genetic Algorithm"]},{"damage_healed":0,"gold_gain":0,"player_choice":"Ignored","damage_taken":0,"max_hp_gain":0,"max_hp_loss":0,"event_name":"Beggar","floor":24,"gold_loss":0}],"is_beta":false,"boss_relics":[{"not_picked":["Nuclear Battery","Black Star"],"picked":"Busted Crown"}],"items_purged_floors":[19],"is_endless":false,"potions_floor_spawned":[1,5,20,21,27],"killed_by":"Cultist and Chosen","ascension_level":3}