{"gold_per_floor":[119,119,136,136,150,185,185,185,256,256,274,92,125,146,146,267,267,255,268,268,268,193,218,139,169,193,212,212,226,253,270,270,366,366,379,392,136,136,156,183,183,196,196,228,228,247,258,86,86,86],"floor_reached":51,"playtime":8275,"items_purged":["Strike_B","Strike_B"],"score":815,"play_id":"989108f5-c322-4e72-822f-940e2ba03031","local_time":"20181217144842","is_ascension_mode":true,"campfire_choices":[{"data":"Redo","floor":7,"key":"SMITH"},{"data":"Streamline","floor":10,"key":"SMITH"},{"floor":15,"key":"REST"},{"floor":28,"key":"REST"},{"floor":32,"key":"REST"},{"data":"Glacier","floor":41,"key":"SMITH"},{"data":"Ball Lightning","floor":45,"key":"SMITH"},{"data":"Mayhem","floor":49,"key":"SMITH"}],"neow_cost":"NONE","seed_source_timestamp":2818721024381419,"circlet_count":0,"master_deck":["Strike_B+1","Strike_B+1","Defend_B","Defend_B+1","Defend_B","Defend_B","Zap+1","Dualcast+1","Cold Snap","Redo+1","Sweeping Beam+1","Streamline+1","Leap","Genetic Algorithm","Undo","Ball Lightning+1","Stack","Loop+1","Double Energy","Chaos+1","Go for the Eyes+1","FTL","Auto Shields+1","Double Energy+1","Defragment+1","Conserve Battery+1","Seek+1","Conserve Battery+1","Glacier+1","Compile Driver","Melter+1","Static Discharge+1","Parasite","Turbo+1","Mayhem+1"],"relics":["Cracked Core","Whetstone","Bloody Idol","Singing Bowl","Art of War","Orrery","Gremlin Horn","Pen Nib","Bag of Preparation","Blood Vial","Sozu","Bronze Scales","Mercury Hourglass","Blue Candle","Bag of Marbles"],"potions_floor_usage":[6,11,27,33],"damage_taken":[{"damage":3,"enemies":"Small Slimes","floor":1,"turns":3},{"damage":1,"enemies":"Jaw Worm","floor":3,"turns":2},{"damage":0,"enemies":"2 Louse","floor":5,"turns":2},{"damage":9,"enemies":"Lagavulin","floor":6,"turns":7},{"damage":10,"enemies":"Exordium Thugs","floor":11,"turns":2},{"damage":13,"enemies":"3 Sentries","floor":13,"turns":5},{"damage":0,"enemies":"Exordium Wildlife","floor":14,"turns":2},{"damage":31,"enemies":"Slime Boss","floor":16,"turns":8},{"damage":13,"enemies":"2 Thieves","floor":18,"turns":4},{"damage":3,"enemies":"Shell Parasite","floor":19,"turns":5},{"damage":22,"enemies":"Book of Stabbing","floor":23,"turns":7},{"damage":28,"enemies":"Gremlin Leader","floor":25,"turns":7},{"damage":19,"enemies":"Snake Plant","floor":27,"turns":5},{"damage":0,"enemies":"Chosen and Byrds","floor":29,"turns":6},{"damage":10,"enemies":"Book of Stabbing","floor":30,"turns":5},{"damage":11,"enemies":"Snecko","floor":31,"turns":6},{"damage":29,"enemies":"Collector","floor":33,"turns":10},{"damage":21,"enemies":"3 Darklings","floor":35,"turns":5},{"damage":0,"enemies":"Orb Walker","floor":36,"turns":3},{"damage":0,"enemies":"Jaw Worm Horde","floor":39,"turns":5},{"damage":40,"enemies":"Reptomancer","floor":40,"turns":8},{"damage":0,"enemies":"4 Shapes","floor":42,"turns":5},{"damage":0,"enemies":"Nemesis","floor":44,"turns":11},{"damage":0,"enemies":"Spire Growth","floor":46,"turns":4},{"damage":0,"enemies":"Writhing Mass","floor":47,"turns":7},{"damage":51,"enemies":"Donu and Deca","floor":50,"turns":9}],"seed_played":"-1606653889546152244","potions_obtained":[{"floor":1,"key":"EntropicBrew"},{"floor":25,"key":"AttackPotion"},{"floor":27,"key":"Strength Potion"},{"floor":30,"key":"FocusPotion"}],"is_trial":false,"path_per_floor":["M","?","M","?","M","E","R","?","T","R","M","$","E","M","R","B",null,"M","M","?","?","$","E","$","E","T","M","R","M","E","M","R","B",null,"M","M","$","?","M","E","R","M","T","E","R","M","M","$","R","B",null],"character_chosen":"DEFECT","items_purchased":["Genetic Algorithm","Undo","Ball Lightning","FTL","Bronze Scales","Mayhem"],"campfire_rested":3,"item_purchase_floors":[12,12,12,24,37,48],"current_hp_per_floor":[72,57,56,56,56,47,47,47,47,47,37,37,24,26,47,18,79,66,65,65,65,65,48,48,25,30,16,40,45,40,38,62,40,83,69,76,76,76,83,52,52,59,59,66,66,73,80,80,80,31],"gold":86,"neow_bonus":"UPGRADE_CARD","is_prod":false,"is_daily":false,"chose_seed":false,"campfire_upgraded":5,"win_rate":0,"timestamp":1545079722,"path_taken":["M","?","M","?","M","E","R","?","T","R","M","$","E","M","R","BOSS","M","M","?","?","$","E","$","E","T","M","R","M","E","M","R","BOSS","M","M","$","?","M","E","R","M","T","E","R","M","M","?","R","BOSS"],"build_version":"2018-12-13","purchased_purges":2,"victory":true,"max_hp_per_floor":[75,75,75,75,75,75,75,69,69,69,69,69,69,71,71,73,79,79,81,81,81,81,81,81,81,81,81,81,81,81,83,83,83,83,85,85,85,85,85,87,87,87,87,87,87,87,87,87,87,87],"card_choices":[{"not_picked":["Force Field","Stack"],"picked":"Cold Snap","floor":1},{"not_picked":["Reinforced Body","Stack"],"picked":"Redo","floor":3},{"not_picked":["Aggregate","Meteor Strike"],"picked":"Sweeping Beam","floor":5},{"not_picked":["Sweeping Beam","Conserve Battery"],"picked":"Streamline","floor":6},{"not_picked":["Steam","Gash"],"picked":"Leap","floor":11},{"not_picked":["Tempest","Blizzard"],"picked":"Stack","floor":13},{"not_picked":["White Noise","Turbo","Chill"],"picked":"Singing Bowl","floor":14},{"not_picked":["Meteor Strike","Amplify","Fission"],"picked":"Singing Bowl","floor":16},{"not_picked":["Turbo","Go for the Eyes","Ball Lightning"],"picked":"Singing Bowl","floor":17},{"not_picked":["Aggregate","Turbo"],"picked":"Loop","floor":17},{"not_picked":["Sunder","Static Discharge"],"picked":"Double Energy","floor":17},{"not_picked":["Double Energy","Steam","Reinforced Body"],"picked":"Singing Bowl","floor":17},{"not_picked":["Steam","Coolheaded","Streamline"],"picked":"Singing Bowl","floor":17},{"not_picked":["Redo","Double Energy+1"],"picked":"Chaos+1","floor":18},{"not_picked":["Barrage","Loop","Streamline+1"],"picked":"Singing Bowl","floor":19},{"not_picked":["Aggregate","Hologram"],"picked":"Go for the Eyes+1","floor":23},{"not_picked":["Glacier+1","Blizzard"],"picked":"Auto Shields+1","floor":25},{"not_picked":["Steam","Meteor Strike"],"picked":"Double Energy+1","floor":27},{"not_picked":["Stack+1","Streamline+1"],"picked":"Defragment+1","floor":29},{"not_picked":["Chaos+1","Steam"],"picked":"Conserve Battery+1","floor":30},{"not_picked":["Go for the Eyes","Double Energy+1","Barrage"],"picked":"Singing Bowl","floor":31},{"not_picked":["Thunder Strike","All For One"],"picked":"Seek","floor":33},{"not_picked":["Leap","Steam+1","Doom and Gloom+1"],"picked":"Singing Bowl","floor":35},{"not_picked":["Redo","Reinforced Body"],"picked":"Conserve Battery+1","floor":36},{"not_picked":["Compile Driver","Chaos"],"picked":"Glacier","floor":39},{"not_picked":["Blizzard","Hologram+1","Ball Lightning+1"],"picked":"Singing Bowl","floor":40},{"not_picked":["Gash+1","Loop+1"],"picked":"Compile Driver","floor":42},{"not_picked":["Auto Shields","Coolheaded"],"picked":"Melter+1","floor":44},{"not_picked":["Fusion+1","Rebound"],"picked":"Static Discharge+1","floor":46},{"not_picked":["Double Energy+1","Cold Snap"],"picked":"Turbo+1","floor":47}],"player_experience":208689,"relics_obtained":[{"floor":6,"key":"Whetstone"},{"floor":9,"key":"Singing Bowl"},{"floor":13,"key":"Art of War"},{"floor":23,"key":"Gremlin Horn"},{"floor":25,"key":"Pen Nib"},{"floor":26,"key":"Bag of Preparation"},{"floor":30,"key":"Blood Vial"},{"floor":40,"key":"Mercury Hourglass"},{"floor":43,"key":"Blue Candle"},{"floor":44,"key":"Bag of Marbles"}],"event_choices":[{"damage_healed":0,"gold_gain":0,"player_choice":"Entered Light","damage_taken":15,"max_hp_gain":0,"max_hp_loss":0,"event_name":"Shining Light","floor":2,"gold_loss":0,"cards_upgraded":["Defend_B","Strike_B"]},{"damage_healed":0,"gold_gain":0,"player_choice":"Grow","damage_taken":0,"max_hp_gain":0,"max_hp_loss":0,"event_name":"Living Wall","floor":4,"gold_loss":0,"cards_upgraded":["Dualcast"]},{"damage_healed":0,"gold_gain":0,"player_choice":"Lose Max HP","damage_taken":0,"relics_obtained":["Golden Idol"],"max_hp_gain":0,"max_hp_loss":6,"event_name":"Golden Idol","floor":8,"gold_loss":0},{"damage_healed":0,"gold_gain":0,"player_choice":"Gave Idol","damage_taken":0,"relics_obtained":["Bloody Idol"],"max_hp_gain":0,"max_hp_loss":0,"event_name":"Forgotten Altar","floor":20,"relics_lost":["Golden Idol"],"gold_loss":0},{"damage_healed":0,"gold_gain":0,"player_choice":"Upgraded","damage_taken":0,"max_hp_gain":0,"max_hp_loss":0,"event_name":"Upgrade Shrine","floor":21,"gold_loss":0,"cards_upgraded":["Loop"]},{"damage_healed":0,"gold_gain":0,"player_choice":"Upgraded","damage_taken":0,"max_hp_gain":0,"max_hp_loss":0,"event_name":"Upgrade Shrine","floor":38,"gold_loss":0,"cards_upgraded":["Seek"]}],"is_beta":false,"boss_relics":[{"not_picked":["Eternal Feather","Busted Crown"],"picked":"Orrery"},{"not_picked":["Velvet Choker","Black Star"],"picked":"Sozu"}],"items_purged_floors":[22,37],"is_endless":false,"potions_floor_spawned":[1,6,25,27,30,31,36,39,46,47],"ascension_level":1}