{"gold_per_floor":[110,12,287,90,108,133,58,90,166,177,197,372,372,392,392,495,495,495,515,515,534,534,569,569,582,629,629,193,193,211,222,222,222],"floor_reached":33,"playtime":1371,"items_purged":["Regret","Doubt"],"score":327,"play_id":"2c0c5d8f-3b81-47ad-9470-68bdf5e960db","local_time":"20190201053151","is_ascension_mode":false,"campfire_choices":[{"data":"Armaments","floor":13,"key":"SMITH"},{"data":"Shockwave","floor":15,"key":"SMITH"},{"data":"Shrug It Off","floor":24,"key":"SMITH"},{"data":"Heavy Blade","floor":27,"key":"SMITH"},{"floor":32,"key":"REST"}],"neow_cost":"NONE","seed_source_timestamp":356662830163492,"circlet_count":0,"master_deck":["Strike_R","Strike_R","Strike_R","Defend_R","Defend_R","Defend_R","Defend_R","Bash","Armaments+1","Heavy Blade+1","Shrug It Off","Shrug It Off+1","Shockwave+1","Cleave","Iron Wave","Twin Strike","Reaper","Ghostly Armor+1","Pommel Strike","Metallicize","Offering","Flame Barrier"],"relics":["Burning Blood","NeowsBlessing","Lantern","Ancient Tea Set","Darkstone Periapt","Pear","Lizard Tail","Vajra","Boot","Pantograph"],"potions_floor_usage":[16,16,18,21,30,33],"damage_taken":[{"damage":0,"enemies":"Jaw Worm","floor":1,"turns":1},{"damage":0,"enemies":"Cultist","floor":5,"turns":1},{"damage":0,"enemies":"Lagavulin","floor":6,"turns":1},{"damage":14,"enemies":"Gremlin Nob","floor":8,"turns":4},{"damage":0,"enemies":"2 Louse","floor":10,"turns":2},{"damage":4,"enemies":"Blue Slaver","floor":11,"turns":4},{"damage":6,"enemies":"Exordium Wildlife","floor":14,"turns":3},{"damage":13,"enemies":"Slime Boss","floor":16,"turns":9},{"damage":0,"enemies":"3 Byrds","floor":18,"turns":1},{"damage":12,"enemies":"Chosen","floor":19,"turns":5},{"damage":23,"enemies":"Shelled Parasite and Fungi","floor":21,"turns":11},{"damage":108,"enemies":"Book of Stabbing","floor":23,"turns":10},{"damage":34,"enemies":"Centurion and Healer","floor":25,"turns":9},{"damage":21,"enemies":"Snake Plant","floor":30,"turns":2},{"damage":23,"enemies":"Shelled Parasite and Fungi","floor":31,"turns":5},{"damage":82,"enemies":"Automaton","floor":33,"turns":12}],"seed_played":"3111490659483737301","potions_obtained":[{"floor":5,"key":"SmokeBomb"},{"floor":6,"key":"Fire Potion"},{"floor":10,"key":"Energy Potion"},{"floor":19,"key":"Energy Potion"},{"floor":25,"key":"Weak Potion"},{"floor":31,"key":"Ancient Potion"}],"is_trial":false,"path_per_floor":["M","$","?","$","M","E","$","E","T","M","M","?","R","M","R","B",null,"M","M","?","M","?","E","R","M","T","R","$","?","M","M","R","B"],"character_chosen":"IRONCLAD","items_purchased":["Heavy Blade","Shrug It Off","Lantern","Shrug It Off","Offering","Pantograph"],"campfire_rested":1,"item_purchase_floors":[2,2,4,4,28,28],"current_hp_per_floor":[80,80,80,80,80,80,80,72,82,88,90,96,96,96,96,89,96,96,90,90,73,96,61,61,43,43,43,43,43,34,17,45,0],"gold":222,"neow_bonus":"THREE_ENEMY_KILL","is_prod":false,"is_daily":false,"chose_seed":false,"campfire_upgraded":4,"win_rate":0,"timestamp":1549017111,"path_taken":["M","$","?","?","M","E","$","E","T","M","?","?","R","M","R","BOSS","M","M","?","M","?","E","R","M","T","R","$","?","?","?","R","BOSS"],"build_version":"2019-01-23","purchased_purges":2,"victory":false,"max_hp_per_floor":[80,80,80,80,80,80,80,80,90,90,90,96,96,96,96,96,96,96,96,96,96,96,96,96,96,96,96,96,96,96,96,96,96],"card_choices":[{"not_picked":["Flex","Corruption"],"picked":"Armaments","floor":1},{"not_picked":["Wild Strike","Second Wind"],"picked":"Shockwave","floor":5},{"not_picked":["Perfected Strike","Seeing Red"],"picked":"Cleave","floor":6},{"not_picked":["Anger","Fire Breathing"],"picked":"Iron Wave","floor":8},{"not_picked":["Wild Strike","True Grit","Armaments"],"picked":"SKIP","floor":10},{"not_picked":["Flex","Second Wind"],"picked":"Twin Strike","floor":11},{"not_picked":["Pummel","Twin Strike"],"picked":"Reaper","floor":14},{"not_picked":["Clash","Headbutt"],"picked":"Ghostly Armor+1","floor":19},{"not_picked":["Twin Strike+1","Body Slam"],"picked":"Pommel Strike","floor":21},{"not_picked":["Fire Breathing+1","Thunderclap+1"],"picked":"Metallicize","floor":23},{"not_picked":["Searing Blow","Cleave","Anger"],"picked":"SKIP","floor":25},{"not_picked":["Searing Blow","Anger"],"picked":"Flame Barrier","floor":30},{"not_picked":["Cleave","Combust","Feel No Pain"],"picked":"SKIP","floor":31}],"player_experience":16241,"relics_obtained":[{"floor":6,"key":"Ancient Tea Set"},{"floor":8,"key":"Darkstone Periapt"},{"floor":9,"key":"Pear"},{"floor":23,"key":"Vajra"},{"floor":26,"key":"Boot"}],"event_choices":[{"damage_healed":0,"gold_gain":275,"player_choice":"Desecrate","damage_taken":0,"max_hp_gain":0,"max_hp_loss":0,"event_name":"Golden Shrine","floor":3,"gold_loss":0,"cards_obtained":["Regret"]},{"damage_healed":0,"gold_gain":175,"player_choice":"AGREE","damage_taken":0,"max_hp_gain":0,"max_hp_loss":0,"event_name":"Liars Game","floor":12,"gold_loss":0,"cards_obtained":["Doubt"]},{"cards_removed":["Strike_R"],"damage_healed":0,"gold_gain":0,"player_choice":"Elegance","damage_taken":0,"max_hp_gain":0,"max_hp_loss":0,"event_name":"Back to Basics","floor":20,"gold_loss":0},{"damage_healed":32,"gold_gain":0,"player_choice":"Heal","damage_taken":0,"max_hp_gain":0,"max_hp_loss":0,"event_name":"The Library","floor":22,"gold_loss":0},{"cards_removed":["Strike_R"],"damage_healed":0,"gold_gain":0,"player_choice":"Purged","damage_taken":0,"max_hp_gain":0,"max_hp_loss":0,"event_name":"Purifier","floor":29,"gold_loss":0}],"is_beta":false,"boss_relics":[{"not_picked":["Empty Cage","Runic Pyramid"],"picked":"Lizard Tail"}],"items_purged_floors":[7,28],"is_endless":false,"potions_floor_spawned":[5,6,10,19,25,31],"killed_by":"Automaton","ascension_level":0}