{"path_per_floor":["M","?","?","M","$","M","?","$","T","R","T","M","R","E","R","B",null,"M","M","$","?","M","R","E","T","T","R","M","?","M","M","R","B",null,"M","$","M","?","?","R","M","?","T","M","M","M","M","?","R","B"],"character_chosen":"IRONCLAD","items_purchased":["Flex","Shrug It Off","Vajra","Dropkick","Offering","Matryoshka"],"gold_per_floor":[112,112,112,128,3,13,13,13,13,13,39,60,60,98,98,219,219,237,251,18,18,36,36,80,128,128,128,146,326,341,357,357,488,488,512,18,33,401,401,401,414,394,394,412,426,446,470,470,470,470],"floor_reached":51,"campfire_rested":2,"playtime":4772,"current_hp_per_floor":[71,71,59,62,62,70,49,49,49,49,49,55,55,43,70,8,90,75,75,75,75,54,54,64,64,64,64,76,52,55,67,98,59,106,98,98,97,82,82,82,63,63,63,67,75,80,70,100,100,77],"items_purged":["Defend_R","Strike_R"],"gold":470,"score":569,"play_id":"f1038dee-f181-4907-8d59-517a8803444e","is_prod":false,"is_daily":false,"is_ascension_mode":false,"campfire_upgraded":4,"path_taken":["M","?","?","M","$","M","?","?","T","R","?","M","R","E","R","BOSS","M","M","$","?","M","R","E","?","T","R","M","?","M","M","R","BOSS","M","$","M","?","?","R","M","?","T","M","M","M","M","?","R","BOSS"],"build_version":"2018-02-12-PROD1","purchased_purges":2,"victory":true,"master_deck":["Strike_R","Bash","Flex+1","Feed+1","Flex+1","Clash","Thunderclap","Berserk","Thunderclap+1","Thunderclap+1","Bloodletting+1","Dual Wield+1","Dropkick","Dropkick","Infernal Blade","Shrug It Off+1","Heavy Blade+1","Double Tap+1","Battle Trance+1","Clash","Offering","Flex+1","Limit Break","Seeing Red+1"],"max_hp_per_floor":[80,80,80,83,83,86,86,86,86,86,86,90,90,90,90,90,90,90,94,94,94,94,94,98,98,98,98,102,102,102,106,106,106,106,110,110,110,114,114,114,114,114,114,114,114,118,118,118,118,122],"relics":["Burning Blood","Ancient Tea Set","Golden Idol","Red Skull","Anchor","Prayer Wheel","Astrolabe","Vajra","Thread and Needle","Blood Vial","Peace Pipe","Runic Cube","Matryoshka","Old Coin","Bag of Marbles","Frozen Eye"],"card_choices":[{"not_picked":["Impervious","Flame Barrier"],"picked":"Flex"},{"not_picked":["Wild Strike","Pommel Strike"],"picked":"Clash"},{"not_picked":["Rage","Evolve"],"picked":"Thunderclap"},{"not_picked":["Impervious","Feed"],"picked":"Berserk"},{"not_picked":["Twin Strike","Uppercut"],"picked":"Dual Wield"},{"not_picked":["Clothesline","Burning Pact"],"picked":"Dropkick"},{"not_picked":["Corruption","Pummel"],"picked":"Shrug It Off"},{"not_picked":["Anger","True Grit"],"picked":"Heavy Blade"},{"not_picked":["Seeing Red","Hemokinesis"],"picked":"Double Tap"},{"not_picked":["Heavy Blade","Wild Strike"],"picked":"Battle Trance"},{"not_picked":["Clothesline","Warcry"],"picked":"Clash"},{"not_picked":["Blood for Blood","Perfected Strike"],"picked":"Flex"},{"not_picked":["Clothesline","Shockwave"],"picked":"Limit Break"},{"not_picked":["Rampage","Cleave"],"picked":"Seeing Red"}],"player_experience":38113,"potions_floor_usage":[14,16,24,33,33,50,50,50],"damage_taken":[{"damage":15,"enemies":"Jaw Worm","floor":1,"turns":4},{"damage":6,"enemies":"Cultist","floor":4,"turns":4},{"damage":1,"enemies":"2 Louse","floor":6,"turns":3},{"damage":4,"enemies":"Exordium Wildlife","floor":12,"turns":3},{"damage":18,"enemies":"Lagavulin","floor":14,"turns":3},{"damage":68,"enemies":"The Guardian","floor":16,"turns":11},{"damage":21,"enemies":"Chosen","floor":18,"turns":4},{"damage":10,"enemies":"2 Thieves","floor":19,"turns":2},{"damage":27,"enemies":"Snake Plant","floor":22,"turns":4},{"damage":0,"enemies":"Book of Stabbing","floor":24,"turns":2},{"damage":0,"enemies":"Cultist and Chosen","floor":28,"turns":3},{"damage":5,"enemies":"Slaver and Parasite","floor":30,"turns":3},{"damage":0,"enemies":"Snecko","floor":31,"turns":2},{"damage":47,"enemies":"Collector","floor":33,"turns":5},{"damage":18,"enemies":"3 Shapes","floor":35,"turns":2},{"damage":9,"enemies":"3 Darklings","floor":37,"turns":2},{"damage":27,"enemies":"Mysterious Sphere","floor":38,"turns":3},{"damage":27,"enemies":"Maw","floor":41,"turns":3},{"damage":4,"enemies":"Sphere and 2 Shapes","floor":44,"turns":2},{"damage":0,"enemies":"3 Darklings","floor":45,"turns":1},{"damage":7,"enemies":"Maw","floor":46,"turns":1},{"damage":18,"enemies":"4 Shapes","floor":47,"turns":2},{"damage":56,"enemies":"Awakened One","floor":50,"turns":5}],"event_choices":[{"event_name":"Living Wall","player_choice":"Change","floor":2,"damage_taken":0},{"event_name":"Scrap Ooze","player_choice":"success","floor":3,"damage_taken":12},{"event_name":"Golden Idol","player_choice":"Take Damage","floor":7,"damage_taken":0},{"event_name":"The Library","player_choice":"Read","floor":21,"damage_taken":0},{"event_name":"Knowing Skull","player_choice":"GOLD GOLD ","floor":29,"damage_taken":0},{"event_name":"Mysterious Sphere","player_choice":"Fight","floor":38,"damage_taken":0},{"event_name":"Purifier","player_choice":"One Purge","floor":39,"damage_taken":0},{"event_name":"The Woman in Blue","player_choice":"Bought 1 Potion","floor":42,"damage_taken":0},{"event_name":"Winding Halls","player_choice":"Writhe","floor":48,"damage_taken":0}],"boss_relics":[{"not_picked":["Calling Bell","Lizard Tail"],"picked":"Astrolabe"},{"not_picked":["Mark of Pain","Sozu"],"picked":"Runic Cube"}],"potions_floor_spawned":[1,6,18,22,30,35,38,46],"seed_played":"-3702761210712777944","ascension_level":0,"is_trial":false}