{"gold_per_floor":[116,131,143,143,161,161,188,188,211,211,228,228,7,35,35,114,114,124,124,49,49,61,96,96,109,109,25,43,54,17,51,51,51],"floor_reached":33,"playtime":1774,"items_purged":["Strike_G"],"score":690,"play_id":"c5c8475e-d230-45ec-835e-10731d5ca84b","local_time":"20190130161204","is_ascension_mode":true,"campfire_choices":[{"data":"Glass Knife","floor":6.0,"key":"SMITH"},{"floor":8.0,"key":"REST"},{"floor":10.0,"key":"REST"},{"data":"Neutralize","floor":15.0,"key":"SMITH"},{"floor":24,"key":"REST"},{"floor":32,"key":"REST"}],"neow_cost":"TEN_PERCENT_HP_LOSS","seed_source_timestamp":698068498923250,"circlet_count":0,"master_deck":["AscendersBane","Defend_G","Defend_G+1","Defend_G","Defend_G","Defend_G","Strike_G","Strike_G+1","Strike_G","Survivor","Neutralize+1","Unload+1","Dagger Spray","Glass Knife+1","PiercingWail+1","Corpse Explosion","PiercingWail","Malaise","PiercingWail","Wraith Form v2","Poisoned Stab+1","Well Laid Plans","Dodge and Roll+1","Footwork","A Thousand Cuts"],"special_seed":0,"relics":["Ring of the Snake","Oddly Smooth Stone","Bronze Scales","Lantern","PreservedInsect","Molten Egg 2","Fusion Hammer","Whetstone","Tingsha","Pen Nib"],"potions_floor_usage":[33,33],"damage_taken":[{"damage":16.0,"enemies":"Cultist","floor":1.0,"turns":5.0},{"damage":0.0,"enemies":"2 Louse","floor":2.0,"turns":2.0},{"damage":0.0,"enemies":"Jaw Worm","floor":3.0,"turns":3.0},{"damage":0.0,"enemies":"3 Louse","floor":5.0,"turns":2.0},{"damage":22.0,"enemies":"Gremlin Nob","floor":7.0,"turns":4.0},{"damage":0.0,"enemies":"Gremlin Gang","floor":11.0,"turns":2.0},{"damage":0.0,"enemies":"3 Sentries","floor":14.0,"turns":2.0},{"damage":22.0,"enemies":"Hexaghost","floor":16.0,"turns":10.0},{"damage":14.0,"enemies":"Chosen","floor":18.0,"turns":6.0},{"damage":0,"enemies":"3 Byrds","floor":22,"turns":2},{"damage":2,"enemies":"Book of Stabbing","floor":23,"turns":5},{"damage":12,"enemies":"Shelled Parasite and Fungi","floor":25,"turns":6},{"damage":0,"enemies":"Chosen and Byrds","floor":28,"turns":4},{"damage":0,"enemies":"Snake Plant","floor":29,"turns":4},{"damage":0,"enemies":"Slavers","floor":31,"turns":2},{"damage":81,"enemies":"Automaton","floor":33,"turns":12}],"seed_played":"1273999024329003337","potions_obtained":[{"floor":2.0,"key":"PowerPotion"},{"floor":3.0,"key":"Weak Potion"},{"floor":7.0,"key":"AttackPotion"},{"floor":16.0,"key":"FairyPotion"},{"floor":18.0,"key":"Weak Potion"},{"floor":28,"key":"PowerPotion"}],"is_trial":false,"path_per_floor":["M","M","M","?","M","R","E","R","T","R","M","?","$","E","R","B",null,"M","?","$","?","M","E","R","M","T","$","M","M","$","E","R","B"],"character_chosen":"THE_SILENT","items_purchased":["PreservedInsect","PiercingWail","Well Laid Plans","Footwork"],"campfire_rested":4,"item_purchase_floors":[13,13,27,30],"current_hp_per_floor":[43,43,43,25,25,25,3,21,21,39,39,34,34,34,34,12,48,34,34,34,34,34,32,50,38,38,38,38,38,38,38,56,0],"gold":51,"neow_bonus":"THREE_RARE_CARDS","is_prod":false,"is_daily":false,"chose_seed":false,"campfire_upgraded":2,"win_rate":0,"timestamp":1548861124,"path_taken":["M","M","?","?","M","R","E","R","T","R","M","?","$","E","R","BOSS","M","?","$","?","?","E","R","M","T","?","?","M","$","E","R","BOSS"],"build_version":"2019-01-23","purchased_purges":1,"victory":false,"max_hp_per_floor":[60,60,60,60,60,60,60,60,60,60,60,60,60,60,60,60,60,60,60,60,60,60,60,60,60,60,60,60,60,60,60,60,60],"card_choices":[{"not_picked":["Phantasmal Killer","Night Terror"],"picked":"Unload","floor":0.0},{"not_picked":["Blade Dance","Prepared"],"picked":"Dagger Spray","floor":1.0},{"not_picked":["Skewer","Predator"],"picked":"Glass Knife","floor":2.0},{"not_picked":["Dodge and Roll","Acrobatics"],"picked":"PiercingWail","floor":3.0},{"not_picked":["Dagger Throw","Bane","Flying Knee"],"picked":"SKIP","floor":5.0},{"not_picked":["Calculated Gamble","Concentrate"],"picked":"Corpse Explosion","floor":7.0},{"not_picked":["Predator","Bane","Setup"],"picked":"SKIP","floor":11.0},{"not_picked":["Flying Knee","Dash","Expertise"],"picked":"SKIP","floor":14.0},{"not_picked":["Envenom","Doppelganger"],"picked":"Malaise","floor":16.0},{"not_picked":["Concentrate","Deflect"],"picked":"PiercingWail","floor":18.0},{"not_picked":["Concentrate","Dagger Spray+1","Sucker Punch+1"],"picked":"SKIP","floor":22},{"not_picked":["PiercingWail","Bane+1"],"picked":"Wraith Form v2","floor":23},{"not_picked":["Sucker Punch+1","Outmaneuver+1"],"picked":"Poisoned Stab+1","floor":25},{"not_picked":["Endless Agony+1","Quick Slash+1","Tactician"],"picked":"SKIP","floor":28},{"not_picked":["Concentrate","Outmaneuver"],"picked":"Dodge and Roll+1","floor":29},{"not_picked":["Deflect","Riddle With Holes+1"],"picked":"A Thousand Cuts","floor":31}],"player_experience":1089724,"relics_obtained":[{"floor":7.0,"key":"Oddly Smooth Stone"},{"floor":9.0,"key":"Bronze Scales"},{"floor":14.0,"key":"Molten Egg 2"},{"floor":23,"key":"Whetstone"},{"floor":26,"key":"Tingsha"},{"floor":31,"key":"Pen Nib"}],"event_choices":[{"damage_healed":0.0,"max_hp_gain":0.0,"max_hp_loss":0.0,"gold_gain":0.0,"event_name":"Shining Light","player_choice":"Entered Light","floor":4.0,"gold_loss":0.0,"damage_taken":18.0,"cards_upgraded":["Defend_G","PiercingWail"]},{"damage_healed":0.0,"max_hp_gain":0.0,"max_hp_loss":0.0,"gold_gain":0.0,"event_name":"Scrap Ooze","player_choice":"Success","floor":12.0,"gold_loss":0.0,"damage_taken":5.0,"relics_obtained":["Lantern"]},{"cards_removed":["Strike_G"],"damage_healed":0,"gold_gain":0,"player_choice":"Purged","damage_taken":0,"max_hp_gain":0,"max_hp_loss":0,"event_name":"Purifier","floor":21,"gold_loss":0}],"is_beta":false,"boss_relics":[{"not_picked":["Busted Crown","Empty Cage"],"picked":"Fusion Hammer"}],"items_purged_floors":[20],"is_endless":false,"potions_floor_spawned":[2,3,7,16,18,28,31],"killed_by":"Automaton","ascension_level":20}