{"path_per_floor":["M","?","M","M","M","R","M","?","T","M","$","?","R","M","R","B",null,"M","M","M","?","M","R","$","?","T","T","$","M","M","?","R","B",null,"M","?","M","M","?","R","M","$","T","M","T","M","R","M","R","B"],"character_chosen":"IRONCLAD","items_purchased":["Pen Nib","Prayer Wheel","Bottled Flame","Flex","Dead Branch"],"gold_per_floor":[114,114,133,152,171,171,190,365,440,459,84,84,84,103,103,228,228,247,266,285,285,304,304,8,258,288,313,13,32,51,51,51,176,176,195,195,214,233,0,0,19,19,44,63,63,82,82,101,101,101],"floor_reached":51,"campfire_rested":4,"playtime":3540,"current_hp_per_floor":[72,78,78,78,59,84,84,90,96,96,96,96,96,91,91,76,104,94,92,51,85,65,96,96,102,108,114,114,110,110,110,110,91,128,122,122,122,103,103,128,128,128,141,141,147,129,129,116,147,57],"items_purged":["Doubt"],"gold":101,"score":999,"play_id":"14cf2e2e-e2b3-4505-aebf-a8737a53fc04","local_time":"20180324095428","daily_mods":["Allstar","Cursed Run","Insanity"],"is_prod":false,"is_daily":true,"is_ascension_mode":false,"campfire_upgraded":4,"timestamp":1521885268,"path_taken":["M","?","M","M","M","R","?","?","T","?","$","?","R","M","R","BOSS","M","M","M","?","M","R","?","?","T","?","?","M","?","?","R","BOSS","M","?","M","?","?","R","?","?","T","M","?","M","R","M","R","BOSS"],"build_version":"2018-03-22v2","purchased_purges":1,"victory":true,"master_deck":["Impervious","Power Through","Warcry","Warcry","Flame Barrier+1","Sever Soul","Headbutt","Shrug It Off","Flame Barrier","Impervious","Entrench","Pommel Strike","Clash","Strike_R","Sentinel","Rampage","Corruption","Infernal Blade","Clothesline","Seeing Red","Twin Strike","Second Wind","Iron Wave","Brutality+1","Bash","Disarm","Flame Barrier+1","Sever Soul","Uppercut","Bloodletting+1","Dual Wield+1","Searing Blow","Shockwave","Headbutt","Double Tap+1","Wild Strike","Headbutt","Rage","Armaments","Shockwave","Anger","Sever Soul","Flex","Power Through","Corruption","Rampage","Bludgeon","Headbutt","Uppercut","True Grit","Blind","Transmutation","Whirlwind+1","Second Wind","Fiend Fire","Body Slam","Injury","Ghostly Armor","Dropkick","Pain","Barricade+1","Armaments+1","Perfected Strike","Fire Breathing+1","Flame Barrier+1","Flex","Regret","Injury","Inflame","Pain","Entrench","Flex","Pommel Strike+1","Pain","Feed","Flex","Body Slam","Armaments+1","Entrench+1","Pain","Rupture","Flex","Clumsy","Shockwave+1","Heavy Blade+1","Twin Strike+1","Parasite"],"max_hp_per_floor":[80,86,86,86,86,86,86,92,98,98,98,98,98,98,98,104,104,104,104,104,104,104,104,104,110,116,122,122,122,122,122,122,128,128,128,128,128,128,128,128,128,128,141,141,147,147,147,147,147,153],"relics":["Cursed Key","Darkstone Periapt","Du-Vu Doll","Golden Idol","Letter Opener","Pen Nib","Prayer Wheel","Runic Cube","Bottled Flame","Tiny Chest","War Paint","Dead Branch","Sozu","Red Mask","Strawberry","Gambling Chip"],"card_choices":[{"not_picked":["Rupture","Sever Soul"],"picked":"Whirlwind","floor":1},{"not_picked":["Flex","Headbutt"],"picked":"Second Wind","floor":4},{"not_picked":["Clash","Feel No Pain"],"picked":"Fiend Fire","floor":5},{"not_picked":["Headbutt","Cleave"],"picked":"Body Slam","floor":7},{"not_picked":["Flex","Headbutt"],"picked":"Ghostly Armor","floor":10},{"not_picked":["Clash","Pummel"],"picked":"Dropkick","floor":14},{"not_picked":["Berserk","Offering"],"picked":"Barricade","floor":16},{"not_picked":["Iron Wave","Hemokinesis"],"picked":"Armaments","floor":18},{"not_picked":["Anger","Infernal Blade"],"picked":"Perfected Strike","floor":19},{"not_picked":["Blood for Blood","Searing Blow"],"picked":"Fire Breathing","floor":20},{"not_picked":["True Grit","Hemokinesis"],"picked":"Flame Barrier","floor":22},{"not_picked":["Seeing Red","Pommel Strike"],"picked":"Inflame","floor":26},{"not_picked":["Carnage","Second Wind"],"picked":"Entrench","floor":27},{"not_picked":["Feel No Pain","True Grit"],"picked":"Flex","floor":29},{"not_picked":["Perfected Strike","Warcry"],"picked":"Pommel Strike","floor":30},{"not_picked":["Reaper","Impervious"],"picked":"Feed","floor":33},{"not_picked":["Feel No Pain","Heavy Blade"],"picked":"Flex","floor":35},{"not_picked":["Rupture","Second Wind"],"picked":"Body Slam","floor":37},{"not_picked":["Hemokinesis","Warcry"],"picked":"Armaments","floor":38},{"not_picked":["Thunderclap","Clash"],"picked":"Entrench","floor":41},{"not_picked":["Demon Form","Pommel Strike"],"picked":"Rupture","floor":43},{"not_picked":["Sentinel","Iron Wave"],"picked":"Flex","floor":44},{"not_picked":["Body Slam","Rage"],"picked":"Shockwave","floor":45},{"not_picked":["Wild Strike","Hemokinesis"],"picked":"Heavy Blade","floor":46},{"not_picked":["Headbutt","Battle Trance"],"picked":"Twin Strike","floor":48}],"player_experience":188620,"potions_floor_usage":[16,16,33],"damage_taken":[{"damage":8,"enemies":"Jaw Worm","floor":1,"turns":3},{"damage":0,"enemies":"2 Louse","floor":3,"turns":1},{"damage":0,"enemies":"Small Slimes","floor":4,"turns":2},{"damage":19,"enemies":"Gremlin Gang","floor":5,"turns":4},{"damage":0,"enemies":"3 Louse","floor":7,"turns":2},{"damage":0,"enemies":"Exordium Wildlife","floor":10,"turns":3},{"damage":5,"enemies":"Lots of Slimes","floor":14,"turns":4},{"damage":21,"enemies":"The Guardian","floor":16,"turns":5},{"damage":10,"enemies":"2 Thieves","floor":18,"turns":3},{"damage":2,"enemies":"Spheric Guardian","floor":19,"turns":3},{"damage":41,"enemies":"Slaver and Parasite","floor":20,"turns":5},{"damage":20,"enemies":"Snecko","floor":22,"turns":4},{"damage":4,"enemies":"Chosen and Byrds","floor":29,"turns":3},{"damage":0,"enemies":"Centurion and Healer","floor":30,"turns":1},{"damage":25,"enemies":"Champ","floor":33,"turns":4},{"damage":6,"enemies":"3 Shapes","floor":35,"turns":1},{"damage":0,"enemies":"3 Darklings","floor":37,"turns":1},{"damage":19,"enemies":"Maw","floor":38,"turns":3},{"damage":0,"enemies":"Sphere and 2 Shapes","floor":41,"turns":1},{"damage":0,"enemies":"3 Darklings","floor":44,"turns":1},{"damage":18,"enemies":"4 Shapes","floor":46,"turns":1},{"damage":13,"enemies":"Maw","floor":48,"turns":4},{"damage":96,"enemies":"Time Eater","floor":50,"turns":8}],"event_choices":[{"event_name":"Golden Idol","player_choice":"Take Wound","floor":2,"damage_taken":0},{"event_name":"Liars Game","player_choice":"agreed","floor":8,"damage_taken":0},{"event_name":"Purifier","player_choice":"One Purge","floor":12,"damage_taken":0},{"event_name":"The Library","player_choice":"Heal","floor":21,"damage_taken":0},{"event_name":"Golden Shrine","player_choice":"Desecrate","floor":25,"damage_taken":0},{"event_name":"Upgrade Shrine","player_choice":"Upgraded","floor":31,"damage_taken":0},{"event_name":"Upgrade Shrine","player_choice":"Upgraded","floor":36,"damage_taken":0},{"event_name":"Tomb of Lord Red Mask","player_choice":"Paid","floor":39,"damage_taken":0}],"boss_relics":[{"not_picked":["Snecko Eye","Philosopher\u0027s Stone"],"picked":"Runic Cube"},{"not_picked":["Runic Pyramid","Black Star"],"picked":"Sozu"}],"potions_floor_spawned":[3,5,7,14,20,29,30,35,37,38],"seed_played":"-8935585720801490496","ascension_level":0,"is_trial":false}