{"gold_per_floor":[114,114,114,134,11,11,41,41,41,3,36,54,66,98,98,175,175,185,185,185,215,215,215,226,255,282,28,28,59,75,75,75,149,149,166,53,53,53,65,93,93,104,104,129,182,195,228,178,178,178],"floor_reached":51,"playtime":6205,"items_purged":["Writhe","Strike_G"],"score":1446,"play_id":"e5cc86c2-7942-4a32-91e6-a3c33d9c39d0","local_time":"20190202163519","is_ascension_mode":true,"campfire_choices":[{"data":"Poisoned Stab","floor":6.0,"key":"SMITH"},{"data":"Cloak And Dagger","floor":8.0,"key":"SMITH"},{"floor":15.0,"key":"REST"},{"floor":23.0,"key":"REST"},{"floor":28.0,"key":"REST"},{"data":"Catalyst","floor":32.0,"key":"SMITH"},{"data":"Well Laid Plans","floor":41,"key":"SMITH"},{"data":"Noxious Fumes","floor":49,"key":"SMITH"}],"neow_cost":"CURSE","seed_source_timestamp":954219339116753,"circlet_count":0,"master_deck":["AscendersBane","Defend_G","Defend_G","Defend_G","Defend_G","Defend_G","Survivor","Neutralize","Poisoned Stab+1","Cloak And Dagger+1","Noxious Fumes+1","After Image","Adrenaline","Corpse Explosion","Flechettes+1","Deadly Poison+1","Wraith Form v2+1","PiercingWail","Deadly Poison+1","Catalyst+1","Backstab","Adrenaline","Footwork+1","A Thousand Cuts","Leg Sweep","Noxious Fumes+1","Well Laid Plans+1","PiercingWail","Cloak And Dagger+1","After Image","Deadly Poison+1"],"special_seed":0,"relics":["Ring of the Snake","Dead Branch","Lantern","Pen Nib","Regal Pillow","Bottled Flame","Astrolabe","Nilry\u0027s Codex","Red Mask","Pocketwatch","Boot","PreservedInsect","Coffee Dripper","Juzu Bracelet","Meat on the Bone","Omamori","Turnip","Happy Flower"],"potions_floor_usage":[45,50,50],"damage_taken":[{"damage":9.0,"enemies":"2 Louse","floor":1.0,"turns":5.0},{"damage":0.0,"enemies":"Small Slimes","floor":4.0,"turns":5.0},{"damage":32.0,"enemies":"Gremlin Nob","floor":7.0,"turns":4.0},{"damage":1.0,"enemies":"Lagavulin","floor":11.0,"turns":7.0},{"damage":0.0,"enemies":"Jaw Worm","floor":12.0,"turns":2.0},{"damage":7.0,"enemies":"Large Slime","floor":13.0,"turns":5.0},{"damage":7.0,"enemies":"3 Sentries","floor":14.0,"turns":7.0},{"damage":30.0,"enemies":"The Guardian","floor":16.0,"turns":8.0},{"damage":1.0,"enemies":"Chosen","floor":18.0,"turns":5.0},{"damage":0.0,"enemies":"Masked Bandits","floor":21.0,"turns":1.0},{"damage":3.0,"enemies":"2 Thieves","floor":24.0,"turns":3.0},{"damage":32.0,"enemies":"Gremlin Leader","floor":25.0,"turns":7.0},{"damage":11.0,"enemies":"Slavers","floor":29.0,"turns":5.0},{"damage":2.0,"enemies":"Chosen and Byrds","floor":30.0,"turns":4.0},{"damage":52.0,"enemies":"Champ","floor":33.0,"turns":9.0},{"damage":0,"enemies":"Orb Walker","floor":35,"turns":2},{"damage":0,"enemies":"3 Darklings","floor":39,"turns":3},{"damage":3,"enemies":"Nemesis","floor":40,"turns":3},{"damage":0,"enemies":"Transient","floor":42,"turns":5},{"damage":0,"enemies":"Reptomancer","floor":44,"turns":5},{"damage":0,"enemies":"2 Orb Walkers","floor":45,"turns":3},{"damage":0,"enemies":"Sphere and 2 Shapes","floor":46,"turns":6},{"damage":0,"enemies":"Giant Head","floor":47,"turns":6},{"damage":36,"enemies":"Awakened One","floor":50,"turns":10}],"seed_played":"-5725867783248991607","potions_obtained":[{"floor":1.0,"key":"GamblersBrew"},{"floor":11.0,"key":"Dexterity Potion"},{"floor":12.0,"key":"Energy Potion"},{"floor":13.0,"key":"Dexterity Potion"},{"floor":14.0,"key":"SteroidPotion"},{"floor":18.0,"key":"AttackPotion"},{"floor":29.0,"key":"Regen Potion"},{"floor":30.0,"key":"Block Potion"},{"floor":33.0,"key":"SpeedPotion"},{"floor":35,"key":"FearPotion"},{"floor":40,"key":"PowerPotion"},{"floor":46,"key":"Regen Potion"}],"is_trial":false,"path_per_floor":["M","?","?","M","$","R","E","R","T","?","E","M","M","E","R","B",null,"M","?","?","?","?","R","M","E","T","$","R","E","M","?","R","B",null,"M","$","?","?","M","E","R","M","T","E","?","M","E","?","R","B",null],"character_chosen":"THE_SILENT","items_purchased":["Strength Potion","Adrenaline","Leg Sweep","Noxious Fumes"],"campfire_rested":3,"item_purchase_floors":[5,27,36,36],"current_hp_per_floor":[50,50,55,55,55,55,23,23,23,23,22,22,15,8,44,14,57,56,56,35,35,35,71,68,36,36,36,71,60,58,58,58,21,59,59,59,59,59,59,56,56,56,56,56,56,56,56,56,56,35],"gold":178,"neow_bonus":"ONE_RARE_RELIC","is_prod":false,"is_daily":false,"chose_seed":false,"campfire_upgraded":5,"win_rate":0,"timestamp":1549121719,"path_taken":["M","?","?","M","$","R","E","R","T","?","E","?","M","E","R","BOSS","M","?","?","?","?","R","?","E","T","?","R","E","M","?","R","BOSS","M","$","?","?","?","E","R","M","T","E","?","M","E","?","R","BOSS"],"build_version":"2019-01-23","purchased_purges":2,"victory":true,"max_hp_per_floor":[66,66,71,71,71,71,71,71,71,71,71,71,71,71,71,71,71,71,71,71,71,71,71,71,71,71,71,71,71,71,71,71,71,71,71,71,67,67,67,67,67,67,67,67,67,67,67,67,67,67],"card_choices":[{"not_picked":["Bane","Terror","Distraction"],"picked":"SKIP","floor":1.0},{"not_picked":["Heel Hook","Slice"],"picked":"Poisoned Stab","floor":4.0},{"not_picked":["Quick Slash","Expertise"],"picked":"Cloak And Dagger","floor":7.0},{"not_picked":["Dagger Throw","Accuracy"],"picked":"Noxious Fumes","floor":11.0},{"not_picked":["Dodge and Roll","Outmaneuver","Underhanded Strike"],"picked":"SKIP","floor":12.0},{"not_picked":["Dodge and Roll","Underhanded Strike"],"picked":"After Image","floor":13.0},{"not_picked":["Choke","Dagger Throw"],"picked":"Adrenaline","floor":14.0},{"not_picked":["Venomology","Bullet Time"],"picked":"Corpse Explosion","floor":16.0},{"not_picked":["Cloak And Dagger","Bane"],"picked":"PiercingWail","floor":18.0},{"not_picked":["Underhanded Strike","Eviscerate"],"picked":"Deadly Poison+1","floor":21.0},{"not_picked":["Dagger Spray","All Out Attack","Bane"],"picked":"SKIP","floor":24.0},{"not_picked":["Dagger Spray","Slice"],"picked":"Backstab","floor":25.0},{"not_picked":["Envenom","Cloak And Dagger"],"picked":"Footwork","floor":29.0},{"not_picked":["Slice","Bane","Prepared"],"picked":"SKIP","floor":30.0},{"not_picked":["Phantasmal Killer","Grand Finale"],"picked":"A Thousand Cuts","floor":33.0},{"not_picked":["Poisoned Stab","Finisher+1","Cloak And Dagger"],"picked":"SKIP","floor":35},{"not_picked":["Blade Dance","Slice+1"],"picked":"Well Laid Plans","floor":39},{"not_picked":["Expertise+1","Flechettes","Burst"],"picked":"SKIP","floor":40},{"not_picked":["Flying Knee","PiercingWail","Sucker Punch+1"],"picked":"SKIP","floor":42},{"not_picked":["Flying Knee","Sucker Punch+1"],"picked":"PiercingWail","floor":42},{"not_picked":["Footwork+1","Prepared+1"],"picked":"Cloak And Dagger+1","floor":44},{"not_picked":["Prepared","Flechettes"],"picked":"After Image","floor":45},{"not_picked":["Prepared","Setup+1"],"picked":"Deadly Poison+1","floor":46},{"not_picked":["Accuracy","Dagger Spray","Underhanded Strike"],"picked":"SKIP","floor":47}],"player_experience":1151949,"relics_obtained":[{"floor":7.0,"key":"Lantern"},{"floor":9.0,"key":"Pen Nib"},{"floor":11.0,"key":"Regal Pillow"},{"floor":14.0,"key":"Bottled Flame"},{"floor":20.0,"key":"Nilry\u0027s Codex"},{"floor":21.0,"key":"Red Mask"},{"floor":25.0,"key":"Pocketwatch"},{"floor":26.0,"key":"Boot"},{"floor":29.0,"key":"PreservedInsect"},{"floor":40,"key":"Juzu Bracelet"},{"floor":43,"key":"Meat on the Bone"},{"floor":44,"key":"Omamori"},{"floor":45,"key":"Turnip"},{"floor":47,"key":"Happy Flower"}],"event_choices":[{"damage_healed":0.0,"max_hp_gain":0.0,"max_hp_loss":0.0,"gold_gain":0.0,"event_name":"Liars Game","player_choice":"Ignored","floor":2.0,"gold_loss":0.0,"damage_taken":0.0},{"damage_healed":0.0,"max_hp_gain":5.0,"max_hp_loss":0.0,"gold_gain":0.0,"event_name":"Big Fish","player_choice":"Donut","floor":3.0,"gold_loss":0.0,"damage_taken":0.0},{"damage_healed":0.0,"max_hp_gain":0.0,"max_hp_loss":0.0,"gold_gain":0.0,"event_name":"World of Goop","player_choice":"Left Gold","floor":10.0,"gold_loss":38.0,"damage_taken":0.0},{"damage_healed":0.0,"max_hp_gain":0.0,"max_hp_loss":0.0,"gold_gain":0.0,"event_name":"Vampires","player_choice":"Ignored","floor":19.0,"gold_loss":0.0,"damage_taken":0.0},{"damage_healed":0.0,"max_hp_gain":0.0,"max_hp_loss":0.0,"gold_gain":0.0,"event_name":"Cursed Tome","player_choice":"Obtained Book","floor":20.0,"gold_loss":0.0,"damage_taken":21.0},{"damage_healed":0.0,"max_hp_gain":0.0,"max_hp_loss":0.0,"gold_gain":0.0,"event_name":"Masked Bandits","player_choice":"Fought Bandits","floor":21.0,"gold_loss":0.0,"damage_taken":0.0},{"damage_healed":0.0,"max_hp_gain":0.0,"max_hp_loss":0.0,"gold_gain":0.0,"event_name":"The Library","player_choice":"Read","floor":22.0,"gold_loss":0.0,"damage_taken":0.0,"cards_obtained":["Catalyst"]},{"cards_removed":["Strike_G"],"damage_healed":0.0,"max_hp_gain":0.0,"max_hp_loss":0.0,"gold_gain":0.0,"event_name":"Bonfire Elementals","player_choice":"Offered Basic","floor":31.0,"gold_loss":0.0,"damage_taken":0.0},{"damage_healed":0,"gold_gain":0,"player_choice":"Max HP","damage_taken":0,"max_hp_gain":0,"max_hp_loss":4,"event_name":"Winding Halls","floor":37,"gold_loss":0},{"damage_healed":0,"gold_gain":0,"player_choice":"Upgraded","damage_taken":0,"max_hp_gain":0,"max_hp_loss":0,"event_name":"Upgrade Shrine","floor":38,"gold_loss":0,"cards_upgraded":["Footwork"]},{"damage_healed":0,"gold_gain":0,"player_choice":"Fight","damage_taken":0,"max_hp_gain":0,"max_hp_loss":0,"event_name":"Mysterious Sphere","floor":45,"gold_loss":0},{"damage_healed":0,"gold_gain":0,"player_choice":"Upgrade","damage_taken":0,"max_hp_gain":0,"max_hp_loss":0,"event_name":"Designer","floor":48,"gold_loss":50,"cards_upgraded":["Noxious Fumes"]}],"is_beta":false,"boss_relics":[{"not_picked":["Philosopher\u0027s Stone","HoveringKite"],"picked":"Astrolabe"},{"not_picked":["Black Star","Runic Pyramid"],"picked":"Coffee Dripper"}],"items_purged_floors":[5,27],"is_endless":false,"potions_floor_spawned":[1,11,12,13,14,18,29,30,33,35,40,42,46],"ascension_level":15}