{"path_per_floor":["M","?","M","M","?","E","R","$","T","M","M","M","?","M","R","B",null,"M","?","?","?","M","R","M","R","T","R","M","M","M","?","R"],"character_chosen":"THE_SILENT","items_purchased":[],"gold_per_floor":[114,83,98,113,113,143,143,49,49,64,79,94,94,109,109,209,209,224,174,174,174,189,189,204,204,204,204,219,234,249,249,249],"floor_reached":33,"campfire_rested":4,"playtime":3174,"current_hp_per_floor":[70,70,70,70,70,62,62,62,62,62,62,61,61,61,61,54,54,39,39,39,39,29,50,27,48,48,69,52,52,52,52,72],"items_purged":["Strike_G"],"gold":249,"score":251,"play_id":"e35c35e6-d355-47ab-94c6-17b22ed28a41","local_time":"20180305182852","daily_mods":[{"name":"All Star","description":"Start with 2 colorless cards.","modID":"Allstar","img":{"data":{"file":{"file":{"path":"images\\ui\\run_mods\\all_star.png"},"type":"Internal"},"width":64,"height":64,"format":"RGBA8888","useMipMaps":false,"isPrepared":false},"glTarget":3553,"glHandle":684,"minFilter":"Linear","magFilter":"Linear","uWrap":"ClampToEdge","vWrap":"ClampToEdge"},"positive":true},{"name":"Lethal Enemies","description":"All enemies start with +3 Strength.","modID":"Lethal Enemies","img":{"data":{"file":{"file":{"path":"images\\ui\\run_mods\\lethal_enemies.png"},"type":"Internal"},"width":64,"height":64,"format":"RGBA8888","useMipMaps":false,"isPrepared":false},"glTarget":3553,"glHandle":675,"minFilter":"Linear","magFilter":"Linear","uWrap":"ClampToEdge","vWrap":"ClampToEdge"},"positive":false},{"name":"Restless Journey","description":"You no longer heal when entering new acts.","modID":"Restless Journey","img":{"data":{"file":{"file":{"path":"images\\ui\\run_mods\\restless_journey.png"},"type":"Internal"},"width":64,"height":64,"format":"RGBA8888","useMipMaps":false,"isPrepared":false},"glTarget":3553,"glHandle":676,"minFilter":"Linear","magFilter":"Linear","uWrap":"ClampToEdge","vWrap":"ClampToEdge"},"positive":false},{"name":"Vintage","description":"The Merchant\u0027s prices are increased by 25%.","modID":"Vintage","img":{"data":{"file":{"file":{"path":"images\\ui\\run_mods\\vintage.png"},"type":"Internal"},"width":64,"height":64,"format":"RGBA8888","useMipMaps":false,"isPrepared":false},"glTarget":3553,"glHandle":677,"minFilter":"Linear","magFilter":"Linear","uWrap":"ClampToEdge","vWrap":"ClampToEdge"},"positive":false}],"is_prod":false,"is_daily":true,"is_ascension_mode":false,"campfire_upgraded":2,"timestamp":1520274532,"path_taken":["M","?","M","M","?","E","R","?","T","M","M","?","?","M","R","BOSS","M","?","?","?","?","R","M","R","T","R","M","M","M","?","R","BOSS"],"build_version":"2018-03-01-PROD1","purchased_purges":1,"victory":false,"master_deck":["Defend_G","Defend_G","Defend_G","Strike_G","Strike_G","Survivor","Neutralize","Dramatic Entrance+1","Trip+1","Dagger Throw","Leg Sweep","Cloak And Dagger","Predator","Cloak And Dagger","After Image","Dash","Neutralize","Tools of the Trade","Adrenaline","Die Die Die+1","Prepared+1","Dramatic Entrance+1","Masterful Stab+1","Dagger Spray+1","Predator+1"],"max_hp_per_floor":[70,70,70,70,70,70,70,70,70,70,70,70,70,70,70,70,70,70,70,70,70,70,70,70,70,70,70,72,72,72,72,72],"relics":["Ring of the Snake","Bag of Marbles","Unceasing Top","Astrolabe","Singing Bowl"],"card_choices":[{"not_picked":["Sucker Punch","Catalyst"],"picked":"Dagger Throw"},{"not_picked":["Underhanded Strike","Poisoned Stab"],"picked":"Leg Sweep"},{"not_picked":["Finisher","Leg Sweep"],"picked":"Cloak And Dagger"},{"not_picked":["Endless Agony","Flechettes"],"picked":"Predator"},{"not_picked":["Dodge and Roll","Slice"],"picked":"Cloak And Dagger"},{"not_picked":["Prepared","Reflex"],"picked":"After Image"},{"not_picked":["Calculated Gamble","Expertise"],"picked":"Dash"},{"not_picked":["Die Die Die","Wraith Form"],"picked":"Adrenaline"},{"not_picked":["Slice","Catalyst"],"picked":"Masterful Stab"},{"not_picked":["Slice","Sucker Punch"],"picked":"Dagger Spray"},{"not_picked":["Prepared","Catalyst"],"picked":"Predator"}],"player_experience":122378,"potions_floor_usage":[6,11,16,22,24,33,33,33],"damage_taken":[{"damage":0,"enemies":"Jaw Worm","floor":1,"turns":3},{"damage":0,"enemies":"2 Louse","floor":3,"turns":2},{"damage":0,"enemies":"Cultist","floor":4,"turns":3},{"damage":8,"enemies":"3 Sentries","floor":6,"turns":7},{"damage":0,"enemies":"Gremlin Gang","floor":10,"turns":3},{"damage":0,"enemies":"Exordium Wildlife","floor":11,"turns":1},{"damage":1,"enemies":"Exordium Thugs","floor":12,"turns":3},{"damage":0,"enemies":"3 Louse","floor":14,"turns":2},{"damage":7,"enemies":"The Guardian","floor":16,"turns":17},{"damage":15,"enemies":"3 Byrds","floor":18,"turns":4},{"damage":10,"enemies":"Spheric Guardian","floor":22,"turns":4},{"damage":38,"enemies":"Cultist and Chosen","floor":24,"turns":9},{"damage":19,"enemies":"Slaver and Parasite","floor":28,"turns":7},{"damage":0,"enemies":"3 Cultists","floor":29,"turns":4},{"damage":0,"enemies":"Cultist and Chosen","floor":30,"turns":3},{"damage":75,"enemies":"Collector","floor":33,"turns":10}],"event_choices":[{"event_name":"World of Goop","player_choice":"Left","floor":2,"damage_taken":0},{"event_name":"Bonfire Elementals","player_choice":"BASIC","floor":5,"damage_taken":0},{"event_name":"Match and Keep!","player_choice":"2 cards matched","floor":13,"damage_taken":0},{"event_name":"The Joust","player_choice":"Bet on Owner","floor":19,"damage_taken":0},{"event_name":"Duplicator","player_choice":"One dupe","floor":20,"damage_taken":0},{"event_name":"The Mausoleum","player_choice":"No","floor":21,"damage_taken":0},{"event_name":"Back to Basics","player_choice":"Elegance","floor":31,"damage_taken":0}],"boss_relics":[{"not_picked":["Snecko Eye","Black Star"],"picked":"Astrolabe"}],"potions_floor_spawned":[4,6,10,11,22,28,29,30],"seed_played":"1440800474786276678","killed_by":"Collector","ascension_level":0,"is_trial":false}