{"gold_per_floor":[109,59,73,73,91,119,119,132,184,196,222,10,85,96,96,196,196,215,215,314,314,284,298,298,358,358,47,47,47,78,3,3,101,101,111,162,62,62,12,12,12,39,39,39,52,52,83,83,83,83],"floor_reached":50,"playtime":2174,"items_purged":["Strike_G","Bullet Time"],"score":525,"play_id":"7780dcca-ac3d-431e-aa2a-0a4a75fa1e70","local_time":"20190203011642","is_ascension_mode":false,"campfire_choices":[{"floor":7,"key":"REST"},{"floor":10,"key":"REST"},{"floor":15,"key":"REST"},{"data":"Noxious Fumes","floor":24,"key":"SMITH"},{"floor":28,"key":"REST"},{"data":"Crippling Poison","floor":29,"key":"SMITH"},{"floor":32,"key":"REST"},{"floor":40,"key":"REST"},{"floor":44,"key":"REST"},{"floor":46,"key":"REST"},{"floor":49,"key":"REST"}],"neow_cost":"NONE","seed_source_timestamp":513350007598216,"circlet_count":0,"master_deck":["Defend_G","Defend_G","Defend_G","Defend_G","Defend_G","Strike_G","Strike_G","Survivor","Neutralize","Backflip","Bane","Well Laid Plans","Noxious Fumes+1","Deadly Poison","Accuracy","Dagger Spray","Deadly Poison","Bane","Crippling Poison+1","Necronomicurse","Dagger Spray","Adrenaline","Deadly Poison","Backstab","Noxious Fumes","Quick Slash+1","Grand Finale","Cloak And Dagger+1","Dodge and Roll","Blade Dance+1","Footwork+1","PiercingWail"],"relics":["Ring of the Snake","Dream Catcher","Darkstone Periapt","MawBank","PreservedInsect","Velvet Choker","Necronomicon","Tiny Chest","WingedGreaves","Blood Vial","Nunchaku","Busted Crown","Thread and Needle","Ancient Tea Set","Pear","Anchor"],"potions_floor_usage":[11,25,25,35,36,47,50],"damage_taken":[{"damage":0,"enemies":"2 Louse","floor":1,"turns":4},{"damage":0,"enemies":"Jaw Worm","floor":3,"turns":4},{"damage":0,"enemies":"Cultist","floor":5,"turns":4},{"damage":68,"enemies":"Lagavulin","floor":6,"turns":14},{"damage":2,"enemies":"2 Fungi Beasts","floor":8,"turns":4},{"damage":4,"enemies":"Blue Slaver","floor":11,"turns":4},{"damage":0,"enemies":"3 Louse","floor":14,"turns":2},{"damage":15,"enemies":"Hexaghost","floor":16,"turns":8},{"damage":14,"enemies":"Spheric Guardian","floor":18,"turns":6},{"damage":10,"enemies":"Chosen","floor":23,"turns":6},{"damage":12,"enemies":"Book of Stabbing","floor":25,"turns":5},{"damage":32,"enemies":"Slavers","floor":30,"turns":4},{"damage":39,"enemies":"Automaton","floor":33,"turns":8},{"damage":16,"enemies":"3 Shapes","floor":35,"turns":5},{"damage":53,"enemies":"2 Orb Walkers","floor":36,"turns":5},{"damage":0,"enemies":"3 Darklings","floor":45,"turns":4},{"damage":63,"enemies":"Reptomancer","floor":47,"turns":7},{"damage":62,"enemies":"Donu and Deca","floor":50,"turns":7}],"seed_played":"-7411412128739736537","potions_obtained":[{"floor":6,"key":"SteroidPotion"},{"floor":8,"key":"Regen Potion"},{"floor":22,"key":"Fire Potion"},{"floor":22,"key":"PowerPotion"},{"floor":33,"key":"Block Potion"},{"floor":47,"key":"Explosive Potion"}],"is_trial":false,"path_per_floor":["M","?","M","?","M","E","R","M","T","R","M","$","?","M","R","B",null,"M","?","?","?","?","M","R","E","T","$","R","R","E","$","R","B",null,"M","?","$","?","$","R","$","T","T","R","M","R","E","?","R","B"],"character_chosen":"THE_SILENT","items_purchased":["PreservedInsect","Blood Vial","Adrenaline","Noxious Fumes","Block Potion"],"campfire_rested":9,"item_purchase_floors":[12,27,27,31,39],"current_hp_per_floor":[70,70,70,70,70,2,23,21,21,42,52,52,41,41,62,47,70,56,56,56,46,46,36,36,24,24,24,46,46,16,16,38,1,76,60,9,9,9,9,31,31,31,41,66,68,86,23,23,48,0],"gold":83,"neow_bonus":"RANDOM_COMMON_RELIC","is_prod":false,"is_daily":false,"chose_seed":false,"campfire_upgraded":2,"win_rate":0,"timestamp":1549174602,"path_taken":["M","?","M","?","?","E","R","M","T","R","M","$","?","M","R","BOSS","M","?","?","?","?","?","R","E","T","$","R","R","E","$","R","BOSS","M","?","$","?","?","R","$","?","T","R","M","R","E","?","R","BOSS"],"build_version":"2019-01-23","purchased_purges":2,"victory":false,"max_hp_per_floor":[70,70,70,70,70,70,70,70,70,70,70,70,70,70,70,70,70,70,70,70,76,76,76,76,76,76,76,76,76,76,76,76,76,76,76,76,76,76,76,76,76,76,86,86,86,86,86,86,86,86],"card_choices":[{"not_picked":["Underhanded Strike","Endless Agony"],"picked":"Backflip","floor":1},{"not_picked":["Masterful Stab","Outmaneuver"],"picked":"Bane","floor":3},{"not_picked":["Prepared","Quick Slash"],"picked":"PiercingWail","floor":5},{"not_picked":["Skewer","Escape Plan"],"picked":"Noxious Fumes","floor":6},{"not_picked":["Caltrops","Poisoned Stab"],"picked":"Deadly Poison","floor":7},{"not_picked":["Sucker Punch","Deflect"],"picked":"Accuracy","floor":8},{"not_picked":["Deadly Poison","Well Laid Plans"],"picked":"Dagger Spray","floor":10},{"not_picked":["Dagger Throw","Quick Slash","Sucker Punch"],"picked":"SKIP","floor":11},{"not_picked":["Prepared","Dagger Throw"],"picked":"Deadly Poison","floor":14},{"not_picked":["Escape Plan","Concentrate"],"picked":"Bane","floor":15},{"not_picked":["Doppelganger","Malaise"],"picked":"Bullet Time","floor":16},{"not_picked":["Backstab","Poisoned Stab"],"picked":"Crippling Poison","floor":18},{"not_picked":["PiercingWail","Deflect+1"],"picked":"Dagger Spray","floor":23},{"not_picked":["Choke","Slice","Flying Knee"],"picked":"SKIP","floor":25},{"not_picked":["Setup+1","PiercingWail"],"picked":"Deadly Poison","floor":28},{"not_picked":["Choke","Predator"],"picked":"Backstab","floor":30},{"not_picked":["Night Terror","Finisher"],"picked":"Quick Slash+1","floor":32},{"not_picked":["Malaise","Night Terror"],"picked":"Grand Finale","floor":33},{"not_picked":["Accuracy+1"],"picked":"SKIP","floor":35},{"not_picked":[],"picked":"Cloak And Dagger+1","floor":36},{"not_picked":[],"picked":"Dodge and Roll","floor":40},{"not_picked":[],"picked":"Blade Dance+1","floor":44},{"not_picked":["Slice"],"picked":"SKIP","floor":45},{"not_picked":[],"picked":"Footwork","floor":46},{"not_picked":["Blade Dance"],"picked":"SKIP","floor":47},{"not_picked":[],"picked":"PiercingWail","floor":49}],"player_experience":42041,"relics_obtained":[{"floor":6,"key":"Darkstone Periapt"},{"floor":9,"key":"MawBank"},{"floor":21,"key":"Necronomicon"},{"floor":25,"key":"Tiny Chest"},{"floor":26,"key":"WingedGreaves"},{"floor":30,"key":"Nunchaku"},{"floor":36,"key":"Thread and Needle"},{"floor":42,"key":"Ancient Tea Set"},{"floor":43,"key":"Pear"},{"floor":47,"key":"Anchor"}],"event_choices":[{"cards_removed":["Strike_G"],"damage_healed":0,"gold_gain":0,"player_choice":"Card Removal","damage_taken":0,"max_hp_gain":0,"max_hp_loss":0,"event_name":"The Cleric","floor":2,"gold_loss":50},{"damage_healed":0,"gold_gain":0,"cards_transformed":["Strike_G"],"player_choice":"Transformed","damage_taken":0,"max_hp_gain":0,"max_hp_loss":0,"event_name":"Transmorgrifier","floor":4,"gold_loss":0,"cards_obtained":["Well Laid Plans"]},{"damage_healed":0,"gold_gain":75,"player_choice":"Gather Gold","damage_taken":11,"max_hp_gain":0,"max_hp_loss":0,"event_name":"World of Goop","floor":13,"gold_loss":0},{"damage_healed":0,"gold_gain":0,"player_choice":"Ignored","damage_taken":0,"max_hp_gain":0,"max_hp_loss":0,"event_name":"Vampires","floor":19,"gold_loss":0},{"damage_healed":0,"gold_gain":99,"player_choice":"Stole From Cult","damage_taken":0,"max_hp_gain":0,"max_hp_loss":0,"event_name":"Nest","floor":20,"gold_loss":0},{"damage_healed":0,"gold_gain":0,"player_choice":"Obtained Book","damage_taken":16,"max_hp_gain":0,"max_hp_loss":0,"event_name":"Cursed Tome","floor":21,"gold_loss":0},{"damage_healed":0,"gold_gain":0,"player_choice":"Bought 2 Potions","damage_taken":0,"max_hp_gain":0,"max_hp_loss":0,"event_name":"The Woman in Blue","floor":22,"gold_loss":0},{"damage_healed":0,"gold_gain":0,"player_choice":"Fight","damage_taken":0,"max_hp_gain":0,"max_hp_loss":0,"event_name":"Mysterious Sphere","floor":36,"gold_loss":0},{"cards_removed":["PiercingWail"],"damage_healed":0,"gold_gain":0,"player_choice":"Removed Skill","damage_taken":0,"max_hp_gain":0,"max_hp_loss":0,"event_name":"Falling","floor":38,"gold_loss":0},{"damage_healed":0,"gold_gain":0,"player_choice":"Upgraded","damage_taken":0,"max_hp_gain":0,"max_hp_loss":0,"event_name":"Upgrade Shrine","floor":48,"gold_loss":0,"cards_upgraded":["Footwork"]}],"is_beta":false,"boss_relics":[{"not_picked":["Tiny House","Philosopher\u0027s Stone"],"picked":"Velvet Choker"},{"not_picked":["Sozu","Fusion Hammer"],"picked":"Busted Crown"}],"items_purged_floors":[12,37],"is_endless":false,"potions_floor_spawned":[6,8,23,33,47],"killed_by":"Donu and Deca","ascension_level":0}