{"path_per_floor":["M","M","M","M","M","E","M","R","T","R","M","M","?","?","R","B",null,"M","?","$","M","M","E","M","M","T","R","M","R","?","M","R","B",null,"M","?","M","M","?","R","$","M","T","M","M","?","M","?","R","B"],"character_chosen":"THE_SILENT","items_purchased":["Blur","Ice Cream","Happy Flower"],"gold_per_floor":[114,129,144,159,174,204,219,219,244,244,259,274,274,274,274,374,374,389,389,9,24,39,69,84,99,99,99,114,114,114,129,129,229,229,244,244,259,274,274,274,49,64,64,79,94,94,109,109,109,109],"floor_reached":51,"campfire_rested":7,"playtime":3949,"current_hp_per_floor":[70,70,70,59,46,34,34,55,55,70,70,70,56,56,70,56,70,70,70,70,61,48,11,11,8,29,71,60,91,75,79,91,86,91,70,70,61,59,59,93,93,102,102,102,102,102,80,113,113,65],"items_purged":["Pain"],"gold":109,"score":755,"play_id":"1645e2a2-4bb9-422b-813d-9329c8757733","local_time":"20180403134844","daily_mods":["Draft","Lethality","Vintage"],"is_prod":false,"is_daily":true,"is_ascension_mode":false,"campfire_upgraded":1,"timestamp":1522759724,"path_taken":["M","M","M","M","M","E","M","R","T","R","M","M","?","?","R","BOSS","M","?","$","M","M","E","M","M","T","R","M","R","?","M","R","BOSS","M","?","M","M","?","R","$","M","T","M","M","?","M","?","R","BOSS"],"build_version":"2018-03-29v2","purchased_purges":1,"victory":true,"master_deck":["Backflip","Deadly Poison","Flying Knee","Deadly Poison","Deadly Poison+1","Quick Slash","Footwork","Prepared","Deadly Poison+1","Poisoned Stab","Backstab","Footwork","Flying Knee","Predator","Dodge and Roll","Leg Sweep","Bouncing Flask","Cloak And Dagger+1","Corpse Explosion","PiercingWail","Prepared","Prepared+1","Deflect","Blur","Accuracy","Cloak And Dagger+1","Necronomicurse","Blur","Noxious Fumes+1"],"max_hp_per_floor":[70,70,70,70,70,70,70,70,70,70,70,70,70,70,70,70,70,70,70,70,70,70,70,70,70,91,91,91,91,91,91,91,91,91,91,91,91,91,91,93,93,103,103,103,103,103,103,113,113,113],"relics":["Ring of the Snake","Dodecahedron","Kunai","Matryoshka","Dream Catcher","Girya","Toolbox","Snake Skull","Anchor","Regal Pillow","Orichalcum","Gremlin Horn","Bag of Preparation","Orrery","Juzu Bracelet","Ice Cream","Centennial Puzzle","War Paint","Bag of Marbles","Art of War","Bottled Flame","Strawberry","Mango","Pen Nib","Necronomicon","Blue Candle","Omamori","Calling Bell","Meat on the Bone","Vajra","Singing Bowl","Prayer Wheel","Mercury Hourglass","Ancient Tea Set","Happy Flower","Pear","Oddly Smooth Stone","Torii","Ornamental Fan","Letter Opener"],"card_choices":[{"not_picked":["Endless Agony","Skewer"],"picked":"Backflip","floor":0},{"not_picked":["Prepared","Slice"],"picked":"Deadly Poison","floor":0},{"not_picked":["Bane","Dagger Spray"],"picked":"Flying Knee","floor":0},{"not_picked":["Acrobatics","Cloak And Dagger"],"picked":"Deadly Poison","floor":0},{"not_picked":["Flying Knee","Concentrate"],"picked":"Deadly Poison","floor":0},{"not_picked":["Prepared","Acrobatics"],"picked":"Sucker Punch","floor":0},{"not_picked":["Deflect","PiercingWail"],"picked":"Quick Slash","floor":0},{"not_picked":["Bane","Underhanded Strike"],"picked":"Footwork","floor":0},{"not_picked":["Endless Agony","Terror"],"picked":"Prepared","floor":0},{"not_picked":["Reflex","Dodge and Roll"],"picked":"Deadly Poison","floor":0},{"not_picked":["Slice","Prepared"],"picked":"Poisoned Stab","floor":0},{"not_picked":["Sucker Punch","Quick Slash"],"picked":"Backstab","floor":0},{"not_picked":["Dagger Spray","Dodge and Roll"],"picked":"Footwork","floor":0},{"not_picked":["Deadly Poison","PiercingWail"],"picked":"Flying Knee","floor":0},{"not_picked":["Slice","Sucker Punch"],"picked":"Predator","floor":0},{"not_picked":["Cloak And Dagger","Deadly Poison"],"picked":"Dodge and Roll","floor":6},{"not_picked":["Cloak And Dagger","Bane"],"picked":"Leg Sweep","floor":8},{"not_picked":["Flying Knee","Eviscerate"],"picked":"Bouncing Flask","floor":10},{"not_picked":["Bane","Flying Knee"],"picked":"Cloak And Dagger","floor":15},{"not_picked":["Phantasmal Killer","Tactician"],"picked":"Corpse Explosion","floor":16},{"not_picked":["Accuracy","Underhanded Strike"],"picked":"PiercingWail","floor":17},{"not_picked":["Acrobatics","Quick Slash"],"picked":"Prepared","floor":17},{"not_picked":["Bane","Deadly Poison"],"picked":"Prepared","floor":17},{"not_picked":["Deadly Poison","Dodge and Roll"],"picked":"Deflect","floor":17},{"not_picked":["Burst","Deadly Poison"],"picked":"Accuracy","floor":23},{"not_picked":["Quick Slash","Underhanded Strike"],"picked":"Cloak And Dagger","floor":27},{"not_picked":["PiercingWail","Slice"],"picked":"Blur","floor":32},{"not_picked":["Glass Knife","Tactician"],"picked":"After Image","floor":33},{"not_picked":["Endless Agony","Choke"],"picked":"Noxious Fumes","floor":43}],"player_experience":192160,"potions_floor_usage":[6,16,18,22,23,25,25,33,33,45,50,50],"damage_taken":[{"damage":0,"enemies":"Jaw Worm","floor":1,"turns":1},{"damage":0,"enemies":"Small Slimes","floor":2,"turns":1},{"damage":0,"enemies":"2 Louse","floor":3,"turns":1},{"damage":11,"enemies":"Exordium Thugs","floor":4,"turns":2},{"damage":13,"enemies":"Looter","floor":5,"turns":2},{"damage":12,"enemies":"Gremlin Nob","floor":6,"turns":3},{"damage":0,"enemies":"2 Fungi Beasts","floor":7,"turns":2},{"damage":0,"enemies":"Exordium Thugs","floor":11,"turns":2},{"damage":0,"enemies":"Exordium Wildlife","floor":12,"turns":2},{"damage":14,"enemies":"The Guardian","floor":16,"turns":5},{"damage":0,"enemies":"Shell Parasite","floor":18,"turns":2},{"damage":9,"enemies":"3 Byrds","floor":21,"turns":3},{"damage":13,"enemies":"Snake Plant","floor":22,"turns":3},{"damage":37,"enemies":"Book of Stabbing","floor":23,"turns":6},{"damage":0,"enemies":"Snecko","floor":24,"turns":4},{"damage":3,"enemies":"3 Cultists","floor":25,"turns":6},{"damage":11,"enemies":"Centurion and Healer","floor":28,"turns":4},{"damage":0,"enemies":"Snecko","floor":31,"turns":3},{"damage":5,"enemies":"Automaton","floor":33,"turns":9},{"damage":21,"enemies":"3 Darklings","floor":35,"turns":5},{"damage":9,"enemies":"Orb Walker","floor":37,"turns":3},{"damage":2,"enemies":"4 Shapes","floor":38,"turns":4},{"damage":1,"enemies":"3 Darklings","floor":42,"turns":3},{"damage":0,"enemies":"Sphere and 2 Shapes","floor":44,"turns":2},{"damage":0,"enemies":"4 Shapes","floor":45,"turns":3},{"damage":22,"enemies":"Maw","floor":47,"turns":5},{"damage":48,"enemies":"Time Eater","floor":50,"turns":10}],"event_choices":[{"event_name":"Shining Light","player_choice":"Entered Light","floor":13,"damage_taken":0},{"event_name":"Golden Idol","player_choice":"Ignored","floor":14,"damage_taken":0},{"event_name":"Accursed Blacksmith","player_choice":"Ignore","floor":19,"damage_taken":0},{"event_name":"Cursed Tome","player_choice":"Obtained Book","floor":30,"damage_taken":0},{"event_name":"Tomb of Lord Red Mask","player_choice":"Ignored","floor":36,"damage_taken":0},{"event_name":"Mysterious Sphere","player_choice":"Ignore","floor":46,"damage_taken":0},{"event_name":"Bonfire Elementals","player_choice":"RARE","floor":48,"damage_taken":0}],"boss_relics":[{"not_picked":["Pandora\u0027s Box","Ectoplasm"],"picked":"Orrery"},{"not_picked":["Runic Pyramid","Runic Dome"],"picked":"Calling Bell"}],"potions_floor_spawned":[1,4,7,12,21,23,24,25,28,42,44,47],"seed_played":"-1662538699464581521","ascension_level":0,"is_trial":false}