{"gold_per_floor":[118,137,137,151,169,169,187,214,285,312,312,325,325,387,387,492,492,503,240,165,179,197,197,228,228,240,272,284,307,347,359,371,484,496,520,532,544,566,596,641,653,679,717,729,741],"floor_reached":45,"playtime":4212,"items_purged":["Strike_G"],"score":594,"play_id":"404f6761-58fb-4e62-99af-516a9fa8dd0b","local_time":"20190105184415","is_ascension_mode":true,"campfire_choices":[{"data":"Deflect","floor":6,"key":"SMITH"},{"floor":11,"key":"REST"},{"data":"Cloak And Dagger","floor":13,"key":"SMITH"},{"data":"Tools of the Trade","floor":15,"key":"SMITH"},{"data":"Footwork","floor":23,"key":"SMITH"},{"floor":25,"key":"DIG"},{"data":"Leg Sweep","floor":32,"key":"SMITH"},{"data":"Storm of Steel","floor":41,"key":"SMITH"}],"neow_cost":"NONE","seed_source_timestamp":107532991942396,"circlet_count":0,"master_deck":["Defend_G","Defend_G","Defend_G","Defend_G","Defend_G","Survivor","Neutralize+1","All Out Attack","Deflect+1","Cloak And Dagger+1","Tools of the Trade+1","Backstab","Die Die Die","Calculated Gamble","Noxious Fumes","Adrenaline","Footwork+1","Flying Knee","Dodge and Roll","Poisoned Stab","Prepared","Crippling Poison","Bite","Bite","Bite","Bite","Bite","Storm of Steel+1","Leg Sweep+1","Backflip","Reflex","Parasite","Outmaneuver+1"],"relics":["Ring of the Snake","Tingsha","Singing Bowl","Shovel","Smiling Mask","Runic Pyramid","Pen Nib","MawBank","Boot","Unceasing Top","Girya","Bronze Scales"],"potions_floor_usage":[10,14,30,33,42,45],"damage_taken":[{"damage":2,"enemies":"Jaw Worm","floor":1,"turns":5},{"damage":0,"enemies":"Small Slimes","floor":2,"turns":3},{"damage":0,"enemies":"2 Louse","floor":4,"turns":2},{"damage":2,"enemies":"Exordium Wildlife","floor":5,"turns":4},{"damage":0,"enemies":"Blue Slaver","floor":7,"turns":4},{"damage":25,"enemies":"Lagavulin","floor":8,"turns":7},{"damage":12,"enemies":"Gremlin Nob","floor":10,"turns":4},{"damage":0,"enemies":"Looter","floor":12,"turns":2},{"damage":6,"enemies":"3 Sentries","floor":14,"turns":3},{"damage":19,"enemies":"Slime Boss","floor":16,"turns":9},{"damage":0,"enemies":"Spheric Guardian","floor":18,"turns":3},{"damage":1,"enemies":"Shell Parasite","floor":21,"turns":7},{"damage":7,"enemies":"Centurion and Healer","floor":22,"turns":6},{"damage":26,"enemies":"Slavers","floor":24,"turns":6},{"damage":7,"enemies":"Snake Plant","floor":27,"turns":4},{"damage":10,"enemies":"3 Cultists","floor":29,"turns":4},{"damage":2,"enemies":"Gremlin Leader","floor":30,"turns":6},{"damage":11,"enemies":"Automaton","floor":33,"turns":11},{"damage":18,"enemies":"3 Darklings","floor":35,"turns":4},{"damage":1,"enemies":"3 Shapes","floor":38,"turns":4},{"damage":5,"enemies":"Writhing Mass","floor":39,"turns":8},{"damage":15,"enemies":"Nemesis","floor":40,"turns":5},{"damage":23,"enemies":"Transient","floor":42,"turns":5},{"damage":26,"enemies":"Spire Growth","floor":45,"turns":5}],"seed_played":"-3693661464053285178","potions_obtained":[{"floor":1,"key":"Regen Potion"},{"floor":2,"key":"Swift Potion"},{"floor":5,"key":"Block Potion"},{"floor":14,"key":"Explosive Potion"},{"floor":16,"key":"Energy Potion"},{"floor":30,"key":"Ancient Potion"},{"floor":38,"key":"GhostInAJar"},{"floor":39,"key":"Weak Potion"}],"is_trial":false,"path_per_floor":["M","M","?","M","M","R","M","E","T","E","R","M","R","?","R","B",null,"M","$","?","M","M","R","E","R","T","M","?","M","E","?","R","B",null,"M","?","?","M","M","E","R","M","T","?","M"],"character_chosen":"THE_SILENT","items_purchased":["Footwork","Concentrate","Flying Knee","Dodge and Roll"],"campfire_rested":1,"item_purchase_floors":[19,19,19,19],"current_hp_per_floor":[68,68,54,54,52,52,52,27,27,15,36,38,38,41,41,22,72,74,74,74,73,66,66,42,42,42,35,35,35,39,39,39,44,55,41,41,41,44,49,36,36,17,17,17,0],"gold":741,"neow_bonus":"UPGRADE_CARD","is_prod":false,"is_daily":false,"chose_seed":false,"campfire_upgraded":6,"win_rate":0,"timestamp":1546735455,"path_taken":["M","M","?","M","M","R","M","E","T","E","R","M","R","?","R","BOSS","M","$","?","M","M","R","E","R","T","M","?","M","E","?","R","BOSS","M","?","?","M","M","E","R","M","T","?","M"],"build_version":"2019-01-03v4","purchased_purges":1,"victory":false,"max_hp_per_floor":[70,70,70,70,70,70,70,70,70,70,70,72,72,72,72,72,72,74,74,74,74,74,74,76,76,76,76,53,53,53,53,53,55,55,57,54,54,54,56,56,56,58,58,58,58],"card_choices":[{"not_picked":["Prepared","Blade Dance"],"picked":"All Out Attack","floor":1},{"not_picked":["Bane","Poisoned Stab"],"picked":"Deflect","floor":2},{"not_picked":["Quick Slash","Riddle With Holes"],"picked":"Cloak And Dagger","floor":4},{"not_picked":["All Out Attack","Deadly Poison"],"picked":"Tools of the Trade","floor":5},{"not_picked":["Acrobatics","Poisoned Stab"],"picked":"Backstab","floor":7},{"not_picked":["Burst","Expertise"],"picked":"Die Die Die","floor":8},{"not_picked":["Accuracy","Heel Hook"],"picked":"Calculated Gamble","floor":10},{"not_picked":["Deadly Poison","Blade Dance","Skewer"],"picked":"Singing Bowl","floor":12},{"not_picked":["Infinite Blades","Dagger Throw"],"picked":"Noxious Fumes","floor":14},{"not_picked":["Burst","Malaise"],"picked":"Adrenaline","floor":16},{"not_picked":["Expertise","Bane","Poisoned Stab"],"picked":"Singing Bowl","floor":18},{"not_picked":["Slice","Quick Slash+1"],"picked":"Poisoned Stab","floor":21},{"not_picked":["Deadly Poison+1","Leg Sweep"],"picked":"Prepared","floor":22},{"not_picked":["Dodge and Roll","Bouncing Flask","Concentrate"],"picked":"Singing Bowl","floor":24},{"not_picked":["Poisoned Stab","PiercingWail"],"picked":"Crippling Poison","floor":27},{"not_picked":["Dagger Spray","Deadly Poison"],"picked":"Storm of Steel","floor":29},{"not_picked":["Eviscerate","Cloak And Dagger"],"picked":"Leg Sweep","floor":30},{"not_picked":["Wraith Form v2","Glass Knife","Doppelganger"],"picked":"Singing Bowl","floor":33},{"not_picked":["Blade Dance","Bouncing Flask","Cloak And Dagger"],"picked":"Singing Bowl","floor":35},{"not_picked":["Noxious Fumes","Cloak And Dagger+1"],"picked":"Reflex","floor":38},{"not_picked":["Distraction+1","Reflex","Acrobatics+1"],"picked":"Singing Bowl","floor":39},{"not_picked":["Bane","Well Laid Plans+1"],"picked":"Outmaneuver+1","floor":40},{"not_picked":["Concentrate+1","PiercingWail","Crippling Poison+1"],"picked":"Singing Bowl","floor":42}],"player_experience":310718,"relics_obtained":[{"floor":8,"key":"Tingsha"},{"floor":9,"key":"Singing Bowl"},{"floor":10,"key":"Shovel"},{"floor":14,"key":"Smiling Mask"},{"floor":24,"key":"Pen Nib"},{"floor":25,"key":"MawBank"},{"floor":26,"key":"Boot"},{"floor":30,"key":"Unceasing Top"},{"floor":40,"key":"Girya"},{"floor":43,"key":"Bronze Scales"}],"event_choices":[{"damage_healed":0,"gold_gain":0,"player_choice":"Entered Light","damage_taken":14,"max_hp_gain":0,"max_hp_loss":0,"event_name":"Shining Light","floor":3,"gold_loss":0,"cards_upgraded":["Strike_G","Strike_G"]},{"damage_healed":0,"gold_gain":0,"player_choice":"Searched \u00271\u0027 times","damage_taken":0,"max_hp_gain":0,"max_hp_loss":0,"event_name":"Dead Adventurer","floor":14,"gold_loss":0},{"cards_removed":["Strike_G"],"damage_healed":0,"gold_gain":0,"player_choice":"Gave Gold","damage_taken":0,"max_hp_gain":0,"max_hp_loss":0,"event_name":"Beggar","floor":20,"gold_loss":75},{"damage_healed":0,"gold_gain":0,"player_choice":"Became a vampire","damage_taken":0,"max_hp_gain":0,"max_hp_loss":23,"event_name":"Vampires","floor":28,"gold_loss":0,"cards_obtained":["Bite","Bite","Bite","Bite","Bite"]},{"damage_healed":0,"gold_gain":0,"player_choice":"Read","damage_taken":0,"max_hp_gain":0,"max_hp_loss":0,"event_name":"The Library","floor":31,"gold_loss":0,"cards_obtained":["Backflip"]},{"damage_healed":0,"gold_gain":0,"player_choice":"Max HP","damage_taken":0,"max_hp_gain":0,"max_hp_loss":3,"event_name":"Winding Halls","floor":36,"gold_loss":0},{"damage_healed":0,"gold_gain":0,"player_choice":"Ignored","damage_taken":0,"max_hp_gain":0,"max_hp_loss":0,"event_name":"Tomb of Lord Red Mask","floor":37,"gold_loss":0},{"cards_removed":["Concentrate"],"damage_healed":0,"gold_gain":0,"player_choice":"Removed Skill","damage_taken":0,"max_hp_gain":0,"max_hp_loss":0,"event_name":"Falling","floor":44,"gold_loss":0}],"is_beta":false,"boss_relics":[{"not_picked":["White Beast Statue","Sozu"],"picked":"Runic Pyramid"},{"not_picked":["Coffee Dripper","Busted Crown","Snecko Eye"]}],"items_purged_floors":[19],"is_endless":false,"potions_floor_spawned":[1,2,5,14,16,24,27,30,38,39,40],"killed_by":"Spire Growth","ascension_level":3}