{"gold_per_floor":[116,129,144,144,157,190,202,154,234,247,262,262,273,284,284,384,434,408,408,420,420],"floor_reached":21,"playtime":2105,"items_purged":[],"score":187,"play_id":"e0eed2cf-ef08-45e0-b3e5-45dc0ad22a97","local_time":"20181223093258","is_ascension_mode":false,"campfire_choices":[{"floor":12.0,"key":"REST"},{"floor":15.0,"key":"REST"}],"neow_cost":"NONE","seed_source_timestamp":0,"circlet_count":0,"master_deck":["Defend_G","Defend_G","Defend_G","Defend_G","Defend_G","Strike_G","Strike_G","Strike_G","Strike_G","Strike_G+1","Survivor","Neutralize+1","Caltrops","Infinite Blades","Deflect","Backstab","Noxious Fumes","Blur","Flying Knee","Poisoned Stab","Die Die Die","Deadly Poison","Outmaneuver","A Thousand Cuts","Infinite Blades","Endless Agony","Well Laid Plans"],"special_seed":0,"relics":["Ring of the Snake","NeowsBlessing","Oddly Smooth Stone","Darkstone Periapt","Tiny House"],"potions_floor_usage":[20,20],"damage_taken":[{"damage":0.0,"enemies":"Jaw Worm","floor":1.0,"turns":1.0},{"damage":0.0,"enemies":"Cultist","floor":2.0,"turns":1.0},{"damage":0.0,"enemies":"Small Slimes","floor":3.0,"turns":1.0},{"damage":0.0,"enemies":"3 Louse","floor":5.0,"turns":5.0},{"damage":32.0,"enemies":"3 Sentries","floor":6.0,"turns":9.0},{"damage":3.0,"enemies":"Blue Slaver","floor":7.0,"turns":4.0},{"damage":0.0,"enemies":"2 Fungi Beasts","floor":10.0,"turns":4.0},{"damage":9.0,"enemies":"Large Slime","floor":11.0,"turns":6.0},{"damage":11.0,"enemies":"Exordium Thugs","floor":13.0,"turns":3.0},{"damage":14.0,"enemies":"3 Louse","floor":14.0,"turns":3.0},{"damage":5.0,"enemies":"Hexaghost","floor":16.0,"turns":8.0},{"damage":20.0,"enemies":"2 Thieves","floor":18.0,"turns":5.0},{"damage":32,"enemies":"Spheric Guardian","floor":20,"turns":6},{"damage":30,"enemies":"Snake Plant","floor":21,"turns":4}],"seed_played":"4691456245000337524","potions_obtained":[{"floor":2.0,"key":"Poison Potion"},{"floor":3.0,"key":"EssenceOfSteel"},{"floor":5.0,"key":"LiquidBronze"},{"floor":16.0,"key":"Dexterity Potion"},{"floor":17.0,"key":"SpeedPotion"},{"floor":18.0,"key":"EssenceOfSteel"},{"floor":19.0,"key":"FairyPotion"},{"floor":20,"key":"Regen Potion"}],"is_trial":false,"path_per_floor":["M","M","M","?","M","E","M","$","T","M","M","R","M","M","R","B",null,"M","?","M","M"],"character_chosen":"THE_SILENT","items_purchased":["Flying Knee"],"campfire_rested":2,"item_purchase_floors":[8],"current_hp_per_floor":[70,70,70,70,70,38,35,35,35,35,26,47,36,22,43,38,75,55,55,23,0],"gold":420,"neow_bonus":"THREE_ENEMY_KILL","is_prod":false,"is_daily":false,"chose_seed":false,"campfire_upgraded":0,"win_rate":0.0,"timestamp":1545579178,"path_taken":["M","M","M","?","M","E","?","?","T","M","M","R","M","M","R","BOSS","M","?","?","M"],"build_version":"2018-12-20","purchased_purges":0,"victory":false,"max_hp_per_floor":[70,70,70,70,70,70,70,70,70,70,70,70,70,70,70,70,75,75,75,75,75],"card_choices":[{"not_picked":["Quick Slash","Choke"],"picked":"Caltrops","floor":1.0},{"not_picked":["Skewer","Slice"],"picked":"Infinite Blades","floor":2.0},{"not_picked":["All Out Attack","Masterful Stab"],"picked":"Deflect","floor":3.0},{"not_picked":["Predator","Acrobatics"],"picked":"Backstab","floor":5.0},{"not_picked":["Blade Dance","Deadly Poison"],"picked":"Noxious Fumes","floor":6.0},{"not_picked":["Noxious Fumes","Flechettes"],"picked":"Blur","floor":7.0},{"not_picked":["Acrobatics","Dodge and Roll"],"picked":"Poisoned Stab","floor":10.0},{"not_picked":["Tactician","Deflect"],"picked":"Die Die Die","floor":11.0},{"not_picked":["Sucker Punch","Prepared"],"picked":"Deadly Poison","floor":13.0},{"not_picked":["Expertise","Deflect"],"picked":"Outmaneuver","floor":14.0},{"not_picked":["Tools of the Trade","Doppelganger"],"picked":"A Thousand Cuts","floor":16.0},{"not_picked":["Flechettes","Dagger Spray"],"picked":"Infinite Blades","floor":17.0},{"not_picked":["Deflect","Backflip"],"picked":"Endless Agony","floor":18.0},{"not_picked":["Blade Dance+1","Backflip"],"picked":"Well Laid Plans","floor":20}],"player_experience":2272,"relics_obtained":[{"floor":6.0,"key":"Oddly Smooth Stone"},{"floor":9.0,"key":"Darkstone Periapt"}],"event_choices":[{"damage_healed":0.0,"max_hp_gain":0.0,"max_hp_loss":0.0,"gold_gain":0.0,"event_name":"Accursed Blacksmith","player_choice":"Forge","floor":4.0,"gold_loss":0.0,"damage_taken":0.0,"cards_upgraded":["Neutralize"]},{"damage_healed":0.0,"max_hp_gain":0.0,"max_hp_loss":0.0,"gold_gain":0.0,"event_name":"Lab","player_choice":"Got Potions","floor":19.0,"gold_loss":0.0,"damage_taken":0.0}],"is_beta":false,"boss_relics":[{"not_picked":["Fusion Hammer","Astrolabe"],"picked":"Tiny House"}],"items_purged_floors":[],"is_endless":false,"potions_floor_spawned":[2,3,5,6,11,13,16,18,20],"killed_by":"Snake Plant","ascension_level":0}