{"gold_per_floor":[119,20,30,30,30,62,76,76,124,141,173,191,191,206,206,310,310,298,37,57,57,57,83,83],"floor_reached":24,"playtime":1392,"items_purged":[],"score":260,"play_id":"2eba5ba7-dd77-4d98-a11a-0d95b7492393","local_time":"20190130190551","is_ascension_mode":true,"campfire_choices":[{"floor":8,"key":"REST"},{"floor":15,"key":"REST"}],"neow_cost":"NONE","seed_source_timestamp":1820973698943589,"circlet_count":0,"master_deck":["Strike_B","Strike_B+1","Strike_B+1","Defend_B","Defend_B","Defend_B","Defend_B","Zap","Dualcast","Impatience","BootSequence+1","Gash","Redo+1","Beam Cell","Creative AI","Compile Driver","Ball Lightning","Go for the Eyes","Auto Shields+1","Leap","Buffer","Chill","Lockon+1","Writhe","BootSequence+1"],"relics":["Cracked Core","Smiling Mask","DataDisk","Bottled Lightning","Black Star","Mercury Hourglass","War Paint","Omamori","Dream Catcher"],"potions_floor_usage":[6,6,11,16,23],"damage_taken":[{"damage":0,"enemies":"Small Slimes","floor":1,"turns":4},{"damage":0,"enemies":"2 Louse","floor":3,"turns":2},{"damage":17,"enemies":"Gremlin Nob","floor":6,"turns":3},{"damage":1,"enemies":"Cultist","floor":7,"turns":3},{"damage":0,"enemies":"Looter","floor":10,"turns":2},{"damage":26,"enemies":"Lagavulin","floor":11,"turns":5},{"damage":1,"enemies":"Red Slaver","floor":12,"turns":2},{"damage":0,"enemies":"Exordium Thugs","floor":14,"turns":4},{"damage":38,"enemies":"The Guardian","floor":16,"turns":11},{"damage":17,"enemies":"2 Thieves","floor":18,"turns":4},{"damage":3,"enemies":"Shell Parasite","floor":20,"turns":5},{"damage":35,"enemies":"Gremlin Leader","floor":23,"turns":9},{"damage":32,"enemies":"3 Cultists","floor":24,"turns":4}],"seed_played":"-809525972849894852","potions_obtained":[{"floor":1,"key":"AttackPotion"},{"floor":3,"key":"FocusPotion"},{"floor":6,"key":"Dexterity Potion"},{"floor":14,"key":"Dexterity Potion"},{"floor":18,"key":"Regen Potion"}],"is_trial":false,"path_per_floor":["M","$","M","?","?","E","M","R","T","M","E","M","?","M","R","B",null,"M","$","M","?","?","E","M"],"character_chosen":"DEFECT","items_purchased":["Gash","Redo","Mercury Hourglass"],"campfire_rested":2,"item_purchase_floors":[2,2,19],"current_hp_per_floor":[75,75,75,60,60,43,42,64,64,64,38,37,37,37,59,21,75,58,58,55,55,41,21,0],"gold":83,"neow_bonus":"RANDOM_COLORLESS","is_prod":false,"is_daily":false,"chose_seed":false,"campfire_upgraded":0,"win_rate":0,"timestamp":1548882351,"path_taken":["M","$","M","?","?","E","M","R","T","?","E","M","?","M","R","BOSS","M","$","M","?","?","E","?"],"build_version":"2019-01-23","purchased_purges":0,"victory":false,"max_hp_per_floor":[75,75,75,75,75,75,75,75,75,75,75,75,75,75,75,75,75,75,75,75,75,80,80,80],"card_choices":[{"not_picked":["Aggregate","Blizzard"],"picked":"BootSequence","floor":1},{"not_picked":["BootSequence","Barrage"],"picked":"Beam Cell","floor":3},{"not_picked":["All For One","Steam Power"],"picked":"Creative AI","floor":6},{"not_picked":["Stack","Capacitor"],"picked":"Compile Driver","floor":7},{"not_picked":["Aggregate","Rebound"],"picked":"Ball Lightning","floor":10},{"not_picked":["Loop","Ball Lightning"],"picked":"Go for the Eyes","floor":11},{"not_picked":["Recycle","Rebound","Beam Cell"],"picked":"SKIP","floor":12},{"not_picked":["Blizzard","Coolheaded"],"picked":"Leap","floor":14},{"not_picked":["Seek","Fission"],"picked":"Buffer","floor":16},{"not_picked":["Compile Driver","Redo"],"picked":"Chill","floor":18},{"not_picked":["Loop","Undo+1"],"picked":"Lockon+1","floor":20},{"not_picked":["Barrage","Double Energy+1"],"picked":"BootSequence+1","floor":23}],"player_experience":87923,"relics_obtained":[{"floor":6,"key":"Smiling Mask"},{"floor":9,"key":"DataDisk"},{"floor":11,"key":"Bottled Lightning"},{"floor":23,"key":"Omamori"},{"floor":23,"key":"Dream Catcher"}],"event_choices":[{"damage_healed":0,"gold_gain":0,"player_choice":"Entered Light","damage_taken":15,"max_hp_gain":0,"max_hp_loss":0,"event_name":"Shining Light","floor":4,"gold_loss":0,"cards_upgraded":["Strike_B","Strike_B"]},{"damage_healed":0,"gold_gain":0,"player_choice":"Upgraded","damage_taken":0,"max_hp_gain":0,"max_hp_loss":0,"event_name":"Upgrade Shrine","floor":5,"gold_loss":0,"cards_upgraded":["BootSequence"]},{"damage_healed":0,"gold_gain":0,"cards_transformed":["Strike_B"],"player_choice":"Transformed","damage_taken":0,"max_hp_gain":0,"max_hp_loss":0,"event_name":"Transmorgrifier","floor":13,"gold_loss":0,"cards_obtained":["Auto Shields"]},{"damage_healed":0,"gold_gain":0,"player_choice":"Opened","damage_taken":0,"relics_obtained":["War Paint"],"max_hp_gain":0,"max_hp_loss":0,"event_name":"The Mausoleum","floor":21,"gold_loss":0,"cards_obtained":["Writhe"]},{"damage_healed":0,"gold_gain":0,"player_choice":"Shed Blood","damage_taken":19,"max_hp_gain":5,"max_hp_loss":0,"event_name":"Forgotten Altar","floor":22,"gold_loss":0}],"is_beta":false,"boss_relics":[{"not_picked":["Velvet Choker","Pandora\u0027s Box"],"picked":"Black Star"}],"items_purged_floors":[],"is_endless":false,"potions_floor_spawned":[1,3,6,14,18],"killed_by":"3 Cultists","ascension_level":3}