{"gold_per_floor":[115,115,132,182,199,230,230,256,256,256,284,299,310,344,344,419,419,436,449,374,374,14,14,64,80,80,97,132,164,176,213,225,314,326,357,369,397,166,179,179],"floor_reached":40,"playtime":2977,"items_purged":["Strike_R+1"],"score":936,"play_id":"c8a57727-ab2c-43c8-bdd1-8ba1f999553e","local_time":"20190120195959","is_ascension_mode":true,"campfire_choices":[{"data":"Bash","floor":7.0,"key":"SMITH"},{"data":"Twin Strike","floor":10.0,"key":"SMITH"},{"data":"Armaments","floor":15.0,"key":"SMITH"},{"data":"Combust","floor":23.0,"key":"SMITH"},{"data":"Rupture","floor":30.0,"key":"SMITH"},{"floor":32.0,"key":"REST"}],"neow_cost":"TEN_PERCENT_HP_LOSS","seed_source_timestamp":439667916412502,"circlet_count":0,"master_deck":["AscendersBane","Strike_R+1","Defend_R","Defend_R","Defend_R","Defend_R","Bash+1","Twin Strike+1","Battle Trance","Combust+1","Armaments+1","Shockwave","Flame Barrier","Fiend Fire","Brutality+1","Shrug It Off+1","Uppercut+1","Flame Barrier","True Grit+1","Spot Weakness","Shrug It Off","True Grit","Rupture+1","Seeing Red+1","Dark Embrace","Shrug It Off+1","Sword Boomerang","Flame Barrier+1"],"special_seed":0,"relics":["Burning Blood","Pocketwatch","Bird Faced Urn","Matryoshka","Omamori","Prayer Wheel","Happy Flower","Whetstone","Astrolabe","Meat on the Bone","Mercury Hourglass","Paper Frog","MawBank","Toxic Egg 2","Coffee Dripper","Strawberry"],"potions_floor_usage":[40,40],"damage_taken":[{"damage":1.0,"enemies":"Small Slimes","floor":1.0,"turns":4.0},{"damage":0.0,"enemies":"Cultist","floor":3.0,"turns":2.0},{"damage":4.0,"enemies":"Jaw Worm","floor":5.0,"turns":4.0},{"damage":8.0,"enemies":"Gremlin Nob","floor":6.0,"turns":3.0},{"damage":20.0,"enemies":"Lagavulin","floor":8.0,"turns":3.0},{"damage":32.0,"enemies":"Gremlin Nob","floor":11.0,"turns":4.0},{"damage":0.0,"enemies":"2 Fungi Beasts","floor":12.0,"turns":3.0},{"damage":2.0,"enemies":"3 Louse","floor":13.0,"turns":5.0},{"damage":18.0,"enemies":"Lagavulin","floor":14.0,"turns":4.0},{"damage":5.0,"enemies":"Slime Boss","floor":16.0,"turns":5.0},{"damage":5.0,"enemies":"3 Byrds","floor":18.0,"turns":3.0},{"damage":12.0,"enemies":"Shell Parasite","floor":19.0,"turns":4.0},{"damage":16.0,"enemies":"Snake Plant","floor":25.0,"turns":3.0},{"damage":12.0,"enemies":"Centurion and Healer","floor":27.0,"turns":6.0},{"damage":49.0,"enemies":"Book of Stabbing","floor":28.0,"turns":8.0},{"damage":1.0,"enemies":"Snecko","floor":29.0,"turns":2.0},{"damage":37.0,"enemies":"Slavers","floor":31.0,"turns":5.0},{"damage":49.0,"enemies":"Automaton","floor":33.0,"turns":5.0},{"damage":28.0,"enemies":"3 Darklings","floor":35.0,"turns":5.0},{"damage":8,"enemies":"3 Shapes","floor":37,"turns":5},{"damage":32,"enemies":"3 Darklings","floor":39,"turns":5},{"damage":61,"enemies":"Reptomancer","floor":40,"turns":6}],"seed_played":"-4581219255025639734","potions_obtained":[{"floor":1.0,"key":"GamblersBrew"},{"floor":5.0,"key":"SteroidPotion"},{"floor":11.0,"key":"Block Potion"},{"floor":14.0,"key":"SteroidPotion"},{"floor":28.0,"key":"LiquidBronze"},{"floor":33.0,"key":"LiquidBronze"}],"is_trial":false,"path_per_floor":["M","?","M","?","M","E","R","E","T","R","E","M","M","E","R","B",null,"M","M","?","?","$","R","?","M","T","M","E","M","R","E","R","B",null,"M","?","M","$","M","E"],"character_chosen":"IRONCLAD","items_purchased":["Spot Weakness","Meat on the Bone","Strawberry"],"campfire_rested":1,"item_purchase_floors":[22,22,38],"current_hp_per_floor":[68,73,73,73,73,71,71,57,57,57,31,37,41,31,31,34,63,68,66,66,66,66,66,66,60,60,56,29,48,48,35,56,29,62,46,46,52,59,53,0],"gold":179,"neow_bonus":"ONE_RARE_RELIC","is_prod":false,"is_daily":false,"chose_seed":false,"campfire_upgraded":5,"win_rate":0,"timestamp":1548010799,"path_taken":["M","?","M","?","M","E","R","E","T","R","E","M","M","E","R","BOSS","M","M","?","?","$","R","?","M","T","M","E","M","R","E","R","BOSS","M","?","M","$","M","E"],"build_version":"2019-01-17v2","purchased_purges":1,"victory":false,"max_hp_per_floor":[68,73,73,73,73,73,73,73,73,73,73,73,73,73,73,73,73,73,73,73,73,73,73,73,73,73,73,73,73,73,73,73,73,73,73,73,73,80,80,80],"card_choices":[{"not_picked":["Shockwave","Heavy Blade"],"picked":"Twin Strike","floor":1.0},{"not_picked":["Rupture","Intimidate","Cleave"],"picked":"SKIP","floor":3.0},{"not_picked":["Evolve","Havoc"],"picked":"Perfected Strike","floor":5.0},{"not_picked":["Heavy Blade","Dual Wield","Anger"],"picked":"SKIP","floor":6.0},{"not_picked":["Body Slam","Havoc","Pommel Strike"],"picked":"SKIP","floor":8.0},{"not_picked":["Twin Strike","Power Through"],"picked":"Battle Trance","floor":11.0},{"not_picked":["Blood for Blood","Havoc"],"picked":"Combust","floor":12.0},{"not_picked":["Battle Trance","Anger"],"picked":"Armaments","floor":12.0},{"not_picked":["Headbutt","Seeing Red"],"picked":"Shockwave","floor":13.0},{"not_picked":["Anger","Wild Strike","Flex"],"picked":"SKIP","floor":13.0},{"not_picked":["Whirlwind","Clash"],"picked":"Flame Barrier","floor":14.0},{"not_picked":["Berserk","Exhume"],"picked":"Fiend Fire","floor":16.0},{"not_picked":["Sword Boomerang","Anger"],"picked":"Flame Barrier","floor":18.0},{"not_picked":["Body Slam","Clothesline","Twin Strike+1"],"picked":"SKIP","floor":18.0},{"not_picked":["Evolve","Metallicize+1"],"picked":"True Grit+1","floor":19.0},{"not_picked":["Reckless Charge","Clash","Combust"],"picked":"SKIP","floor":19.0},{"not_picked":["Second Wind","Rage","Pommel Strike+1"],"picked":"SKIP","floor":25.0},{"not_picked":["Clothesline","Sword Boomerang","Cleave"],"picked":"SKIP","floor":25.0},{"not_picked":["True Grit","Twin Strike"],"picked":"Shrug It Off","floor":27.0},{"not_picked":["Warcry","Wild Strike","Headbutt"],"picked":"SKIP","floor":27.0},{"not_picked":["Power Through","Rampage"],"picked":"True Grit","floor":28.0},{"not_picked":["Wild Strike","Flex"],"picked":"Rupture","floor":29.0},{"not_picked":["Searing Blow","Fiend Fire","Hemokinesis+1"],"picked":"SKIP","floor":29.0},{"not_picked":["Berserk","Blood for Blood"],"picked":"Seeing Red+1","floor":31.0},{"not_picked":["Feed","Bludgeon"],"picked":"Dark Embrace","floor":33.0},{"not_picked":["True Grit+1","Headbutt"],"picked":"Shrug It Off+1","floor":35.0},{"not_picked":["Havoc+1","Uppercut","Pommel Strike+1"],"picked":"SKIP","floor":35.0},{"not_picked":["Brutality","True Grit+1"],"picked":"Sword Boomerang","floor":37},{"not_picked":["Twin Strike+1","Searing Blow","Heavy Blade"],"picked":"SKIP","floor":37},{"not_picked":["Carnage","Whirlwind"],"picked":"Flame Barrier+1","floor":39},{"not_picked":["Warcry+1","Twin Strike","Anger"],"picked":"SKIP","floor":39}],"player_experience":971811,"relics_obtained":[{"floor":6.0,"key":"Bird Faced Urn"},{"floor":8.0,"key":"Matryoshka"},{"floor":9.0,"key":"Omamori"},{"floor":9.0,"key":"Prayer Wheel"},{"floor":11.0,"key":"Happy Flower"},{"floor":14.0,"key":"Whetstone"},{"floor":26.0,"key":"Mercury Hourglass"},{"floor":26.0,"key":"Paper Frog"},{"floor":28.0,"key":"MawBank"},{"floor":31.0,"key":"Toxic Egg 2"}],"event_choices":[{"damage_healed":0.0,"max_hp_gain":5.0,"max_hp_loss":0.0,"gold_gain":0.0,"event_name":"Big Fish","player_choice":"Donut","floor":2.0,"gold_loss":0.0,"damage_taken":0.0},{"damage_healed":0.0,"max_hp_gain":0.0,"max_hp_loss":0.0,"gold_gain":50.0,"event_name":"Golden Shrine","player_choice":"Pray","floor":4.0,"gold_loss":0.0,"damage_taken":0.0},{"cards_removed":["Perfected Strike"],"damage_healed":0.0,"max_hp_gain":0.0,"max_hp_loss":0.0,"gold_gain":0.0,"event_name":"Beggar","player_choice":"Gave Gold","floor":20.0,"gold_loss":75.0,"damage_taken":0.0},{"damage_healed":0.0,"max_hp_gain":0.0,"max_hp_loss":0.0,"gold_gain":0.0,"event_name":"Vampires","player_choice":"Ignored","floor":21.0,"gold_loss":0.0,"damage_taken":0.0},{"damage_healed":0.0,"max_hp_gain":0.0,"max_hp_loss":0.0,"gold_gain":50.0,"event_name":"Nest","player_choice":"Stole From Cult","floor":24.0,"gold_loss":0.0,"damage_taken":0.0},{"damage_healed":0,"gold_gain":0,"player_choice":"Ignored","damage_taken":0,"max_hp_gain":0,"max_hp_loss":0,"event_name":"Tomb of Lord Red Mask","floor":36,"gold_loss":0}],"is_beta":false,"boss_relics":[{"not_picked":["Snecko Eye","Runic Dome"],"picked":"Astrolabe"},{"not_picked":["Velvet Choker","Tiny House"],"picked":"Coffee Dripper"}],"items_purged_floors":[38],"is_endless":false,"potions_floor_spawned":[1,5,11,14,16,19,28,31,33],"killed_by":"Reptomancer","ascension_level":17}