{"gold_per_floor":[112,112,187,197,214,214,247,247,247,274,330,344,221,234,234,339,339,357,281,281,298,298,298,313,313,313,342,342,342,353,371,371,371],"floor_reached":33,"playtime":1917,"items_purged":["Strike_R"],"score":344,"play_id":"c01f7d4d-1966-4df9-a4eb-660928d57926","local_time":"20190130000154","is_ascension_mode":true,"campfire_choices":[{"data":"Bash","floor":6.0,"key":"SMITH"},{"data":"Clothesline","floor":8.0,"key":"SMITH"},{"floor":15.0,"key":"REST"},{"data":"Warcry","floor":23,"key":"SMITH"},{"floor":25,"key":"REST"},{"data":"Intimidate","floor":29,"key":"SMITH"},{"floor":32,"key":"REST"}],"neow_cost":"NONE","seed_source_timestamp":0,"circlet_count":0,"master_deck":["Strike_R","Strike_R","Strike_R","Defend_R","Defend_R","Defend_R","Defend_R","Bash+1","Impervious","Headbutt","Clothesline+1","Metallicize","Bludgeon","Carnage","Anger","Armaments","Seeing Red","Double Tap","Warcry+1","Uppercut+1","Ghostly Armor","Intimidate+1","Pommel Strike"],"special_seed":0,"relics":["Burning Blood","Bottled Flame","Letter Opener","Shovel","Shuriken","Orrery","Meat on the Bone","Kunai","Red Skull"],"potions_floor_usage":[27,27,31],"damage_taken":[{"damage":6.0,"enemies":"Cultist","floor":1.0,"turns":4.0},{"damage":3.0,"enemies":"Small Slimes","floor":4.0,"turns":4.0},{"damage":5.0,"enemies":"2 Louse","floor":5.0,"turns":3.0},{"damage":27.0,"enemies":"Gremlin Nob","floor":7.0,"turns":5.0},{"damage":19.0,"enemies":"Lagavulin","floor":10.0,"turns":5.0},{"damage":24.0,"enemies":"Lagavulin Event","floor":11.0,"turns":6.0},{"damage":4.0,"enemies":"Exordium Wildlife","floor":12.0,"turns":6.0},{"damage":5.0,"enemies":"Red Slaver","floor":14.0,"turns":3.0},{"damage":34.0,"enemies":"The Guardian","floor":16.0,"turns":9.0},{"damage":29.0,"enemies":"2 Thieves","floor":18.0,"turns":5.0},{"damage":29.0,"enemies":"Shell Parasite","floor":21.0,"turns":6.0},{"damage":13,"enemies":"Centurion and Healer","floor":24,"turns":9},{"damage":42,"enemies":"Gremlin Leader","floor":27,"turns":8},{"damage":30,"enemies":"Shelled Parasite and Fungi","floor":30,"turns":10},{"damage":23,"enemies":"Snake Plant","floor":31,"turns":4},{"damage":82,"enemies":"Automaton","floor":33,"turns":6}],"seed_played":"-6424549857890389206","potions_obtained":[{"floor":7.0,"key":"SpeedPotion"},{"floor":11.0,"key":"GamblersBrew"},{"floor":12.0,"key":"Poison Potion"},{"floor":14.0,"key":"LiquidBronze"},{"floor":18.0,"key":"Regen Potion"},{"floor":30,"key":"Strength Potion"}],"is_trial":false,"path_per_floor":["M","?","?","M","M","R","E","R","T","E","?","M","$","M","R","B",null,"M","$","?","M","T","R","M","R","T","E","?","R","M","M","R","B"],"character_chosen":"IRONCLAD","items_purchased":["Armaments","Uppercut"],"campfire_rested":3,"item_purchase_floors":[13,19],"current_hp_per_floor":[80,73,62,65,66,66,45,45,45,32,14,16,16,17,41,13,63,40,40,40,17,17,17,22,46,46,37,37,37,25,20,44,0],"gold":371,"neow_bonus":"ONE_RANDOM_RARE_CARD","is_prod":false,"is_daily":false,"chose_seed":false,"campfire_upgraded":4,"win_rate":0,"timestamp":1548828114,"path_taken":["M","?","?","M","M","R","E","R","T","E","?","M","$","M","R","BOSS","M","$","?","M","?","R","M","R","T","E","?","R","M","M","R","BOSS"],"build_version":"2019-01-23","purchased_purges":1,"victory":false,"max_hp_per_floor":[80,80,80,80,80,80,80,80,80,80,80,80,80,80,80,80,80,80,80,80,80,80,80,80,80,80,80,80,80,80,80,80,80],"card_choices":[{"not_picked":["Armaments","Warcry"],"picked":"Headbutt","floor":1.0},{"not_picked":["Seeing Red","Sword Boomerang"],"picked":"Clothesline","floor":4.0},{"not_picked":["Pommel Strike","Bloodletting"],"picked":"Metallicize","floor":5.0},{"not_picked":["Pommel Strike","Double Tap"],"picked":"Bludgeon","floor":7.0},{"not_picked":["True Grit","Reckless Charge"],"picked":"Carnage","floor":10.0},{"not_picked":["Spot Weakness","Clothesline"],"picked":"Anger","floor":12.0},{"not_picked":["Infernal Blade","Dropkick"],"picked":"Seeing Red","floor":14.0},{"not_picked":["Berserk","Exhume"],"picked":"Double Tap","floor":16.0},{"not_picked":["Sentinel","Fire Breathing"],"picked":"Warcry","floor":17.0},{"not_picked":["Iron Wave","Clash","Rampage"],"picked":"SKIP","floor":18.0},{"not_picked":["Clash","Hemokinesis+1","Warcry"],"picked":"SKIP","floor":21},{"not_picked":["Searing Blow","Sever Soul"],"picked":"Ghostly Armor","floor":24},{"not_picked":["Metallicize","Wild Strike","Clash"],"picked":"SKIP","floor":27},{"not_picked":["Headbutt+1","Flex"],"picked":"Pommel Strike","floor":30},{"not_picked":["Thunderclap+1","Wild Strike","Feel No Pain"],"picked":"SKIP","floor":31}],"player_experience":432725,"relics_obtained":[{"floor":7.0,"key":"Bottled Flame"},{"floor":9.0,"key":"Letter Opener"},{"floor":10.0,"key":"Shovel"},{"floor":11.0,"key":"Shuriken"},{"floor":22,"key":"Meat on the Bone"},{"floor":26,"key":"Kunai"},{"floor":27,"key":"Red Skull"}],"event_choices":[{"cards_removed":["Strike_R"],"damage_healed":0.0,"max_hp_gain":0.0,"max_hp_loss":0.0,"gold_gain":0.0,"event_name":"Golden Wing","player_choice":"Card Removal","floor":2.0,"gold_loss":0.0,"damage_taken":7.0},{"damage_healed":0.0,"max_hp_gain":0.0,"max_hp_loss":0.0,"gold_gain":75.0,"event_name":"World of Goop","player_choice":"Gather Gold","floor":3.0,"gold_loss":0.0,"damage_taken":11.0},{"damage_healed":0.0,"max_hp_gain":0.0,"max_hp_loss":0.0,"gold_gain":30.0,"event_name":"Dead Adventurer","player_choice":"Searched \u00272\u0027 times","floor":11.0,"gold_loss":0.0,"damage_taken":0.0},{"damage_healed":0.0,"max_hp_gain":0.0,"max_hp_loss":0.0,"gold_gain":0.0,"event_name":"Accursed Blacksmith","player_choice":"Forge","floor":20.0,"gold_loss":0.0,"damage_taken":0.0,"cards_upgraded":["Uppercut"]},{"damage_healed":0,"gold_gain":0,"player_choice":"Read","damage_taken":0,"max_hp_gain":0,"max_hp_loss":0,"event_name":"The Library","floor":28,"gold_loss":0,"cards_obtained":["Intimidate"]}],"is_beta":false,"boss_relics":[{"not_picked":["Runic Cube","Eternal Feather"],"picked":"Orrery"}],"items_purged_floors":[13],"is_endless":false,"potions_floor_spawned":[5,7,11,12,14,18,30],"killed_by":"Automaton","ascension_level":5}