{"path_per_floor":["M","$","M","M","$","E","R","M","T","E","M","M","R","M","R","B",null,"M","?","?","?","M","R"],"character_chosen":"IRONCLAD","items_purchased":["Flex"],"gold_per_floor":[213,138,155,165,17,46,46,59,59,92,105,119,119,130,130,232,232,243,168,218,218,206,206],"floor_reached":24,"campfire_rested":2,"playtime":2058,"current_hp_per_floor":[80,80,80,80,80,47,71,77,91,70,76,81,81,94,94,30,94,63,63,63,63,43,71],"items_purged":["Strike_R","Defend_R"],"gold":206,"score":218,"play_id":"41c09b8b-2c60-4d65-b160-460cd00e566d","local_time":"20180306173123","is_prod":false,"is_daily":false,"is_ascension_mode":true,"campfire_upgraded":2,"timestamp":1520357483,"path_taken":["M","$","M","M","?","E","R","M","T","E","M","?","R","M","R","BOSS","M","?","?","?","M","R","E"],"build_version":"2018-03-01-PROD1","purchased_purges":2,"victory":false,"master_deck":["Strike_R","Strike_R","Strike_R","Defend_R","Defend_R","Defend_R","Bash","Shrug It Off","Shrug It Off","Flex","Fire Breathing+1","Flex+1","Anger","Reaper","Flex","Clash","Limit Break","Evolve"],"max_hp_per_floor":[80,80,80,80,80,80,80,80,94,94,94,94,94,94,94,94,94,94,94,94,94,94,94],"relics":["Black Blood","Lantern","Mango","Ancient Tea Set"],"card_choices":[{"not_picked":["Thunderclap","Body Slam"],"picked":"Shrug It Off"},{"not_picked":["Burning Pact","Perfected Strike"],"picked":"Shrug It Off"},{"not_picked":["Warcry","Wild Strike"],"picked":"Fire Breathing"},{"not_picked":["Clash","Headbutt"],"picked":"Flex"},{"not_picked":["Warcry","Sword Boomerang"],"picked":"Anger"},{"not_picked":["Second Wind","True Grit"],"picked":"Reaper"},{"not_picked":["True Grit","Hemokinesis"],"picked":"Flex"},{"not_picked":["Clothesline","Flex"],"picked":"Clash"},{"not_picked":["Exhume","Dark Embrace"],"picked":"Limit Break"},{"not_picked":["Inflame","Pommel Strike"],"picked":"Evolve"}],"player_experience":126980,"potions_floor_usage":[6,8,16,16],"damage_taken":[{"damage":5,"enemies":"Cultist","floor":1,"turns":4},{"damage":0,"enemies":"Small Slimes","floor":3,"turns":4},{"damage":3,"enemies":"Jaw Worm","floor":4,"turns":4},{"damage":39,"enemies":"Lagavulin","floor":6,"turns":12},{"damage":0,"enemies":"3 Louse","floor":8,"turns":2},{"damage":27,"enemies":"3 Sentries","floor":10,"turns":9},{"damage":0,"enemies":"Lots of Slimes","floor":11,"turns":4},{"damage":7,"enemies":"Blue Slaver","floor":12,"turns":4},{"damage":2,"enemies":"Large Slime","floor":14,"turns":4},{"damage":74,"enemies":"Hexaghost","floor":16,"turns":11},{"damage":41,"enemies":"Spheric Guardian","floor":18,"turns":7},{"damage":30,"enemies":"2 Thieves","floor":22,"turns":4},{"damage":72,"enemies":"Book of Stabbing","floor":24,"turns":7}],"event_choices":[{"event_name":"Beggar","player_choice":"Gave Gold","floor":19,"damage_taken":0},{"event_name":"The Joust","player_choice":"Bet on Murderer","floor":20,"damage_taken":0},{"event_name":"The Mausoleum","player_choice":"No","floor":21,"damage_taken":0}],"boss_relics":[{"not_picked":["Runic Pyramid","Orrery"],"picked":"Black Blood"}],"potions_floor_spawned":[4,6,10,12],"seed_played":"-3606178971781131080","killed_by":"Book of Stabbing","ascension_level":1,"is_trial":false}