{"path_per_floor":["M","?","M","$","M","R","E","R","T","M","M","$","?","M","R","B",null,"M","M","?","$","M","T","M","$","T","R","M","R","M","M","R","B",null,"M","M","?","$"],"character_chosen":"IRONCLAD","items_purchased":["Brutality","Whirlwind","Reaper","Heavy Blade","Seeing Red","Whetstone","Rampage","Inflame"],"gold_per_floor":[213,213,233,12,37,37,77,77,147,171,184,49,49,70,70,191,191,206,230,230,8,21,46,71,1,1,1,25,25,45,68,68,198,198,218,237,237,158],"floor_reached":39,"campfire_rested":3,"playtime":5020,"current_hp_per_floor":[77,57,50,50,48,48,22,46,56,60,60,60,42,59,86,13,90,72,53,37,37,52,52,37,37,37,64,70,70,90,84,84,82,90,82,90,90,90],"items_purged":[],"gold":158,"score":385,"play_id":"5323c6f9-fed8-4ce6-9529-9d0e6ed1199f","is_prod":false,"is_daily":false,"is_ascension_mode":false,"campfire_upgraded":3,"path_taken":["M","?","M","$","M","R","E","R","T","M","M","$","?","?","R","BOSS","M","M","?","$","M","?","M","$","T","R","?","R","M","?","R","BOSS","M","M","?","$","M"],"build_version":"2018-02-08-PROD1","purchased_purges":0,"victory":false,"master_deck":["Strike_R","Strike_R","Strike_R","Strike_R","Defend_R","Defend_R","Defend_R","Defend_R","Bash+1","Rupture","Rage","Brutality+1","Whirlwind","Offering","Armaments","Shockwave","Perfected Strike+1","Reaper+1","Heavy Blade+1","Burning Pact","Limit Break+1","Body Slam","Dual Wield+1","Seeing Red","Inflame","Combust","Rampage","Pommel Strike+1","Offering","Rupture","Armaments","Berserk","Spot Weakness","Intimidate+1","Inflame"],"max_hp_per_floor":[80,80,80,80,80,80,80,80,90,90,90,90,90,90,90,90,90,90,90,90,90,90,90,90,90,90,90,90,90,90,90,90,90,90,90,90,90,90],"relics":["Burning Blood","Golden Idol","Magic Flower","Pear","Runic Cube","Enchiridion","Whetstone","Dream Catcher","Champion Belt","Runic Pyramid"],"card_choices":[{"not_picked":["Perfected Strike","Cleave"],"picked":"Rupture"},{"not_picked":["Heavy Blade","Thunderclap"],"picked":"Rage"},{"not_picked":["Feel No Pain","Clash"],"picked":"Offering"},{"not_picked":["Clash","Dark Embrace"],"picked":"Armaments"},{"not_picked":["Anger","Iron Wave"],"picked":"Shockwave"},{"not_picked":["Iron Wave","Shrug It Off"],"picked":"Perfected Strike"},{"not_picked":["Clash","Intimidate"],"picked":"Burning Pact"},{"not_picked":["Juggernaut","Dark Embrace"],"picked":"Limit Break"},{"not_picked":["Rage","Shrug It Off"],"picked":"Body Slam"},{"not_picked":["Flex","Shrug It Off"],"picked":"Dual Wield"},{"not_picked":["Iron Wave","Pommel Strike"],"picked":"Inflame"},{"not_picked":["Armaments","Iron Wave"],"picked":"Combust"},{"not_picked":["Sword Boomerang","Metallicize"],"picked":"Pommel Strike"},{"not_picked":["True Grit","Iron Wave"],"picked":"Offering"},{"not_picked":["Iron Wave","Thunderclap"],"picked":"Rupture"},{"not_picked":["Clash","Corruption"],"picked":"Armaments"},{"not_picked":["Juggernaut","Feed"],"picked":"Berserk"},{"not_picked":["Thunderclap","Disarm"],"picked":"Spot Weakness"},{"not_picked":["Perfected Strike","Warcry"],"picked":"Intimidate"}],"player_experience":11179,"potions_floor_usage":[16],"damage_taken":[{"damage":9,"enemies":"Jaw Worm","floor":1,"turns":4},{"damage":13,"enemies":"Cultist","floor":3,"turns":5},{"damage":8,"enemies":"Small Slimes","floor":5,"turns":4},{"damage":32,"enemies":"3 Sentries","floor":7,"turns":7},{"damage":5,"enemies":"3 Louse","floor":10,"turns":2},{"damage":9,"enemies":"Looter","floor":11,"turns":4},{"damage":7,"enemies":"Exordium Wildlife","floor":14,"turns":2},{"damage":99,"enemies":"Hexaghost","floor":16,"turns":12},{"damage":27,"enemies":"Spheric Guardian","floor":18,"turns":4},{"damage":28,"enemies":"Chosen","floor":19,"turns":5},{"damage":8,"enemies":"Snecko","floor":22,"turns":4},{"damage":41,"enemies":"Snake Plant","floor":24,"turns":6},{"damage":33,"enemies":"Centurion and Healer","floor":28,"turns":6},{"damage":19,"enemies":"Cultist and Chosen","floor":30,"turns":4},{"damage":15,"enemies":"Snake Plant","floor":31,"turns":2},{"damage":46,"enemies":"Collector","floor":33,"turns":4},{"damage":56,"enemies":"3 Darklings","floor":35,"turns":5},{"damage":29,"enemies":"Orb Walker","floor":36,"turns":3},{"damage":148,"enemies":"Maw","floor":39,"turns":10}],"event_choices":[{"event_name":"Golden Idol","player_choice":"Take Damage","floor":2,"damage_taken":0},{"event_name":"Shining Light","player_choice":"Entered Light","floor":13,"damage_taken":0},{"event_name":"Cursed Tome","player_choice":"Obtained Book","floor":20,"damage_taken":0},{"event_name":"Purifier","player_choice":"One Purge","floor":37,"damage_taken":0}],"boss_relics":[{"not_picked":["Velvet Choker","Mark of Pain"],"picked":"Runic Cube"},{"not_picked":["Astrolabe","Tiny House"],"picked":"Runic Pyramid"}],"potions_floor_spawned":[3,7,10,14,19,22,24,30,36],"seed_played":"3772385658142789368","killed_by":"Maw","ascension_level":0,"is_trial":false}