{"gold_per_floor":[113,126,146,157,82,82,107,125,193,193,193,118,133,468,468,541,541,552,50,110,310,346,346,416,458,484,484,484],"floor_reached":28,"playtime":2392,"items_purged":["Strike_B","Strike_B"],"score":428,"play_id":"e1ba679b-e2cf-4bb5-9462-5990b9e66187","local_time":"20190111111542","is_ascension_mode":true,"campfire_choices":[{"data":"Sunder","floor":6.0,"key":"SMITH"},{"floor":11.0,"key":"REST"},{"floor":15.0,"key":"REST"},{"data":"Zap","floor":23.0,"key":"SMITH"},{"data":"Self Repair","floor":27.0,"key":"SMITH"}],"neow_cost":"NONE","seed_source_timestamp":0,"circlet_count":0,"master_deck":["AscendersBane","Strike_B","Defend_B+1","Defend_B","Defend_B","Defend_B","Zap+1","Dualcast","Thunder Strike","Genetic Algorithm","Capacitor","Cold Snap","Sunder+1","Hologram+1","Go for the Eyes","Sweeping Beam+1","Conserve Battery","Echo Form","Self Repair+1","HandOfGreed+1","Hologram+1","Echo Form","Ball Lightning+1","Conserve Battery+1"],"special_seed":0,"relics":["Cracked Core","Pear","Molten Egg 2","Old Coin","Nuclear Battery","Toxic Egg 2","Red Mask","Smiling Mask"],"potions_floor_usage":[28],"damage_taken":[{"damage":2.0,"enemies":"Jaw Worm","floor":1.0,"turns":4.0},{"damage":10.0,"enemies":"Small Slimes","floor":2.0,"turns":4.0},{"damage":0.0,"enemies":"2 Louse","floor":3.0,"turns":3.0},{"damage":10.0,"enemies":"Exordium Wildlife","floor":4.0,"turns":5.0},{"damage":21.0,"enemies":"Lagavulin","floor":7.0,"turns":7.0},{"damage":2.0,"enemies":"Exordium Thugs","floor":8.0,"turns":5.0},{"damage":0.0,"enemies":"2 Fungi Beasts","floor":13.0,"turns":3.0},{"damage":21.0,"enemies":"Gremlin Nob","floor":14.0,"turns":5.0},{"damage":9.0,"enemies":"The Guardian","floor":16.0,"turns":13.0},{"damage":0.0,"enemies":"Shell Parasite","floor":18.0,"turns":4.0},{"damage":17.0,"enemies":"Masked Bandits","floor":20.0,"turns":4.0},{"damage":6.0,"enemies":"Spheric Guardian","floor":22.0,"turns":8.0},{"damage":10.0,"enemies":"Centurion and Healer","floor":24.0,"turns":7.0},{"damage":25.0,"enemies":"Snake Plant","floor":25.0,"turns":4.0},{"damage":47,"enemies":"Book of Stabbing","floor":28,"turns":4}],"seed_played":"-2339918426856945760","potions_obtained":[{"floor":1.0,"key":"EssenceOfSteel"},{"floor":2.0,"key":"Dexterity Potion"},{"floor":14.0,"key":"Strength Potion"}],"is_trial":false,"path_per_floor":["M","M","M","M","$","R","E","M","T","?","R","?","M","E","R","B",null,"M","$","?","?","M","R","M","M","T","R","E"],"character_chosen":"DEFECT","items_purchased":["Toxic Egg 2","HandOfGreed+1"],"campfire_rested":2,"item_purchase_floors":[19,19],"current_hp_per_floor":[62,52,52,42,42,42,31,29,29,5,29,29,29,8,32,23,67,67,67,50,50,51,51,55,44,44,44,0],"gold":484,"neow_bonus":"ONE_RANDOM_RARE_CARD","is_prod":false,"is_daily":false,"chose_seed":false,"campfire_upgraded":3,"win_rate":0,"timestamp":1547201742,"path_taken":["M","M","M","M","$","R","E","M","T","?","R","?","M","E","R","BOSS","M","$","?","?","M","R","M","?","T","R","E"],"build_version":"2019-01-10","purchased_purges":2,"victory":false,"max_hp_per_floor":[71,71,71,71,71,71,81,81,81,81,81,81,81,81,81,81,81,81,81,81,81,81,81,81,81,81,81,81],"card_choices":[{"not_picked":["Scrape","Ball Lightning"],"picked":"Genetic Algorithm","floor":1.0},{"not_picked":["Go for the Eyes","Blizzard"],"picked":"Capacitor","floor":2.0},{"not_picked":["Go for the Eyes","Sunder"],"picked":"Cold Snap","floor":3.0},{"not_picked":["Gash","Rebound"],"picked":"Sunder","floor":4.0},{"not_picked":["Coolheaded","Gash"],"picked":"Hologram","floor":7.0},{"not_picked":["Compile Driver","Melter"],"picked":"Go for the Eyes","floor":8.0},{"not_picked":["Streamline+1","Turbo"],"picked":"Sweeping Beam+1","floor":13.0},{"not_picked":["Meteor Strike+1","Biased Cognition"],"picked":"Conserve Battery","floor":14.0},{"not_picked":["Core Surge+1","Multi-Cast"],"picked":"Echo Form","floor":16.0},{"not_picked":["Streamline+1","Coolheaded"],"picked":"Self Repair","floor":18.0},{"not_picked":["Gash+1","Doom and Gloom+1"],"picked":"Hologram+1","floor":20.0},{"not_picked":["Compile Driver+1","Cold Snap+1"],"picked":"Echo Form","floor":22.0},{"not_picked":["Self Repair","Sunder+1"],"picked":"Ball Lightning+1","floor":24.0},{"not_picked":["Stack+1","Sweeping Beam+1"],"picked":"Conserve Battery+1","floor":25.0}],"player_experience":841679,"relics_obtained":[{"floor":7.0,"key":"Pear"},{"floor":9.0,"key":"Molten Egg 2"},{"floor":14.0,"key":"Old Coin"},{"floor":20.0,"key":"Red Mask"},{"floor":26.0,"key":"Smiling Mask"}],"event_choices":[{"damage_healed":0.0,"max_hp_gain":0.0,"max_hp_loss":0.0,"gold_gain":0.0,"event_name":"Shining Light","player_choice":"Entered Light","floor":10.0,"gold_loss":0.0,"damage_taken":24.0,"cards_upgraded":["Hologram","Defend_B"]},{"cards_removed":["Strike_B"],"damage_healed":0.0,"max_hp_gain":0.0,"max_hp_loss":0.0,"gold_gain":0.0,"event_name":"The Cleric","player_choice":"Card Removal","floor":12.0,"gold_loss":75.0,"damage_taken":0.0},{"damage_healed":0.0,"max_hp_gain":0.0,"max_hp_loss":0.0,"gold_gain":0.0,"event_name":"Masked Bandits","player_choice":"Fought Bandits","floor":20.0,"gold_loss":0.0,"damage_taken":0.0},{"damage_healed":0.0,"max_hp_gain":0.0,"max_hp_loss":0.0,"gold_gain":250.0,"event_name":"The Joust","player_choice":"Bet on Owner","floor":21.0,"gold_loss":50.0,"damage_taken":0.0}],"is_beta":false,"boss_relics":[{"not_picked":["Pandora\u0027s Box","Black Star"],"picked":"Nuclear Battery"}],"items_purged_floors":[5,19],"is_endless":false,"potions_floor_spawned":[1,2,14],"killed_by":"Book of Stabbing","ascension_level":15}