{"gold_per_floor":[111,125,125,88,88,88,113,138,138,138,138,158,178,158,158,281,281,274,288,488,488],"floor_reached":21,"playtime":1410,"items_purged":[],"score":169,"play_id":"1a41dc15-6272-4fe2-9ece-2c23bad07057","local_time":"20190124175654","is_ascension_mode":false,"campfire_choices":[{"floor":6.0,"key":"REST"},{"floor":11.0,"key":"REST"},{"data":"After Image","floor":15,"key":"SMITH"}],"neow_cost":"PERCENT_DAMAGE","seed_source_timestamp":1298357203563897,"circlet_count":0,"master_deck":["Defend_G","Defend_G","Defend_G","Strike_G","Strike_G+1","Strike_G","Survivor","Neutralize+1","After Image+1","Flechettes","Infinite Blades","Caltrops","Deadly Poison","Bouncing Flask","Caltrops","Acrobatics+1","Bullet Time+1","Phantasmal Killer+1","Catalyst","Poisoned Stab+1"],"special_seed":0,"relics":["Ring of the Snake","Sundial","Golden Idol","Regal Pillow","Darkstone Periapt","Astrolabe"],"potions_floor_usage":[16,16],"damage_taken":[{"damage":1.0,"enemies":"Cultist","floor":1.0,"turns":5.0},{"damage":0.0,"enemies":"2 Louse","floor":2.0,"turns":3.0},{"damage":3.0,"enemies":"Jaw Worm","floor":8.0,"turns":5.0},{"damage":5,"enemies":"Blue Slaver","floor":12,"turns":4},{"damage":1,"enemies":"Large Slime","floor":13,"turns":6},{"damage":19,"enemies":"Slime Boss","floor":16,"turns":13},{"damage":22,"enemies":"2 Thieves","floor":18,"turns":4},{"damage":31,"enemies":"3 Byrds","floor":19,"turns":4},{"damage":28,"enemies":"3 Cultists","floor":21,"turns":4}],"seed_played":"6532003461809064435","potions_obtained":[{"floor":1.0,"key":"GhostInAJar"},{"floor":13,"key":"Fire Potion"},{"floor":14,"key":"Weak Potion"},{"floor":19,"key":"Weak Potion"}],"is_trial":false,"path_per_floor":["M","M","?","$","?","R","T","M","T","?","R","M","M","?","R","B",null,"M","M","?","M"],"character_chosen":"THE_SILENT","items_purchased":["Caltrops"],"campfire_rested":2,"item_purchase_floors":[4],"current_hp_per_floor":[48,48,48,48,31,52,52,49,49,35,70,65,64,64,64,45,70,48,17,17,0],"gold":488,"neow_bonus":"TRANSFORM_TWO_CARDS","is_prod":false,"is_daily":false,"chose_seed":false,"campfire_upgraded":1,"win_rate":0.0,"timestamp":1548359814,"path_taken":["M","?","?","?","?","R","?","M","T","?","R","M","?","?","R","BOSS","M","M","?","?"],"build_version":"2019-01-23","purchased_purges":0,"victory":false,"max_hp_per_floor":[70,70,70,70,70,70,70,70,70,70,70,70,70,70,70,70,70,70,70,70,70],"card_choices":[{"not_picked":["Choke","Footwork"],"picked":"Infinite Blades","floor":1.0},{"not_picked":["Blade Dance","Outmaneuver"],"picked":"Dagger Throw","floor":2.0},{"not_picked":["Bouncing Flask","Distraction"],"picked":"Deadly Poison","floor":8.0},{"not_picked":["PiercingWail","Heel Hook"],"picked":"Bouncing Flask","floor":12},{"not_picked":["Slice","Quick Slash"],"picked":"Caltrops","floor":13},{"not_picked":["Corpse Explosion","Doppelganger"],"picked":"Burst","floor":16},{"not_picked":["Deadly Poison","Finisher"],"picked":"Catalyst","floor":18},{"not_picked":["Bane","Catalyst"],"picked":"Poisoned Stab+1","floor":19}],"player_experience":19466,"relics_obtained":[{"floor":7.0,"key":"Regal Pillow"},{"floor":9.0,"key":"Darkstone Periapt"}],"event_choices":[{"cards_removed":["Dagger Throw"],"damage_healed":0.0,"max_hp_gain":0.0,"max_hp_loss":0.0,"gold_gain":0.0,"event_name":"WeMeetAgain","player_choice":"Gave Card","floor":3.0,"gold_loss":0.0,"damage_taken":0.0,"relics_obtained":["Sundial"]},{"damage_healed":0.0,"max_hp_gain":0.0,"max_hp_loss":0.0,"gold_gain":0.0,"event_name":"Golden Idol","player_choice":"Take Damage","floor":5.0,"gold_loss":0.0,"damage_taken":17.0,"relics_obtained":["Golden Idol"]},{"damage_healed":0.0,"max_hp_gain":0.0,"max_hp_loss":0.0,"gold_gain":0.0,"event_name":"Shining Light","player_choice":"Entered Light","floor":10.0,"gold_loss":0.0,"damage_taken":14.0,"cards_upgraded":["Neutralize","Strike_G"]},{"damage_healed":0,"gold_gain":0,"player_choice":"Bought 1 Potion","damage_taken":0,"max_hp_gain":0,"max_hp_loss":0,"event_name":"The Woman in Blue","floor":14,"gold_loss":0},{"damage_healed":0,"gold_gain":200,"player_choice":"Gold","damage_taken":0,"max_hp_gain":0,"max_hp_loss":0,"event_name":"Wheel of Change","floor":20,"gold_loss":0}],"is_beta":false,"boss_relics":[{"not_picked":["Snecko Eye","Runic Dome"],"picked":"Astrolabe"}],"items_purged_floors":[],"is_endless":false,"potions_floor_spawned":[1,13,19],"killed_by":"3 Cultists","ascension_level":0}