{"gold_per_floor":[114,128,144,25,41,41,53,82,82,109,120,149,149,119,119,193,243,259,273,273,273,64,64,339,339,339,349,369,369,382,399,399,399],"floor_reached":33,"playtime":2327,"items_purged":["Strike_G","Strike_G"],"score":484,"play_id":"e080ff4f-bfd5-46e8-9ff1-c1ab6f98c298","local_time":"20181227184819","is_ascension_mode":true,"campfire_choices":[{"data":"Dash","floor":6.0,"key":"SMITH"},{"floor":13.0,"key":"REST"},{"data":"Noxious Fumes","floor":15.0,"key":"SMITH"},{"floor":25.0,"key":"REST"},{"floor":29.0,"key":"REST"},{"data":"Footwork","floor":32.0,"key":"SMITH"}],"neow_cost":"NONE","seed_source_timestamp":346681097985379,"circlet_count":0,"master_deck":["AscendersBane","Defend_G","Defend_G","Defend_G","Defend_G+1","Defend_G","Strike_G","Survivor","Neutralize","Dagger Spray","Dash+1","Noxious Fumes+1","Venomology","Poisoned Stab","PiercingWail","Blade Dance","Skewer","Deadly Poison+1","A Thousand Cuts","Catalyst+1","Cloak And Dagger+1","Choke","Reflex+1","Backflip+1","Backflip+1","Deadly Poison+1","Footwork+1"],"special_seed":0,"relics":["Ring of the Snake","NeowsBlessing","Omamori","Orichalcum","Strawberry","Toxic Egg 2","Tiny House","Nunchaku","Nilry\u0027s Codex","Mummified Hand"],"potions_floor_usage":[33,33],"damage_taken":[{"damage":0.0,"enemies":"Small Slimes","floor":1.0,"turns":1.0},{"damage":0.0,"enemies":"Cultist","floor":2.0,"turns":1.0},{"damage":0.0,"enemies":"Jaw Worm","floor":3.0,"turns":1.0},{"damage":1.0,"enemies":"Looter","floor":5.0,"turns":4.0},{"damage":0.0,"enemies":"Blue Slaver","floor":7.0,"turns":6.0},{"damage":18.0,"enemies":"Lagavulin","floor":8.0,"turns":6.0},{"damage":8.0,"enemies":"Gremlin Nob","floor":10.0,"turns":3.0},{"damage":0.0,"enemies":"2 Fungi Beasts","floor":11.0,"turns":2.0},{"damage":31.0,"enemies":"Lagavulin","floor":12.0,"turns":8.0},{"damage":12.0,"enemies":"Hexaghost","floor":16.0,"turns":9.0},{"damage":6.0,"enemies":"3 Byrds","floor":18.0,"turns":4.0},{"damage":13.0,"enemies":"2 Thieves","floor":19.0,"turns":5.0},{"damage":15.0,"enemies":"3 Cultists","floor":27.0,"turns":5.0},{"damage":14.0,"enemies":"Shelled Parasite and Fungi","floor":28.0,"turns":5.0},{"damage":10.0,"enemies":"Sentry and Sphere","floor":30.0,"turns":5.0},{"damage":9.0,"enemies":"Snake Plant","floor":31.0,"turns":5.0},{"damage":40,"enemies":"Champ","floor":33,"turns":7}],"seed_played":"1600260363633363709","potions_obtained":[{"floor":3.0,"key":"FairyPotion"},{"floor":5.0,"key":"Fire Potion"},{"floor":8.0,"key":"AttackPotion"},{"floor":14.0,"key":"Fruit Juice"},{"floor":14.0,"key":"Fire Potion"},{"floor":16.0,"key":"EssenceOfSteel"},{"floor":17.0,"key":"PowerPotion"},{"floor":18.0,"key":"Block Potion"},{"floor":27.0,"key":"LiquidBronze"},{"floor":28.0,"key":"SkillPotion"},{"floor":30.0,"key":"EssenceOfSteel"}],"is_trial":false,"path_per_floor":["M","M","M","$","M","R","M","E","T","E","M","E","R","?","R","B",null,"M","M","?","?","$","?","?","R","T","M","M","R","M","M","R","B"],"character_chosen":"THE_SILENT","items_purchased":["Noxious Fumes","Cloak And Dagger+1","SkillPotion"],"campfire_rested":3,"item_purchase_floors":[4,22,22],"current_hp_per_floor":[59,59,59,59,58,58,58,40,40,39,39,8,29,34,34,22,69,63,50,50,29,29,29,29,53,53,38,24,48,38,29,29,0],"gold":399,"neow_bonus":"THREE_ENEMY_KILL","is_prod":false,"is_daily":false,"chose_seed":false,"campfire_upgraded":3,"win_rate":0,"timestamp":1545932899,"path_taken":["M","M","M","$","M","R","M","E","T","E","M","E","R","?","R","BOSS","M","M","?","?","$","?","?","R","T","?","M","R","?","M","R","BOSS"],"build_version":"2018-12-20","purchased_purges":2,"victory":false,"max_hp_per_floor":[66,66,66,66,66,66,66,66,66,73,73,73,73,78,78,78,83,83,83,83,83,83,83,83,83,83,83,83,83,83,83,83,83],"card_choices":[{"not_picked":["Blade Dance","Acrobatics"],"picked":"Dagger Spray","floor":1.0},{"not_picked":["Cloak And Dagger","Blade Dance","Calculated Gamble"],"picked":"SKIP","floor":2.0},{"not_picked":["Cloak And Dagger","Endless Agony"],"picked":"Dash","floor":3.0},{"not_picked":["All Out Attack","Underhanded Strike"],"picked":"Venomology","floor":5.0},{"not_picked":["Calculated Gamble","Cloak And Dagger"],"picked":"Poisoned Stab","floor":7.0},{"not_picked":["Sucker Punch","Calculated Gamble"],"picked":"PiercingWail","floor":8.0},{"not_picked":["Accuracy","Expertise"],"picked":"Blade Dance","floor":10.0},{"not_picked":["Riddle With Holes","PiercingWail"],"picked":"Skewer","floor":11.0},{"not_picked":["Eviscerate","Die Die Die"],"picked":"Deadly Poison","floor":12.0},{"not_picked":["Phantasmal Killer+1","Unload"],"picked":"A Thousand Cuts","floor":16.0},{"not_picked":["Slice","Bane"],"picked":"Catalyst+1","floor":18.0},{"not_picked":["Outmaneuver+1","Underhanded Strike","Flying Knee"],"picked":"SKIP","floor":19.0},{"not_picked":["Slice","Poisoned Stab"],"picked":"Backflip+1","floor":27.0},{"not_picked":["Heel Hook","Prepared+1"],"picked":"Backflip+1","floor":28.0},{"not_picked":["All Out Attack","Concentrate+1"],"picked":"Deadly Poison+1","floor":30.0},{"not_picked":["Backflip+1","Noxious Fumes"],"picked":"Footwork","floor":31.0}],"player_experience":720114,"relics_obtained":[{"floor":8.0,"key":"Omamori"},{"floor":9.0,"key":"Orichalcum"},{"floor":10.0,"key":"Strawberry"},{"floor":12.0,"key":"Toxic Egg 2"},{"floor":21.0,"key":"Nilry\u0027s Codex"},{"floor":26.0,"key":"Mummified Hand"}],"event_choices":[{"damage_healed":0.0,"max_hp_gain":0.0,"max_hp_loss":0.0,"gold_gain":0.0,"event_name":"The Woman in Blue","player_choice":"Bought 2 Potions","floor":14.0,"gold_loss":0.0,"damage_taken":0.0},{"damage_healed":0.0,"max_hp_gain":0.0,"max_hp_loss":0.0,"gold_gain":0.0,"event_name":"The Mausoleum","player_choice":"Opened","floor":20.0,"gold_loss":0.0,"damage_taken":0.0,"relics_obtained":["Nunchaku"],"cards_obtained":["Writhe"]},{"damage_healed":0.0,"max_hp_gain":0.0,"max_hp_loss":0.0,"gold_gain":0.0,"event_name":"Cursed Tome","player_choice":"Obtained Book","floor":21.0,"gold_loss":0.0,"damage_taken":21.0},{"damage_healed":0.0,"max_hp_gain":0.0,"max_hp_loss":0.0,"gold_gain":0.0,"cards_transformed":["Strike_G","Strike_G"],"event_name":"Drug Dealer","player_choice":"Became Test Subject","floor":23.0,"gold_loss":0.0,"damage_taken":0.0,"cards_obtained":["Choke","Reflex"]},{"damage_healed":0.0,"max_hp_gain":0.0,"max_hp_loss":0.0,"gold_gain":275.0,"event_name":"Golden Shrine","player_choice":"Desecrate","floor":24.0,"gold_loss":0.0,"damage_taken":0.0,"cards_obtained":["Regret"]}],"is_beta":false,"boss_relics":[{"not_picked":["Ring of the Serpent","Lizard Tail"],"picked":"Tiny House"}],"items_purged_floors":[4,22],"is_endless":false,"potions_floor_spawned":[3,5,8,16,18,27,28,30],"killed_by":"Champ","ascension_level":16}