{"gold_per_floor":[115,115,127,9,9,40,40,69,114,114,114,114,130,143,143,243,243,262,273,73,73,89,124,138,138,138,138,156,175,192,66,66,165,215,226,226,244,258,258,258,275,275,299,22,122,140,140,150,150,150],"floor_reached":51,"playtime":1862,"items_purged":["Regret","Strike_R","Strike_R"],"score":729,"play_id":"fd22a62f-352a-459f-99be-712761285f28","local_time":"20190203014821","is_ascension_mode":false,"campfire_choices":[{"floor":7,"key":"REST"},{"data":"Shrug It Off","floor":10,"key":"SMITH"},{"data":"Flame Barrier","floor":12,"key":"SMITH"},{"data":"Clothesline","floor":15,"key":"SMITH"},{"data":"Heavy Blade","floor":27,"key":"SMITH"},{"floor":32,"key":"REST"},{"floor":40,"key":"REST"},{"data":"Demon Form","floor":42,"key":"SMITH"},{"data":"Heavy Blade","floor":47,"key":"SMITH"},{"floor":49,"key":"REST"}],"neow_cost":"NONE","seed_source_timestamp":515555785009552,"circlet_count":0,"master_deck":["Strike_R+1","Strike_R+1","Defend_R","Defend_R","Defend_R","Defend_R+1","Bash","Shrug It Off+1","Heavy Blade+1","Flame Barrier+1","Flex","Cleave","Headbutt","Flame Barrier+1","Clothesline+1","Demon Form+1","Ghostly Armor","Heavy Blade+1","Inflame","Shockwave+1","Shrug It Off","Heavy Blade+1"],"relics":["Burning Blood","Art of War","Whetstone","Incense Burner","Bag of Marbles","Ornamental Fan","Busted Crown","Question Card","Singing Bowl","Tiny House","Potion Belt","Vajra","Magic Flower"],"potions_floor_usage":[1,6,8,16,28,30,33,45,50,50,50,50],"damage_taken":[{"damage":0,"enemies":"2 Louse","floor":1,"turns":1},{"damage":17,"enemies":"Small Slimes","floor":3,"turns":4},{"damage":27,"enemies":"Gremlin Nob","floor":6,"turns":4},{"damage":25,"enemies":"3 Sentries","floor":8,"turns":7},{"damage":2,"enemies":"Jaw Worm","floor":13,"turns":4},{"damage":3,"enemies":"Lots of Slimes","floor":14,"turns":3},{"damage":48,"enemies":"The Guardian","floor":16,"turns":14},{"damage":27,"enemies":"2 Thieves","floor":18,"turns":4},{"damage":16,"enemies":"Shell Parasite","floor":19,"turns":6},{"damage":5,"enemies":"Snake Plant","floor":22,"turns":4},{"damage":15,"enemies":"Slavers","floor":23,"turns":5},{"damage":12,"enemies":"Centurion and Healer","floor":24,"turns":5},{"damage":20,"enemies":"Cultist and Chosen","floor":28,"turns":5},{"damage":14,"enemies":"3 Cultists","floor":29,"turns":5},{"damage":0,"enemies":"Chosen and Byrds","floor":30,"turns":6},{"damage":14,"enemies":"Champ","floor":33,"turns":9},{"damage":7,"enemies":"Orb Walker","floor":35,"turns":4},{"damage":23,"enemies":"3 Darklings","floor":37,"turns":7},{"damage":42,"enemies":"Writhing Mass","floor":38,"turns":5},{"damage":21,"enemies":"Transient","floor":41,"turns":5},{"damage":3,"enemies":"Mind Bloom Boss Battle","floor":45,"turns":6},{"damage":10,"enemies":"Jaw Worm Horde","floor":46,"turns":5},{"damage":12,"enemies":"4 Shapes","floor":48,"turns":4},{"damage":78,"enemies":"Donu and Deca","floor":50,"turns":7}],"seed_played":"-122196181827926305","potions_obtained":[{"floor":0,"key":"SneckoOil"},{"floor":0,"key":"AttackPotion"},{"floor":0,"key":"Ancient Potion"},{"floor":6,"key":"Strength Potion"},{"floor":13,"key":"BloodPotion"},{"floor":19,"key":"PowerPotion"},{"floor":22,"key":"Ancient Potion"},{"floor":29,"key":"Regen Potion"},{"floor":33,"key":"SteroidPotion"},{"floor":34,"key":"SpeedPotion"},{"floor":41,"key":"AttackPotion"},{"floor":45,"key":"Swift Potion"},{"floor":46,"key":"AttackPotion"},{"floor":48,"key":"Dexterity Potion"}],"is_trial":false,"path_per_floor":["M","?","M","$","?","E","R","E","T","R","T","R","M","M","R","B",null,"M","M","$","?","M","E","M","?","T","R","M","M","M","$","R","B",null,"M","?","M","M","?","R","M","R","T","$","?","M","R","M","R","B",null],"character_chosen":"IRONCLAD","items_purchased":["Flame Barrier","Flex","Heavy Blade","Inflame","Heavy Blade","Vajra"],"campfire_rested":4,"item_purchase_floors":[4,4,20,20,31,44],"current_hp_per_floor":[80,64,53,53,53,32,56,37,37,37,37,37,41,44,44,10,80,59,49,49,49,50,41,35,35,35,35,23,17,40,40,65,59,95,96,97,82,48,48,78,65,65,65,65,70,71,71,70,102,33],"gold":150,"neow_bonus":"THREE_SMALL_POTIONS","is_prod":false,"is_daily":false,"chose_seed":false,"campfire_upgraded":6,"win_rate":0,"timestamp":1549176501,"path_taken":["M","?","M","$","?","E","R","E","T","R","?","R","M","M","R","BOSS","M","?","$","?","M","E","M","?","T","R","M","?","M","$","R","BOSS","M","?","?","M","?","R","M","R","T","$","?","M","R","M","R","BOSS"],"build_version":"2019-01-23","purchased_purges":3,"victory":true,"max_hp_per_floor":[80,80,80,80,80,80,80,80,80,80,80,80,80,80,80,80,80,80,80,80,80,80,80,80,80,80,80,82,84,86,86,86,88,95,97,97,99,101,101,101,103,103,103,103,105,107,107,109,109,109],"card_choices":[{"not_picked":["Havoc","Rampage"],"picked":"Shrug It Off","floor":1},{"not_picked":["True Grit","Sever Soul"],"picked":"Heavy Blade","floor":3},{"not_picked":["Sentinel","Carnage"],"picked":"Cleave","floor":6},{"not_picked":["Havoc","Sentinel"],"picked":"Headbutt","floor":8},{"not_picked":["Wild Strike","Perfected Strike"],"picked":"Flame Barrier","floor":13},{"not_picked":["Feel No Pain","Havoc"],"picked":"Clothesline","floor":14},{"not_picked":["Offering","Fiend Fire"],"picked":"Demon Form","floor":16},{"not_picked":["Anger+1"],"picked":"SKIP","floor":18},{"not_picked":[],"picked":"Ghostly Armor","floor":19},{"not_picked":[],"picked":"Shockwave+1","floor":22},{"not_picked":["Seeing Red"],"picked":"SKIP","floor":23},{"not_picked":["Bloodletting+1"],"picked":"Shrug It Off","floor":24},{"not_picked":["Reckless Charge","Havoc+1"],"picked":"Singing Bowl","floor":28},{"not_picked":["Rage","Headbutt"],"picked":"Singing Bowl","floor":29},{"not_picked":["Shrug It Off","Havoc"],"picked":"Singing Bowl","floor":30},{"not_picked":["Impervious","Immolate"],"picked":"Singing Bowl","floor":33},{"not_picked":["Power Through+1","Shockwave"],"picked":"Singing Bowl","floor":34},{"not_picked":["Corruption+1","Clash"],"picked":"Singing Bowl","floor":35},{"not_picked":["Cleave+1","Anger"],"picked":"Singing Bowl","floor":37},{"not_picked":["Shockwave","Pommel Strike"],"picked":"Singing Bowl","floor":38},{"not_picked":["Havoc+1","Dual Wield+1"],"picked":"Singing Bowl","floor":41},{"not_picked":["Rupture+1","Intimidate"],"picked":"Singing Bowl","floor":45},{"not_picked":["Disarm+1","Ghostly Armor"],"picked":"Singing Bowl","floor":46},{"not_picked":["Flex","Carnage"],"picked":"Singing Bowl","floor":48}],"player_experience":44215,"relics_obtained":[{"floor":6,"key":"Whetstone"},{"floor":8,"key":"Incense Burner"},{"floor":9,"key":"Bag of Marbles"},{"floor":11,"key":"Ornamental Fan"},{"floor":23,"key":"Question Card"},{"floor":26,"key":"Singing Bowl"},{"floor":43,"key":"Potion Belt"},{"floor":45,"key":"Magic Flower"}],"event_choices":[{"damage_healed":0,"gold_gain":0,"player_choice":"Entered Light","damage_taken":16,"max_hp_gain":0,"max_hp_loss":0,"event_name":"Shining Light","floor":2,"gold_loss":0,"cards_upgraded":["Strike_R","Defend_R"]},{"damage_healed":0,"gold_gain":0,"player_choice":"Box","damage_taken":0,"relics_obtained":["Art of War"],"max_hp_gain":0,"max_hp_loss":0,"event_name":"Big Fish","floor":5,"gold_loss":0,"cards_obtained":["Regret"]},{"damage_healed":0,"gold_gain":0,"player_choice":"Ignored","damage_taken":0,"max_hp_gain":0,"max_hp_loss":0,"event_name":"Vampires","floor":21,"gold_loss":0},{"cards_removed":["Strike_R"],"damage_healed":0,"gold_gain":0,"player_choice":"Offered Basic","damage_taken":0,"max_hp_gain":0,"max_hp_loss":0,"event_name":"Bonfire Elementals","floor":25,"gold_loss":0},{"damage_healed":1,"gold_gain":0,"player_choice":"Full Heal","damage_taken":0,"max_hp_gain":0,"max_hp_loss":0,"event_name":"Wheel of Change","floor":36,"gold_loss":0},{"damage_healed":0,"gold_gain":0,"player_choice":"Ignored","damage_taken":0,"max_hp_gain":0,"max_hp_loss":0,"event_name":"The Moai Head","floor":39,"gold_loss":0},{"damage_healed":0,"gold_gain":0,"player_choice":"Fight","damage_taken":0,"max_hp_gain":0,"max_hp_loss":0,"event_name":"MindBloom","floor":45,"gold_loss":0}],"is_beta":false,"boss_relics":[{"not_picked":["Fusion Hammer","Ectoplasm"],"picked":"Busted Crown"},{"not_picked":["Mark of Pain","Pandora\u0027s Box"],"picked":"Tiny House"}],"items_purged_floors":[20,31,44],"is_endless":false,"potions_floor_spawned":[6,13,19,22,29,33,41,45,46,48],"ascension_level":0}