{"path_per_floor":["?","?","?","?","?","?","?","?","?","?","?","?","?","?","?","B",null,"?","?","?","?","?","?","?","?","?","?","?","?","?","?","?"],"character_chosen":"IRONCLAD","items_purchased":["Anchor","Rampage","Bag of Preparation","Evolve"],"gold_per_floor":[114,129,144,159,174,204,219,219,294,294,16,31,46,121,121,221,221,236,16,16,30,45,45,45,60,135,150,165,215,215,230,230],"floor_reached":33,"campfire_rested":3,"playtime":2069,"current_hp_per_floor":[80,80,80,67,64,64,63,63,63,63,63,67,70,70,70,50,87,79,79,79,57,49,66,66,69,69,72,40,40,57,43,60],"items_purged":["Strike_R"],"gold":230,"score":255,"play_id":"818608ce-3667-470e-9bc3-d807891cbc6a","local_time":"20180308155459","daily_mods":[{"name":"Shiny","description":"Start with 1 Rare card.","modID":"Shiny","img":{"data":{"file":{"file":{"path":"images\\ui\\run_mods\\shiny.png"},"type":"Internal"},"width":64,"height":64,"format":"RGBA8888","useMipMaps":false,"isPrepared":false},"glTarget":3553,"glHandle":682,"minFilter":"Linear","magFilter":"Linear","uWrap":"ClampToEdge","vWrap":"ClampToEdge"},"positive":true},{"name":"Uncertain Future","description":"The map shows only ?.","modID":"Uncertain Future","img":{"data":{"file":{"file":{"path":"images\\ui\\run_mods\\uncertain_future.png"},"type":"Internal"},"width":64,"height":64,"format":"RGBA8888","useMipMaps":false,"isPrepared":false},"glTarget":3553,"glHandle":679,"minFilter":"Linear","magFilter":"Linear","uWrap":"ClampToEdge","vWrap":"ClampToEdge"},"positive":false},{"name":"Night Terrors","description":"Resting at Rest Sites heals 20% of your HP, rather than 30%.","modID":"Night Terrors","img":{"data":{"file":{"file":{"path":"images\\ui\\run_mods\\night_terrors.png"},"type":"Internal"},"width":64,"height":64,"format":"RGBA8888","useMipMaps":false,"isPrepared":false},"glTarget":3553,"glHandle":678,"minFilter":"Linear","magFilter":"Linear","uWrap":"ClampToEdge","vWrap":"ClampToEdge"},"positive":false},{"name":"Vintage","description":"The Merchant\u0027s prices are increased by 25%.","modID":"Vintage","img":{"data":{"file":{"file":{"path":"images\\ui\\run_mods\\vintage.png"},"type":"Internal"},"width":64,"height":64,"format":"RGBA8888","useMipMaps":false,"isPrepared":false},"glTarget":3553,"glHandle":677,"minFilter":"Linear","magFilter":"Linear","uWrap":"ClampToEdge","vWrap":"ClampToEdge"},"positive":false}],"is_prod":false,"is_daily":true,"is_ascension_mode":false,"campfire_upgraded":2,"timestamp":1520524499,"path_taken":["?","?","?","?","?","?","?","?","?","?","?","?","?","?","?","BOSS","?","?","?","?","?","?","?","?","?","?","?","?","?","?","?","BOSS"],"build_version":"2018-03-01-PROD1","purchased_purges":1,"victory":false,"master_deck":["Strike_R","Strike_R","Strike_R","Defend_R","Defend_R","Defend_R","Defend_R","Bash","Demon Form","Heavy Blade","Cleave","Pommel Strike","Headbutt","Shrug It Off","Barricade+1","Warcry","Rampage","Thunderclap","Bloodletting+1","Impervious","Shrug It Off","Evolve","Uppercut+1","Doubt","Limit Break","Regret"],"max_hp_per_floor":[80,80,80,80,80,87,87,87,87,87,87,87,87,87,87,87,87,87,87,87,87,87,87,87,87,87,87,87,87,87,89,89],"relics":["Burning Blood","Strawberry","The Courier","Anchor","Toolbox","Cursed Key","Bag of Preparation","Shuriken","Singing Bowl"],"card_choices":[{"not_picked":["Anger","Iron Wave"],"picked":"Heavy Blade"},{"not_picked":["Sword Boomerang","Clash"],"picked":"Cleave"},{"not_picked":["Havoc","Rage"],"picked":"Pommel Strike"},{"not_picked":["Wild Strike","Blood for Blood"],"picked":"Headbutt"},{"not_picked":["Sword Boomerang","Twin Strike"],"picked":"Shrug It Off"},{"not_picked":["Body Slam","Perfected Strike"],"picked":"Barricade"},{"not_picked":["Twin Strike","Sword Boomerang"],"picked":"Warcry"},{"not_picked":["Iron Wave","Anger"],"picked":"Thunderclap"},{"not_picked":["Evolve","Pommel Strike"],"picked":"Bloodletting"},{"not_picked":["Brutality","Bludgeon"],"picked":"Impervious"},{"not_picked":["Clash","Infernal Blade"],"picked":"Shrug It Off"},{"not_picked":["Iron Wave","Flex"],"picked":"Uppercut"},{"not_picked":["Flex","Shrug It Off"],"picked":"Limit Break"}],"player_experience":129038,"potions_floor_usage":[6,7,16,28,33,33],"damage_taken":[{"damage":4,"enemies":"2 Louse","floor":1,"turns":3},{"damage":1,"enemies":"Cultist","floor":2,"turns":3},{"damage":1,"enemies":"Jaw Worm","floor":3,"turns":5},{"damage":19,"enemies":"Exordium Wildlife","floor":4,"turns":4},{"damage":9,"enemies":"2 Fungi Beasts","floor":5,"turns":3},{"damage":13,"enemies":"Lagavulin","floor":6,"turns":7},{"damage":7,"enemies":"Blue Slaver","floor":7,"turns":5},{"damage":2,"enemies":"Large Slime","floor":12,"turns":6},{"damage":3,"enemies":"2 Fungi Beasts","floor":13,"turns":4},{"damage":26,"enemies":"Slime Boss","floor":16,"turns":7},{"damage":14,"enemies":"Spheric Guardian","floor":18,"turns":5},{"damage":28,"enemies":"2 Thieves","floor":21,"turns":5},{"damage":14,"enemies":"3 Cultists","floor":22,"turns":6},{"damage":3,"enemies":"Centurion and Healer","floor":25,"turns":7},{"damage":3,"enemies":"Snake Plant","floor":27,"turns":6},{"damage":38,"enemies":"Cultist and Chosen","floor":28,"turns":7},{"damage":22,"enemies":"3 Cultists","floor":31,"turns":5},{"damage":76,"enemies":"Automaton","floor":33,"turns":9}],"event_choices":[{"event_name":"Match and Keep!","player_choice":"0 cards matched","floor":10,"damage_taken":0},{"event_name":"Drug Dealer","player_choice":"Ignored","floor":20,"damage_taken":0},{"event_name":"Back to Basics","player_choice":"Elegance","floor":24,"damage_taken":0}],"boss_relics":[{"not_picked":["Eternal Feather","White Beast Statue"],"picked":"Cursed Key"}],"potions_floor_spawned":[2,5,6,21,25,31],"seed_played":"-8756636655409120335","killed_by":"Automaton","ascension_level":0,"is_trial":false}