{"path_per_floor":["M","?","M","$","?","R","E","R","T","E","M","?","R","E","R","B",null,"M","?","?","?","$","E","M","R","T","E","R","M","R","?","R","B",null,"M","$","M","?","M","M","R"],"character_chosen":"THE_SILENT","items_purchased":["Vajra","PiercingWail","Lee\u0027s Waffle","Bag of Preparation"],"gold_per_floor":[118,118,136,61,61,61,90,90,116,448,465,465,465,493,493,590,590,608,608,608,658,353,380,398,398,398,430,430,448,448,363,363,463,463,473,1,17,17,37,56,56],"floor_reached":42,"campfire_rested":7,"playtime":3141,"current_hp_per_floor":[68,68,67,67,72,72,58,75,75,61,55,48,70,49,71,28,75,75,52,52,52,52,44,49,49,49,11,27,9,25,25,41,44,54,38,63,57,63,30,31,49],"items_purged":["Strike_G","Defend_G","Bite"],"gold":56,"score":472,"play_id":"30d3b4b8-a7bd-4709-98e4-6fbd7c2e7f2d","local_time":"20180303163442","is_prod":false,"is_daily":false,"is_ascension_mode":true,"campfire_upgraded":2,"timestamp":1520094882,"path_taken":["M","?","M","$","?","R","E","R","T","E","M","?","R","E","R","BOSS","M","?","?","?","$","E","M","R","T","E","R","?","R","?","R","BOSS","M","$","M","?","M","M","R","E"],"build_version":"2018-03-01-PROD1","purchased_purges":3,"victory":false,"master_deck":["Defend_G","Defend_G","Defend_G","Survivor","Neutralize","Backflip","Bouncing Flask+1","Quick Slash","Noxious Fumes+1","Quick Slash","Corpse Explosion","Noxious Fumes","Bite","Bite","Bite","Bite","Catalyst","PiercingWail","Well Laid Plans","Outmaneuver+1","Calculated Gamble+1","Night Terror+1","Deadly Poison+1","Catalyst+1"],"max_hp_per_floor":[70,70,70,70,75,75,75,75,75,75,75,75,75,75,75,75,75,75,52,52,52,52,52,52,52,52,54,54,54,54,54,54,54,54,56,63,63,63,63,63,63],"relics":["Ring of the Snake","Bronze Scales","Singing Bowl","Old Coin","Bag of Marbles","The Specimen","Vajra","Toxic Egg 2","Peace Pipe","Omamori","Dead Branch","Velvet Choker","Lee\u0027s Waffle","Bag of Preparation"],"card_choices":[{"not_picked":["Well Laid Plans","Dagger Throw"],"picked":"Backflip"},{"not_picked":["Expertise","Slice"],"picked":"Bouncing Flask"},{"not_picked":["PiercingWail","Bane"],"picked":"Quick Slash"},{"not_picked":["Outmaneuver","Prepared"],"picked":"Noxious Fumes"},{"not_picked":["Bane","Dagger Spray"],"picked":"Quick Slash"},{"not_picked":["Burst","Venomology"],"picked":"Corpse Explosion"},{"not_picked":["Cloak And Dagger","Eviscerate"],"picked":"Noxious Fumes"},{"not_picked":["PiercingWail","Accuracy"],"picked":"Well Laid Plans"},{"not_picked":["Prepared","Deflect"],"picked":"Outmaneuver"},{"not_picked":["PiercingWail","Blade Dance"],"picked":"Calculated Gamble"},{"not_picked":["Venomology","Unload"],"picked":"Night Terror"},{"not_picked":["Slice","Prepared"],"picked":"Deadly Poison"},{"not_picked":["Expertise","Infinite Blades"],"picked":"Catalyst"}],"player_experience":114540,"potions_floor_usage":[7,14,16,24,27,40,42,42,42],"damage_taken":[{"damage":2,"enemies":"2 Louse","floor":1,"turns":3},{"damage":1,"enemies":"Cultist","floor":3,"turns":6},{"damage":14,"enemies":"3 Sentries","floor":7,"turns":10},{"damage":14,"enemies":"Lagavulin","floor":10,"turns":9},{"damage":6,"enemies":"Jaw Worm","floor":11,"turns":2},{"damage":21,"enemies":"3 Sentries","floor":14,"turns":7},{"damage":43,"enemies":"Hexaghost","floor":16,"turns":7},{"damage":0,"enemies":"Chosen","floor":18,"turns":4},{"damage":22,"enemies":"Gremlin Leader","floor":23,"turns":6},{"damage":5,"enemies":"3 Byrds","floor":24,"turns":3},{"damage":40,"enemies":"Slavers","floor":27,"turns":5},{"damage":28,"enemies":"Snake Plant","floor":29,"turns":4},{"damage":7,"enemies":"Collector","floor":33,"turns":6},{"damage":26,"enemies":"3 Darklings","floor":35,"turns":4},{"damage":6,"enemies":"3 Shapes","floor":37,"turns":4},{"damage":43,"enemies":"3 Darklings","floor":39,"turns":4},{"damage":3,"enemies":"Maw","floor":40,"turns":3},{"damage":62,"enemies":"2 Orb Walkers","floor":42,"turns":4}],"event_choices":[{"event_name":"The Woman in Blue","player_choice":"Bought 0 Potions","floor":2,"damage_taken":0},{"event_name":"Big Fish","player_choice":"Donut","floor":5,"damage_taken":0},{"event_name":"Golden Wing","player_choice":"Card Removal","floor":12,"damage_taken":0},{"event_name":"Vampires","player_choice":"Became a vampire","floor":19,"damage_taken":0},{"event_name":"The Library","player_choice":"Read","floor":20,"damage_taken":0},{"event_name":"The Joust","player_choice":"Bet on Murderer","floor":21,"damage_taken":0},{"event_name":"Addict","player_choice":"Obtained Relic","floor":31,"damage_taken":0},{"event_name":"Winding Halls","player_choice":"Writhe","floor":38,"damage_taken":0}],"boss_relics":[{"not_picked":["Eternal Feather","Ectoplasm"],"picked":"The Specimen"},{"not_picked":["Astrolabe","Question Card"],"picked":"Velvet Choker"}],"potions_floor_spawned":[1,10,11,14,23,24,27,33,39,40],"seed_played":"4326167548617959130","killed_by":"2 Orb Walkers","ascension_level":1,"is_trial":false}