{"gold_per_floor":[111,130,130,186,205,231,231,257,257,270,305,305,334,344,344,423,423,439,364,384,259,272,272,282,282,360,386,366,395,414,414,414,491,491,505,505,505,521,74,92,105,105,132,132,160,110,110,130,130,130],"floor_reached":51,"playtime":5141,"items_purged":["Distraction","Setup","Dagger Throw"],"score":1313,"play_id":"5fdf5398-bcfb-4321-ac7c-6ddc2dc204d9","local_time":"20181227013706","is_ascension_mode":true,"campfire_choices":[{"floor":7.0,"key":"REST"},{"floor":12.0,"key":"REST"},{"data":"Footwork","floor":15.0,"key":"SMITH"},{"data":"Crippling Poison","floor":23.0,"key":"SMITH"},{"data":"Noxious Fumes","floor":25.0,"key":"SMITH"},{"data":"Malaise","floor":32.0,"key":"SMITH"},{"data":"Crippling Poison","floor":42.0,"key":"SMITH"},{"data":"Burst","floor":44.0,"key":"SMITH"},{"data":"Corpse Explosion","floor":47,"key":"SMITH"},{"data":"Choke","floor":49,"key":"SMITH"}],"neow_cost":"NONE","seed_source_timestamp":282786188243467,"circlet_count":0,"master_deck":["AscendersBane","Survivor","Neutralize","Bullet Time","Footwork+1","Bouncing Flask+1","Corpse Explosion+1","Noxious Fumes+1","Malaise+1","Night Terror","Eviscerate","Choke+1","Crippling Poison+1","Sucker Punch","Tools of the Trade","Eviscerate","Backflip","Dodge and Roll","Dodge and Roll","Bullet Time","Crippling Poison+1","Wraith Form v2+1","A Thousand Cuts+1","Footwork+1","Wraith Form v2+1","Noxious Fumes+1","Burst+1","Blur"],"special_seed":0,"relics":["Snecko Eye","Tiny Chest","FossilizedHelix","Regal Pillow","Question Card","Oddly Smooth Stone","Bag of Marbles","Pandora\u0027s Box","Bottled Lightning","Smiling Mask","Frozen Egg 2","Eternal Feather","Ginger","DollysMirror","Anchor","Bag of Preparation"],"potions_floor_usage":[50,50],"damage_taken":[{"damage":0.0,"enemies":"Small Slimes","floor":1.0,"turns":5.0},{"damage":1.0,"enemies":"Jaw Worm","floor":2.0,"turns":5.0},{"damage":0.0,"enemies":"Cultist","floor":5.0,"turns":3.0},{"damage":35.0,"enemies":"Gremlin Nob","floor":6.0,"turns":6.0},{"damage":7.0,"enemies":"Lagavulin","floor":8.0,"turns":6.0},{"damage":0.0,"enemies":"Red Slaver","floor":10.0,"turns":4.0},{"damage":0.0,"enemies":"3 Sentries","floor":11.0,"turns":7.0},{"damage":0.0,"enemies":"Lagavulin","floor":13.0,"turns":7.0},{"damage":0.0,"enemies":"Large Slime","floor":14.0,"turns":4.0},{"damage":4.0,"enemies":"Slime Boss","floor":16.0,"turns":10.0},{"damage":0.0,"enemies":"3 Byrds","floor":18.0,"turns":2.0},{"damage":0.0,"enemies":"Spheric Guardian","floor":20.0,"turns":2.0},{"damage":6.0,"enemies":"Snake Plant","floor":22.0,"turns":5.0},{"damage":0.0,"enemies":"Sentry and Sphere","floor":24.0,"turns":3.0},{"damage":7.0,"enemies":"Book of Stabbing","floor":29.0,"turns":4.0},{"damage":0.0,"enemies":"Chosen and Byrds","floor":30.0,"turns":3.0},{"damage":5.0,"enemies":"Champ","floor":33.0,"turns":10.0},{"damage":10.0,"enemies":"Orb Walker","floor":35.0,"turns":4.0},{"damage":3.0,"enemies":"3 Darklings","floor":38.0,"turns":5.0},{"damage":0.0,"enemies":"Writhing Mass","floor":40.0,"turns":6.0},{"damage":0.0,"enemies":"Maw","floor":41.0,"turns":5.0},{"damage":1.0,"enemies":"Giant Head","floor":45.0,"turns":8.0},{"damage":0,"enemies":"4 Shapes","floor":48,"turns":3},{"damage":19,"enemies":"Donu and Deca","floor":50,"turns":5}],"seed_played":"9085844797570015712","potions_obtained":[{"floor":2.0,"key":"Energy Potion"},{"floor":6.0,"key":"SteroidPotion"},{"floor":8.0,"key":"SteroidPotion"},{"floor":14.0,"key":"Weak Potion"},{"floor":18.0,"key":"Energy Potion"},{"floor":24.0,"key":"PowerPotion"},{"floor":28.0,"key":"Swift Potion"},{"floor":35.0,"key":"EssenceOfSteel"},{"floor":48,"key":"PowerPotion"}],"is_trial":false,"path_per_floor":["M","M","?","T","M","E","R","E","T","M","E","R","E","M","R","B",null,"M","$","M","$","M","R","M","R","T","T","?","E","M","?","R","B",null,"M","?","T","M","$","M","M","R","T","R","E","?","R","M","R","B",null],"character_chosen":"THE_SILENT","items_purchased":["Dodge and Roll","DollysMirror","Noxious Fumes+1","Burst"],"campfire_rested":2,"item_purchase_floors":[21,39,39,39],"current_hp_per_floor":[59,58,38,38,38,3,22,15,15,15,15,49,49,49,49,45,61,61,61,61,61,55,55,55,55,55,55,55,48,48,48,48,43,60,50,50,50,47,47,47,47,62,62,66,65,65,66,66,66,47],"gold":130,"neow_bonus":"BOSS_RELIC","is_prod":false,"is_daily":false,"chose_seed":false,"campfire_upgraded":8,"win_rate":0,"timestamp":1545871026,"path_taken":["M","M","?","?","?","E","R","E","T","M","E","R","E","M","R","BOSS","M","$","M","$","M","R","M","R","T","?","?","E","?","?","R","BOSS","M","?","?","M","$","M","M","R","T","R","E","?","R","?","R","BOSS"],"build_version":"2018-12-20","purchased_purges":3,"victory":true,"max_hp_per_floor":[66,66,66,66,66,66,66,66,66,66,66,66,66,66,66,66,66,66,66,66,66,66,66,66,66,66,66,66,66,66,66,66,66,66,66,66,66,66,66,66,66,66,66,66,66,66,66,66,66,66],"card_choices":[{"not_picked":["Flying Knee","Quick Slash","Deadly Poison"],"picked":"SKIP","floor":1.0},{"not_picked":["Bane","Caltrops"],"picked":"Dagger Throw","floor":2.0},{"not_picked":["Deadly Poison","Escape Plan"],"picked":"Backstab","floor":5.0},{"not_picked":["Quick Slash","Flying Knee"],"picked":"Bullet Time","floor":6.0},{"not_picked":["Prepared","Bane"],"picked":"Footwork","floor":8.0},{"not_picked":["Dagger Throw","Cloak And Dagger","Deadly Poison"],"picked":"Bouncing Flask","floor":10.0},{"not_picked":["Underhanded Strike","Deadly Poison","PiercingWail"],"picked":"Corpse Explosion","floor":11.0},{"not_picked":["Deadly Poison","Outmaneuver","Dodge and Roll"],"picked":"Noxious Fumes","floor":13.0},{"not_picked":["Prepared","Deflect","Outmaneuver","Underhanded Strike"],"picked":"SKIP","floor":14.0},{"not_picked":["Die Die Die","Bullet Time","Tools of the Trade"],"picked":"Malaise","floor":16.0},{"not_picked":["Cloak And Dagger","Setup","Dagger Spray"],"picked":"Backflip","floor":18.0},{"not_picked":["Prepared","Infinite Blades","Calculated Gamble"],"picked":"Dodge and Roll","floor":20.0},{"not_picked":["Cloak And Dagger+1","Expertise","Outmaneuver"],"picked":"Bullet Time","floor":22.0},{"not_picked":["Acrobatics","Reflex+1","Dash"],"picked":"Crippling Poison","floor":24.0},{"not_picked":["Underhanded Strike+1","Masterful Stab+1","PiercingWail"],"picked":"Wraith Form v2","floor":29.0},{"not_picked":["Deadly Poison","Flying Knee","Outmaneuver","Poisoned Stab"],"picked":"SKIP","floor":30.0},{"not_picked":["Venomology","Corpse Explosion","Grand Finale"],"picked":"A Thousand Cuts+1","floor":33.0},{"not_picked":["Dagger Throw+1","Tactician","Dagger Spray"],"picked":"Footwork+1","floor":35.0},{"not_picked":["Tactician","Crippling Poison","Acrobatics","Outmaneuver"],"picked":"SKIP","floor":38.0},{"not_picked":["Bane","Infinite Blades+1","Setup+1","Slice+1"],"picked":"SKIP","floor":40.0},{"not_picked":["Expertise","Dagger Throw","Quick Slash","Corpse Explosion"],"picked":"SKIP","floor":41.0},{"not_picked":["Dash","Infinite Blades+1","Underhanded Strike"],"picked":"Blur","floor":45.0},{"not_picked":["Dodge and Roll","Flying Knee","Concentrate","Finisher+1"],"picked":"SKIP","floor":48}],"player_experience":696592,"relics_obtained":[{"floor":4.0,"key":"Tiny Chest"},{"floor":6.0,"key":"FossilizedHelix"},{"floor":8.0,"key":"Regal Pillow"},{"floor":9.0,"key":"Question Card"},{"floor":11.0,"key":"Oddly Smooth Stone"},{"floor":13.0,"key":"Bag of Marbles"},{"floor":26.0,"key":"Bottled Lightning"},{"floor":27.0,"key":"Smiling Mask"},{"floor":29.0,"key":"Frozen Egg 2"},{"floor":37.0,"key":"Ginger"},{"floor":43.0,"key":"Anchor"},{"floor":45.0,"key":"Bag of Preparation"}],"event_choices":[{"damage_healed":0.0,"max_hp_gain":0.0,"max_hp_loss":0.0,"gold_gain":0.0,"event_name":"Shining Light","player_choice":"Entered Light","floor":3.0,"gold_loss":0.0,"damage_taken":20.0,"cards_upgraded":["Defend_G","Defend_G"]},{"damage_healed":0.0,"max_hp_gain":0.0,"max_hp_loss":0.0,"gold_gain":0.0,"event_name":"The Woman in Blue","player_choice":"Bought 1 Potion","floor":28.0,"gold_loss":0.0,"damage_taken":0.0},{"cards_removed":["Backstab"],"damage_healed":0.0,"max_hp_gain":0.0,"max_hp_loss":0.0,"gold_gain":0.0,"event_name":"Back to Basics","player_choice":"Elegance","floor":31.0,"gold_loss":0.0,"damage_taken":0.0},{"cards_removed":["Dagger Spray"],"damage_healed":0.0,"max_hp_gain":0.0,"max_hp_loss":0.0,"gold_gain":0.0,"event_name":"Falling","player_choice":"Removed Attack","floor":36.0,"gold_loss":0.0,"damage_taken":0.0},{"damage_healed":0,"gold_gain":0,"player_choice":"Upgrade","damage_taken":0,"max_hp_gain":0,"max_hp_loss":0,"event_name":"Designer","floor":46,"gold_loss":50,"cards_upgraded":["Bouncing Flask"]}],"is_beta":false,"boss_relics":[{"not_picked":["Fusion Hammer","Black Star"],"picked":"Pandora\u0027s Box"},{"not_picked":["Calling Bell","WristBlade"],"picked":"Eternal Feather"}],"items_purged_floors":[19,21,39],"is_endless":false,"potions_floor_spawned":[2,6,8,14,18,24,29,35,40,48],"ascension_level":15}