{"gold_per_floor":[118,132,148,168,23,23,198,55,55,72,104,104,104,104],"floor_reached":14,"playtime":1018,"items_purged":["Regret"],"score":95,"play_id":"1cb8186b-6e71-4d27-aa37-22cfdf96f800","local_time":"20181021120300","is_ascension_mode":true,"campfire_choices":[{"data":"Noxious Fumes","floor":6,"key":"SMITH"},{"floor":13,"key":"REST"}],"neow_cost":"CURSE","seed_source_timestamp":670261728291872,"circlet_count":0,"master_deck":["Defend_G","Defend_G","Defend_G","Strike_G","Strike_G","Strike_G","Strike_G","Strike_G","Survivor","Neutralize","Flechettes","Backflip","Leg Sweep","Prepared","Quick Slash","Tools of the Trade","Noxious Fumes+1","Doubt","Burst","Infinite Blades","Burst"],"relics":["Ring of the Snake","Bottled Lightning","Calipers","Frozen Egg 2"],"potions_floor_usage":[],"damage_taken":[{"damage":2,"enemies":"Small Slimes","floor":1,"turns":3},{"damage":3,"enemies":"2 Louse","floor":2,"turns":4},{"damage":1,"enemies":"Cultist","floor":3,"turns":6},{"damage":24,"enemies":"Gremlin Gang","floor":4,"turns":7},{"damage":13,"enemies":"Exordium Thugs","floor":10,"turns":5},{"damage":25,"enemies":"Gremlin Nob","floor":11,"turns":5},{"damage":23,"enemies":"3 Sentries","floor":14,"turns":5}],"seed_played":"-2201004354877652972","potions_obtained":[{"floor":10,"key":"PowerPotion"},{"floor":11,"key":"SkillPotion"}],"is_trial":false,"path_per_floor":["M","M","M","M","$","R","?","$","T","M","E","T","R"],"character_chosen":"THE_SILENT","items_purchased":["Noxious Fumes","Burst"],"campfire_rested":1,"item_purchase_floors":[5,8],"current_hp_per_floor":[68,65,64,40,40,40,40,40,40,27,2,2,23,0],"gold":104,"neow_bonus":"TRANSFORM_TWO_CARDS","is_prod":false,"is_daily":false,"chose_seed":false,"campfire_upgraded":1,"win_rate":0,"timestamp":1540116180,"path_taken":["M","M","M","M","$","R","?","$","T","?","E","?","R","E"],"build_version":"2018-10-18","purchased_purges":1,"victory":false,"max_hp_per_floor":[70,70,70,70,70,70,70,70,70,70,70,70,70,70],"card_choices":[{"not_picked":["Slice","Dagger Throw"],"picked":"Leg Sweep","floor":1},{"not_picked":["Deflect","Masterful Stab"],"picked":"Prepared","floor":2},{"not_picked":["Underhanded Strike","Outmaneuver"],"picked":"Quick Slash","floor":3},{"not_picked":["Deflect","Underhanded Strike"],"picked":"Tools of the Trade","floor":4},{"not_picked":["Prepared","Distraction"],"picked":"Infinite Blades","floor":10},{"not_picked":["Bane","Flechettes"],"picked":"Burst","floor":11}],"player_experience":189923,"relics_obtained":[{"floor":9,"key":"Bottled Lightning"},{"floor":11,"key":"Calipers"},{"floor":12,"key":"Frozen Egg 2"}],"event_choices":[{"damage_healed":0,"gold_gain":175,"player_choice":"AGREE","damage_taken":0,"max_hp_gain":0,"max_hp_loss":0,"event_name":"Liars Game","floor":7,"gold_loss":0,"cards_obtained":["Doubt"]}],"is_beta":false,"boss_relics":[],"items_purged_floors":[5],"is_endless":false,"potions_floor_spawned":[10,11],"killed_by":"3 Sentries","ascension_level":1}