{"gold_per_floor":[112,122,139,64,64,93,93,111,111,111,130,130,158,158,158,255,255,266,266,276,287,287,321,321,321,321,333,378,390,437,469,481,591,603,630,655,667,35,135,135,164,180,180,191,225,237,247,49,49,49],"floor_reached":51,"playtime":4935,"items_purged":["Strike_B","Strike_B+1"],"score":1080,"play_id":"f777ff1b-a4cc-446c-8376-b1cfee5831de","local_time":"20190122012045","is_ascension_mode":true,"campfire_choices":[{"data":"Zap","floor":7.0,"key":"SMITH"},{"data":"1","floor":10.0,"key":"LIFT"},{"data":"2","floor":15.0,"key":"LIFT"},{"data":"3","floor":24.0,"key":"LIFT"},{"data":"Scrape","floor":27.0,"key":"SMITH"},{"data":"Hologram","floor":29.0,"key":"SMITH"},{"data":"Dualcast","floor":32.0,"key":"SMITH"},{"floor":40,"key":"REST"},{"floor":49,"key":"REST"}],"neow_cost":"NONE","seed_source_timestamp":41791774442636,"circlet_count":0,"master_deck":["Strike_B+1","Strike_B+1","Defend_B+1","Defend_B+1","Defend_B+1","Defend_B+1","Zap+1","Dualcast+1","Chill","Steam","Cold Snap","Tempest","Go for the Eyes","BootSequence","FTL","Hyperbeam+1","Hologram+1","Scrape+1","Coolheaded","Go for the Eyes","Loop","Coolheaded+1","All For One","Scrape+1","All For One","Beam Cell+1","Gash"],"special_seed":0,"relics":["FrozenCore","Girya","Gremlin Horn","Mercury Hourglass","Thread and Needle","Shuriken","Smiling Mask","MawBank","Omamori","Singing Bowl","Fusion Hammer","Anchor","HandDrill","Blood Vial","Boot","Blue Candle","Turnip","Vajra"],"potions_floor_usage":[50],"damage_taken":[{"damage":11.0,"enemies":"Cultist","floor":1.0,"turns":4.0},{"damage":0.0,"enemies":"2 Louse","floor":2.0,"turns":3.0},{"damage":0.0,"enemies":"Jaw Worm","floor":3.0,"turns":3.0},{"damage":1.0,"enemies":"3 Sentries","floor":6.0,"turns":9.0},{"damage":0.0,"enemies":"Exordium Wildlife","floor":8.0,"turns":3.0},{"damage":2.0,"enemies":"Lots of Slimes","floor":11.0,"turns":3.0},{"damage":1.0,"enemies":"Lagavulin","floor":13.0,"turns":7.0},{"damage":0.0,"enemies":"The Guardian","floor":16.0,"turns":10.0},{"damage":0.0,"enemies":"Spheric Guardian","floor":18.0,"turns":3.0},{"damage":0.0,"enemies":"2 Thieves","floor":20.0,"turns":2.0},{"damage":1.0,"enemies":"Snecko","floor":21.0,"turns":5.0},{"damage":10.0,"enemies":"Slavers","floor":23.0,"turns":5.0},{"damage":4.0,"enemies":"Book of Stabbing","floor":28.0,"turns":5.0},{"damage":3.0,"enemies":"Slavers","floor":30.0,"turns":3.0},{"damage":0.0,"enemies":"Chosen and Byrds","floor":31.0,"turns":4.0},{"damage":40.0,"enemies":"Champ","floor":33.0,"turns":12.0},{"damage":0.0,"enemies":"3 Darklings","floor":35.0,"turns":4.0},{"damage":0.0,"enemies":"Orb Walker","floor":36.0,"turns":2.0},{"damage":0,"enemies":"Reptomancer","floor":41,"turns":4},{"damage":0,"enemies":"Writhing Mass","floor":42,"turns":4},{"damage":0,"enemies":"Jaw Worm Horde","floor":44,"turns":1},{"damage":11,"enemies":"Nemesis","floor":45,"turns":4},{"damage":14,"enemies":"Maw","floor":46,"turns":5},{"damage":0,"enemies":"4 Shapes","floor":47,"turns":1},{"damage":8,"enemies":"Awakened One","floor":50,"turns":7}],"seed_played":"5408078540178584280","potions_obtained":[{"floor":0.0,"key":"FairyPotion"},{"floor":0.0,"key":"Block Potion"},{"floor":0.0,"key":"Weak Potion"},{"floor":1.0,"key":"Strength Potion"},{"floor":5.0,"key":"Fire Potion"},{"floor":6.0,"key":"Explosive Potion"},{"floor":8.0,"key":"Energy Potion"},{"floor":20.0,"key":"FearPotion"},{"floor":30.0,"key":"EssenceOfSteel"},{"floor":31.0,"key":"SneckoOil"},{"floor":36.0,"key":"Swift Potion"},{"floor":42,"key":"LiquidBronze"},{"floor":44,"key":"Fire Potion"}],"is_trial":false,"path_per_floor":["M","M","M","$","?","E","R","M","T","R","M","?","E","T","R","B",null,"M","?","M","M","?","E","R","?","T","R","E","R","E","M","R","B",null,"M","M","?","$","?","R","E","M","T","M","E","M","M","$","R","B",null],"character_chosen":"DEFECT","items_purchased":["All For One","Anchor","HandDrill","Blood Vial","Vajra"],"campfire_rested":2,"item_purchase_floors":[38,38,38,38,48],"current_hp_per_floor":[57,57,57,57,57,56,56,56,56,56,54,29,28,28,28,28,63,63,63,63,62,62,52,52,52,52,52,48,48,45,47,47,7,60,60,62,62,62,62,75,77,77,77,77,68,58,62,62,83,75],"gold":49,"neow_bonus":"THREE_SMALL_POTIONS","is_prod":false,"is_daily":false,"chose_seed":false,"campfire_upgraded":4,"win_rate":0,"timestamp":1548141645,"path_taken":["M","M","M","?","?","E","R","M","T","R","?","?","E","?","R","BOSS","M","?","M","?","?","E","R","?","T","R","E","R","E","M","R","BOSS","M","M","?","$","?","R","E","M","T","M","E","?","M","$","R","BOSS"],"build_version":"2019-01-17v2","purchased_purges":2,"victory":true,"max_hp_per_floor":[75,75,75,75,75,75,75,75,75,75,75,75,75,75,75,75,75,75,75,75,75,75,75,75,75,75,75,75,75,75,77,77,77,77,77,79,75,75,75,75,77,77,77,77,79,81,83,83,83,83],"card_choices":[{"not_picked":["Genetic Algorithm","Hologram"],"picked":"Chill","floor":1.0},{"not_picked":["Leap","Lockon"],"picked":"Steam","floor":2.0},{"not_picked":["Blizzard","Beam Cell"],"picked":"Cold Snap","floor":3.0},{"not_picked":["Skim","Stack"],"picked":"Tempest","floor":6.0},{"not_picked":["Barrage","Redo"],"picked":"Go for the Eyes","floor":8.0},{"not_picked":["Leap","Creative AI"],"picked":"BootSequence","floor":11.0},{"not_picked":["Hologram","Beam Cell"],"picked":"FTL","floor":13.0},{"not_picked":["Seek","Amplify"],"picked":"Hyperbeam","floor":16.0},{"not_picked":["Sweeping Beam","Genetic Algorithm"],"picked":"Hologram","floor":18.0},{"not_picked":["Turbo","Melter"],"picked":"Scrape","floor":20.0},{"not_picked":["Redo","Cold Snap+1"],"picked":"Coolheaded","floor":21.0},{"not_picked":["Heatsinks+1","Hyperbeam"],"picked":"Go for the Eyes","floor":23.0},{"not_picked":["Steam","Ball Lightning"],"picked":"Loop","floor":28.0},{"not_picked":["Blizzard","Leap"],"picked":"Coolheaded+1","floor":30.0},{"not_picked":["Darkness+1","Compile Driver+1","Coolheaded"],"picked":"Singing Bowl","floor":31.0},{"not_picked":["Biased Cognition","Rainbow"],"picked":"All For One","floor":33.0},{"not_picked":["Defragment+1","Barrage+1"],"picked":"Scrape+1","floor":35.0},{"not_picked":["Beam Cell+1","Self Repair+1","Auto Shields+1"],"picked":"Singing Bowl","floor":36.0},{"not_picked":["Steam","Self Repair+1","Cold Snap+1"],"picked":"Singing Bowl","floor":41},{"not_picked":["Ball Lightning","Lockon+1"],"picked":"Beam Cell+1","floor":42},{"not_picked":["Compile Driver","Turbo+1"],"picked":"Gash","floor":44},{"not_picked":["Melter+1","Conserve Battery","Sweeping Beam+1"],"picked":"Singing Bowl","floor":45},{"not_picked":["Conserve Battery","Rebound+1","Chill+1"],"picked":"Singing Bowl","floor":46},{"not_picked":["Chaos+1","Reprogram+1","Cold Snap+1"],"picked":"Singing Bowl","floor":47}],"player_experience":233077,"relics_obtained":[{"floor":6.0,"key":"Girya"},{"floor":9.0,"key":"Gremlin Horn"},{"floor":13.0,"key":"Thread and Needle"},{"floor":14.0,"key":"Shuriken"},{"floor":23.0,"key":"Smiling Mask"},{"floor":26.0,"key":"MawBank"},{"floor":28.0,"key":"Omamori"},{"floor":30.0,"key":"Singing Bowl"},{"floor":41,"key":"Boot"},{"floor":43,"key":"Blue Candle"},{"floor":45,"key":"Turnip"}],"event_choices":[{"damage_healed":0.0,"max_hp_gain":0.0,"max_hp_loss":0.0,"gold_gain":0.0,"event_name":"Lab","player_choice":"Got Potions","floor":5.0,"gold_loss":0.0,"damage_taken":0.0},{"damage_healed":0.0,"max_hp_gain":0.0,"max_hp_loss":0.0,"gold_gain":0.0,"event_name":"Scrap Ooze","player_choice":"Success","floor":12.0,"gold_loss":0.0,"damage_taken":25.0,"relics_obtained":["Mercury Hourglass"]},{"damage_healed":0.0,"max_hp_gain":0.0,"max_hp_loss":0.0,"gold_gain":0.0,"event_name":"Upgrade Shrine","player_choice":"Upgraded","floor":19.0,"gold_loss":0.0,"damage_taken":0.0,"cards_upgraded":["Hyperbeam"]},{"damage_healed":0.0,"max_hp_gain":0.0,"max_hp_loss":0.0,"gold_gain":0.0,"event_name":"Ghosts","player_choice":"Ignored","floor":22.0,"gold_loss":0.0,"damage_taken":0.0},{"damage_healed":0.0,"max_hp_gain":0.0,"max_hp_loss":0.0,"gold_gain":0.0,"event_name":"Back to Basics","player_choice":"Simplicity","floor":25.0,"gold_loss":0.0,"damage_taken":0.0,"cards_upgraded":["Strike_B","Strike_B","Strike_B","Defend_B","Defend_B","Defend_B","Defend_B"]},{"damage_healed":0.0,"max_hp_gain":0.0,"max_hp_loss":4.0,"gold_gain":0.0,"event_name":"Winding Halls","player_choice":"Max HP","floor":37.0,"gold_loss":0.0,"damage_taken":0.0},{"damage_healed":0,"gold_gain":100,"player_choice":"Pray","damage_taken":0,"max_hp_gain":0,"max_hp_loss":0,"event_name":"Golden Shrine","floor":39,"gold_loss":0}],"is_beta":false,"boss_relics":[{"not_picked":["Busted Crown","Cursed Key"],"picked":"FrozenCore"},{"not_picked":["Lizard Tail","Snecko Eye"],"picked":"Fusion Hammer"}],"items_purged_floors":[4,48],"is_endless":false,"potions_floor_spawned":[1,3,6,8,20,30,31,36,42,44],"ascension_level":7}