{"gold_per_floor":[113,126,126,126,139,139,164,164,213,239,239,249,249,249,249,249],"floor_reached":16,"playtime":782,"items_purged":[],"score":189,"play_id":"fe56f3c4-f9d1-4e24-99f3-c9711c19484d","local_time":"20190203163501","is_ascension_mode":true,"campfire_choices":[{"data":"Neutralize","floor":6,"key":"SMITH"},{"floor":8,"key":"REST"},{"data":"Deadly Poison","floor":11,"key":"SMITH"},{"floor":15,"key":"REST"}],"neow_cost":"PERCENT_DAMAGE","seed_source_timestamp":186078001958457,"circlet_count":0,"master_deck":["AscendersBane","Defend_G","Defend_G","Defend_G","Defend_G","Strike_G","Strike_G","Strike_G","Strike_G","Strike_G","Survivor","Neutralize+1","Deflect","Deadly Poison+1","Slice","Malaise+1","Poisoned Stab","Caltrops"],"relics":["Ring of the Snake","Happy Flower","Dream Catcher","Oddly Smooth Stone"],"potions_floor_usage":[10,16],"damage_taken":[{"damage":7,"enemies":"Small Slimes","floor":1,"turns":4},{"damage":1,"enemies":"Jaw Worm","floor":2,"turns":4},{"damage":0,"enemies":"Cultist","floor":5,"turns":4},{"damage":39,"enemies":"3 Sentries","floor":7,"turns":12},{"damage":1,"enemies":"Lagavulin","floor":10,"turns":9},{"damage":11,"enemies":"Large Slime","floor":12,"turns":10},{"damage":54,"enemies":"Slime Boss","floor":16,"turns":12}],"seed_played":"1386205578676314806","potions_obtained":[{"floor":7,"key":"PowerPotion"},{"floor":12,"key":"SkillPotion"}],"is_trial":false,"path_per_floor":["M","M","?","?","M","R","E","R","T","E","R","M","?","$","R","B"],"character_chosen":"THE_SILENT","items_purchased":[],"campfire_rested":2,"item_purchase_floors":[],"current_hp_per_floor":[49,48,53,53,53,53,14,38,38,37,37,26,26,26,50,0],"gold":249,"neow_bonus":"TWENTY_PERCENT_HP_BONUS","is_prod":false,"is_daily":false,"chose_seed":false,"campfire_upgraded":2,"win_rate":0,"timestamp":1549233301,"path_taken":["M","M","?","?","M","R","E","R","T","E","R","?","?","?","R","BOSS"],"build_version":"2019-01-23","purchased_purges":0,"victory":false,"max_hp_per_floor":[78,78,83,83,83,83,83,83,83,83,83,83,83,83,83,83],"card_choices":[{"not_picked":["Outmaneuver","PiercingWail"],"picked":"Deflect","floor":1},{"not_picked":["Choke","Quick Slash"],"picked":"Deadly Poison","floor":2},{"not_picked":["Distraction","Dagger Throw"],"picked":"Slice","floor":5},{"not_picked":["Flying Knee","Deadly Poison"],"picked":"Malaise","floor":7},{"not_picked":["Concentrate","Finisher","Distraction"],"picked":"SKIP","floor":10},{"not_picked":["Outmaneuver","Underhanded Strike"],"picked":"Poisoned Stab","floor":12},{"not_picked":["All Out Attack","Calculated Gamble"],"picked":"Caltrops","floor":15}],"player_experience":844140,"relics_obtained":[{"floor":7,"key":"Happy Flower"},{"floor":9,"key":"Dream Catcher"},{"floor":10,"key":"Oddly Smooth Stone"}],"event_choices":[{"damage_healed":0,"gold_gain":0,"player_choice":"Donut","damage_taken":0,"max_hp_gain":5,"max_hp_loss":0,"event_name":"Big Fish","floor":3,"gold_loss":0},{"cards_removed":["Defend_G"],"damage_healed":0,"gold_gain":0,"player_choice":"Offered Basic","damage_taken":0,"max_hp_gain":0,"max_hp_loss":0,"event_name":"Bonfire Elementals","floor":4,"gold_loss":0},{"damage_healed":0,"gold_gain":0,"player_choice":"Upgraded","damage_taken":0,"max_hp_gain":0,"max_hp_loss":0,"event_name":"Upgrade Shrine","floor":13,"gold_loss":0,"cards_upgraded":["Malaise"]}],"is_beta":false,"boss_relics":[],"items_purged_floors":[],"is_endless":false,"potions_floor_spawned":[7,12],"killed_by":"Slime Boss","ascension_level":15}