{"gold_per_floor":[110,285,285,285,128,163,163,184,231,231,252,252,277,3,3,122,122,141,141,101,114,130,193,247,265,265,265,299,313,8,44,44,172,172,195,195,215,280,299,330,346,369,394,427,442,442,0,16,16,16],"floor_reached":51,"playtime":1809,"items_purged":["Injury"],"score":942,"play_id":"4b6df61c-675b-4a3a-a563-5ece5dcffb91","local_time":"20190202103732","is_ascension_mode":false,"campfire_choices":[{"data":"Shockwave","floor":7,"key":"SMITH"},{"data":"Heavy Blade","floor":12,"key":"SMITH"},{"data":"Inflame","floor":15,"key":"SMITH"},{"floor":27,"key":"REST"},{"floor":32,"key":"REST"},{"floor":46,"key":"REST"},{"data":"1","floor":49,"key":"LIFT"}],"neow_cost":"NONE","seed_source_timestamp":460953476498981,"circlet_count":0,"master_deck":["Strike_R","Strike_R+1","Strike_R","Strike_R+1","Strike_R","Defend_R","Defend_R","Defend_R","Defend_R+1","Bash","Uppercut","Shockwave+1","Flame Barrier","Power Through+1","Heavy Blade+1","Iron Wave","Inflame+1","Heavy Blade+1","Double Tap","Armaments","Cleave","Heavy Blade","Armaments+1","Heavy Blade","Limit Break+1","Double Tap+1","Shrug It Off+1"],"relics":["Burning Blood","NeowsBlessing","Golden Idol","Self Forming Clay","Vajra","Art of War","DollysMirror","Black Star","Tiny Chest","Meat on the Bone","Whetstone","Toxic Egg 2","Bag of Preparation","Oddly Smooth Stone","Pear","Peace Pipe","Red Skull","Busted Crown","Girya","Matryoshka","Centennial Puzzle","Strawberry","Bronze Scales","Dream Catcher","Lantern","Red Mask"],"potions_floor_usage":[16,16,22,23,28,33,39,40,42,48,50],"damage_taken":[{"damage":0,"enemies":"Jaw Worm","floor":1,"turns":1},{"damage":0,"enemies":"Gremlin Nob","floor":6,"turns":1},{"damage":0,"enemies":"2 Louse","floor":8,"turns":1},{"damage":5,"enemies":"Small Slimes","floor":11,"turns":4},{"damage":4,"enemies":"Blue Slaver","floor":13,"turns":4},{"damage":16,"enemies":"Slime Boss","floor":16,"turns":5},{"damage":24,"enemies":"Spheric Guardian","floor":18,"turns":4},{"damage":6,"enemies":"Chosen","floor":21,"turns":4},{"damage":15,"enemies":"Snecko","floor":22,"turns":3},{"damage":42,"enemies":"Gremlin Leader","floor":23,"turns":6},{"damage":12,"enemies":"Chosen and Byrds","floor":25,"turns":7},{"damage":33,"enemies":"Book of Stabbing","floor":28,"turns":5},{"damage":14,"enemies":"Centurion and Healer","floor":29,"turns":6},{"damage":39,"enemies":"Gremlin Leader","floor":31,"turns":5},{"damage":66,"enemies":"Automaton","floor":33,"turns":10},{"damage":13,"enemies":"3 Shapes","floor":35,"turns":5},{"damage":7,"enemies":"Orb Walker","floor":37,"turns":4},{"damage":27,"enemies":"2 Orb Walkers","floor":38,"turns":4},{"damage":39,"enemies":"4 Shapes","floor":39,"turns":9},{"damage":21,"enemies":"Nemesis","floor":40,"turns":5},{"damage":21,"enemies":"Maw","floor":41,"turns":5},{"damage":10,"enemies":"Jaw Worm Horde","floor":42,"turns":3},{"damage":25,"enemies":"Giant Head","floor":44,"turns":7},{"damage":4,"enemies":"4 Shapes","floor":45,"turns":5},{"damage":20,"enemies":"Spire Growth","floor":48,"turns":4},{"damage":109,"enemies":"Time Eater","floor":50,"turns":9}],"seed_played":"-9043099107923626041","potions_obtained":[{"floor":8,"key":"Strength Potion"},{"floor":13,"key":"SteroidPotion"},{"floor":16,"key":"Strength Potion"},{"floor":18,"key":"Fire Potion"},{"floor":25,"key":"AttackPotion"},{"floor":28,"key":"GamblersBrew"},{"floor":31,"key":"Energy Potion"},{"floor":39,"key":"SteroidPotion"},{"floor":40,"key":"Strength Potion"},{"floor":41,"key":"FearPotion"},{"floor":44,"key":"Block Potion"},{"floor":48,"key":"FairyPotion"}],"is_trial":false,"path_per_floor":["M","?","?","?","$","E","R","M","T","T","M","R","M","$","R","B",null,"M","?","?","M","M","E","T","M","T","R","E","M","$","E","R","B",null,"M","$","M","?","M","E","M","M","T","E","M","R","?","M","R","B",null],"character_chosen":"IRONCLAD","items_purchased":["Shockwave","Inflame","DollysMirror","Armaments+1","Pear"],"campfire_rested":3,"item_purchase_floors":[5,14,14,30,30],"current_hp_per_floor":[80,80,80,73,73,79,79,80,80,80,80,80,80,80,80,70,80,62,80,80,80,71,35,35,41,41,65,50,54,64,43,70,22,90,83,83,82,61,40,37,34,42,49,42,56,85,85,71,71,27],"gold":16,"neow_bonus":"THREE_ENEMY_KILL","is_prod":false,"is_daily":false,"chose_seed":false,"campfire_upgraded":3,"win_rate":0,"timestamp":1549121852,"path_taken":["M","?","?","?","?","E","R","?","T","?","M","R","M","$","R","BOSS","M","?","?","M","?","E","?","M","T","R","E","M","$","E","R","BOSS","M","$","?","?","M","E","M","M","T","E","M","R","?","M","R","BOSS"],"build_version":"2019-01-23","purchased_purges":1,"victory":true,"max_hp_per_floor":[80,80,80,80,80,80,80,80,80,80,80,80,80,80,80,80,80,80,80,80,80,80,80,80,80,80,80,80,80,90,90,90,90,90,90,90,90,90,90,90,90,90,97,97,97,97,97,97,97,97],"card_choices":[{"not_picked":["Clash","Entrench"],"picked":"Uppercut","floor":1},{"not_picked":["Inflame","Armaments"],"picked":"Flame Barrier","floor":6},{"not_picked":["Rampage","Evolve"],"picked":"Power Through","floor":8},{"not_picked":["Armaments","Power Through"],"picked":"Heavy Blade","floor":11},{"not_picked":["Headbutt","Intimidate"],"picked":"Iron Wave","floor":13},{"not_picked":["Feed","Dark Embrace"],"picked":"Double Tap","floor":16},{"not_picked":["Sword Boomerang","Clothesline","Twin Strike"],"picked":"SKIP","floor":18},{"not_picked":["Clothesline","Dropkick"],"picked":"Armaments","floor":21},{"not_picked":["Armaments","Wild Strike"],"picked":"Cleave","floor":22},{"not_picked":["Sword Boomerang","Evolve","Reckless Charge"],"picked":"SKIP","floor":23},{"not_picked":["Fire Breathing","Flex","Havoc"],"picked":"SKIP","floor":25},{"not_picked":["True Grit+1","Whirlwind","Reckless Charge"],"picked":"SKIP","floor":28},{"not_picked":["Uppercut","Brutality"],"picked":"Heavy Blade","floor":29},{"not_picked":["Offering+1","Wild Strike+1"],"picked":"Heavy Blade","floor":31},{"not_picked":["Demon Form","Immolate"],"picked":"Limit Break+1","floor":33},{"not_picked":["Clothesline+1"],"picked":"SKIP","floor":35},{"not_picked":["Warcry+1"],"picked":"SKIP","floor":37},{"not_picked":[],"picked":"Double Tap+1","floor":39},{"not_picked":["Reckless Charge"],"picked":"SKIP","floor":40},{"not_picked":["Searing Blow"],"picked":"SKIP","floor":41},{"not_picked":["True Grit+1"],"picked":"SKIP","floor":42},{"not_picked":["Reckless Charge+1"],"picked":"SKIP","floor":44},{"not_picked":["True Grit+1"],"picked":"SKIP","floor":45},{"not_picked":[],"picked":"Shrug It Off+1","floor":46},{"not_picked":["Headbutt"],"picked":"SKIP","floor":48}],"player_experience":34815,"relics_obtained":[{"floor":6,"key":"Self Forming Clay"},{"floor":9,"key":"Vajra"},{"floor":10,"key":"Art of War"},{"floor":23,"key":"Tiny Chest"},{"floor":23,"key":"Meat on the Bone"},{"floor":24,"key":"Whetstone"},{"floor":26,"key":"Toxic Egg 2"},{"floor":28,"key":"Bag of Preparation"},{"floor":28,"key":"Oddly Smooth Stone"},{"floor":31,"key":"Peace Pipe"},{"floor":31,"key":"Red Skull"},{"floor":38,"key":"Girya"},{"floor":40,"key":"Matryoshka"},{"floor":40,"key":"Centennial Puzzle"},{"floor":43,"key":"Strawberry"},{"floor":43,"key":"Bronze Scales"},{"floor":44,"key":"Dream Catcher"},{"floor":44,"key":"Lantern"}],"event_choices":[{"damage_healed":0,"gold_gain":175,"player_choice":"AGREE","damage_taken":0,"max_hp_gain":0,"max_hp_loss":0,"event_name":"Liars Game","floor":2,"gold_loss":0,"cards_obtained":["Doubt"]},{"damage_healed":0,"gold_gain":0,"player_choice":"Take Wound","damage_taken":0,"relics_obtained":["Golden Idol"],"max_hp_gain":0,"max_hp_loss":0,"event_name":"Golden Idol","floor":3,"gold_loss":0,"cards_obtained":["Injury"]},{"cards_removed":["Doubt"],"damage_healed":0,"gold_gain":0,"player_choice":"Card Removal","damage_taken":7,"max_hp_gain":0,"max_hp_loss":0,"event_name":"Golden Wing","floor":4,"gold_loss":0},{"damage_healed":26,"gold_gain":0,"player_choice":"Heal","damage_taken":0,"max_hp_gain":0,"max_hp_loss":0,"event_name":"The Library","floor":19,"gold_loss":0},{"damage_healed":0,"gold_gain":0,"player_choice":"Upgraded Two","damage_taken":0,"max_hp_gain":0,"max_hp_loss":0,"event_name":"Designer","floor":20,"gold_loss":40,"cards_upgraded":["Power Through","Defend_R"]},{"damage_healed":0,"gold_gain":0,"player_choice":"Fight","damage_taken":0,"max_hp_gain":0,"max_hp_loss":0,"event_name":"Mysterious Sphere","floor":38,"gold_loss":0},{"damage_healed":0,"gold_gain":0,"player_choice":"Paid","damage_taken":0,"relics_obtained":["Red Mask"],"max_hp_gain":0,"max_hp_loss":0,"event_name":"Tomb of Lord Red Mask","floor":47,"gold_loss":442}],"is_beta":false,"boss_relics":[{"not_picked":["Sozu","White Beast Statue"],"picked":"Black Star"},{"not_picked":["Mark of Pain","Orrery"],"picked":"Busted Crown"}],"items_purged_floors":[5],"is_endless":false,"potions_floor_spawned":[8,13,16,18,25,28,31,39,40,41,44,48],"ascension_level":0}