{"gold_per_floor":[119,119,136,67,78,78,112,112,112,147,212,14,41,55,55,132,132,148,148,148,39,54,83,83,108,189,189,205,205,231,248,248,325,325,342,29,40,59,78,78,104,104,104,104,122,141,141,175,187,199],"floor_reached":51,"playtime":6611,"items_purged":["Strike_G"],"score":1458,"play_id":"3555f4fe-a19b-4b46-b3f7-99cc75580e9f","local_time":"20190202190838","is_ascension_mode":true,"campfire_choices":[{"data":"Flechettes","floor":6.0,"key":"SMITH"},{"data":"Skewer","floor":8.0,"key":"SMITH"},{"data":"Neutralize","floor":15.0,"key":"SMITH"},{"data":"Wraith Form v2","floor":24.0,"key":"SMITH"},{"data":"Crippling Poison","floor":29.0,"key":"SMITH"},{"data":"Ghostly","floor":32.0,"key":"SMITH"},{"data":"Wraith Form v2","floor":40,"key":"SMITH"},{"data":"Burst","floor":42,"key":"SMITH"},{"data":"Noxious Fumes","floor":44,"key":"SMITH"},{"data":"Crippling Poison","floor":47,"key":"SMITH"},{"data":"Bouncing Flask","floor":49,"key":"SMITH"}],"neow_cost":"NONE","seed_source_timestamp":962718401854258,"circlet_count":0,"master_deck":["AscendersBane","Defend_G","Defend_G+1","Defend_G","Defend_G","Defend_G","Survivor","Neutralize+1","Backflip","Flechettes+1","Predator","Skewer+1","Crippling Poison+1","Noxious Fumes+1","Wraith Form v2+1","Bouncing Flask+1","Ghostly+1","Ghostly","Ghostly","Crippling Poison+1","Acrobatics","Crippling Poison+1","Footwork","PiercingWail","Leg Sweep","Wraith Form v2+1","Burst+1","Thinking Ahead","Prepared+1","Night Terror","Blur"],"special_seed":0,"relics":["Ring of the Snake","Pen Nib","Thread and Needle","Shuriken","War Paint","Lee\u0027s Waffle","Bottled Flame","Coffee Dripper","Smiling Mask","Blood Vial","Kunai","Anchor","Snecko Eye","StoneCalendar","Strawberry","MawBank"],"potions_floor_usage":[50],"damage_taken":[{"damage":0.0,"enemies":"2 Louse","floor":1.0,"turns":4.0},{"damage":0.0,"enemies":"Cultist","floor":3.0,"turns":4.0},{"damage":0.0,"enemies":"Jaw Worm","floor":5.0,"turns":3.0},{"damage":18.0,"enemies":"3 Sentries","floor":7.0,"turns":10.0},{"damage":18.0,"enemies":"Lagavulin","floor":10.0,"turns":5.0},{"damage":4.0,"enemies":"3 Sentries","floor":13.0,"turns":8.0},{"damage":4.0,"enemies":"Large Slime","floor":14.0,"turns":7.0},{"damage":15.0,"enemies":"Slime Boss","floor":16.0,"turns":10.0},{"damage":0.0,"enemies":"2 Thieves","floor":18.0,"turns":4.0},{"damage":0.0,"enemies":"3 Byrds","floor":22.0,"turns":3.0},{"damage":0.0,"enemies":"Book of Stabbing","floor":23.0,"turns":5.0},{"damage":0.0,"enemies":"Slavers","floor":25.0,"turns":6.0},{"damage":2.0,"enemies":"Sentry and Sphere","floor":28.0,"turns":6.0},{"damage":1.0,"enemies":"Gremlin Leader","floor":30.0,"turns":8.0},{"damage":0.0,"enemies":"Chosen and Byrds","floor":31.0,"turns":4.0},{"damage":26.0,"enemies":"Collector","floor":33.0,"turns":10.0},{"damage":0.0,"enemies":"3 Shapes","floor":35.0,"turns":5.0},{"damage":0.0,"enemies":"Orb Walker","floor":37.0,"turns":4.0},{"damage":0.0,"enemies":"Transient","floor":38.0,"turns":5.0},{"damage":0,"enemies":"4 Shapes","floor":39,"turns":5},{"damage":0,"enemies":"Nemesis","floor":41,"turns":7},{"damage":0,"enemies":"Writhing Mass","floor":45,"turns":5},{"damage":0,"enemies":"Spire Growth","floor":46,"turns":6},{"damage":0,"enemies":"Reptomancer","floor":48,"turns":6},{"damage":15,"enemies":"Time Eater","floor":50,"turns":14}],"seed_played":"7552036910716405631","potions_obtained":[{"floor":3.0,"key":"LiquidBronze"},{"floor":5.0,"key":"Dexterity Potion"},{"floor":16.0,"key":"Explosive Potion"},{"floor":23.0,"key":"Energy Potion"},{"floor":25.0,"key":"Fire Potion"},{"floor":28.0,"key":"Energy Potion"}],"is_trial":false,"path_per_floor":["M","?","M","$","M","R","E","R","T","E","?","$","E","M","R","B",null,"M","?","?","$","M","E","R","E","T","?","M","R","E","M","R","B",null,"M","$","M","M","M","R","E","R","T","R","M","M","R","E","R","B",null],"character_chosen":"THE_SILENT","items_purchased":["Flechettes","Lee\u0027s Waffle","Crippling Poison","Burst","Thinking Ahead"],"campfire_rested":0,"item_purchase_floors":[4,12,21,36,36],"current_hp_per_floor":[59,59,59,59,59,59,41,41,41,23,23,73,69,65,65,50,67,67,36,36,36,36,36,36,36,36,36,34,34,35,36,36,10,30,32,32,34,36,36,36,36,36,43,43,43,43,43,43,43,28],"gold":211,"neow_bonus":"RANDOM_COMMON_RELIC","is_prod":false,"is_daily":false,"chose_seed":false,"campfire_upgraded":11,"win_rate":0,"timestamp":1549130918,"path_taken":["M","?","M","$","?","R","E","R","T","E","?","$","E","M","R","BOSS","M","?","?","$","M","E","R","E","T","?","?","R","E","M","R","BOSS","M","$","M","M","?","R","E","R","T","R","M","M","R","E","R","BOSS"],"build_version":"2019-01-23","purchased_purges":1,"victory":true,"max_hp_per_floor":[66,66,66,66,66,66,66,66,66,66,66,73,73,73,73,73,73,73,36,36,36,36,36,36,36,36,36,36,36,36,36,36,36,36,36,36,36,36,36,36,36,36,43,43,43,43,43,43,43,43],"card_choices":[{"not_picked":["Slice","Bane","Infinite Blades"],"picked":"SKIP","floor":1.0},{"not_picked":["Deflect","Prepared"],"picked":"Backflip","floor":3.0},{"not_picked":["Blur","Expertise"],"picked":"Predator","floor":5.0},{"not_picked":["Storm of Steel","Noxious Fumes"],"picked":"Skewer","floor":7.0},{"not_picked":["Blade Dance","Underhanded Strike"],"picked":"Crippling Poison","floor":10.0},{"not_picked":["Setup","Riddle With Holes"],"picked":"Noxious Fumes","floor":13.0},{"not_picked":["Slice","Skewer","Blade Dance"],"picked":"SKIP","floor":14.0},{"not_picked":["Phantasmal Killer","Corpse Explosion"],"picked":"Wraith Form v2","floor":16.0},{"not_picked":["Flying Knee","Caltrops"],"picked":"Bouncing Flask","floor":18.0},{"not_picked":["Outmaneuver","Caltrops","Prepared"],"picked":"SKIP","floor":22.0},{"not_picked":["Masterful Stab","Finisher"],"picked":"Footwork","floor":23.0},{"not_picked":["Slice+1","Finisher"],"picked":"PiercingWail","floor":25.0},{"not_picked":["Deadly Poison","Blur"],"picked":"Leg Sweep","floor":28.0},{"not_picked":["Predator","Concentrate","Dagger Spray"],"picked":"SKIP","floor":30.0},{"not_picked":["Caltrops","Deadly Poison","Quick Slash"],"picked":"SKIP","floor":31.0},{"not_picked":["Storm of Steel","Phantasmal Killer"],"picked":"Wraith Form v2","floor":33.0},{"not_picked":["Quick Slash","Distraction","Cloak And Dagger"],"picked":"SKIP","floor":35.0},{"not_picked":["Poisoned Stab+1","Tactician+1","Backstab+1"],"picked":"SKIP","floor":37.0},{"not_picked":["Quick Slash","Cloak And Dagger+1"],"picked":"Prepared+1","floor":38.0},{"not_picked":["Deadly Poison","Bane","Acrobatics+1"],"picked":"SKIP","floor":39},{"not_picked":["Leg Sweep","Deflect"],"picked":"Night Terror","floor":41},{"not_picked":["Blade Dance","Sucker Punch","Deadly Poison"],"picked":"SKIP","floor":45},{"not_picked":["Caltrops","Sucker Punch","Outmaneuver"],"picked":"SKIP","floor":46},{"not_picked":["Caltrops","Sucker Punch","Outmaneuver"],"picked":"SKIP","floor":46},{"not_picked":["Grand Finale","Acrobatics"],"picked":"Blur","floor":48}],"player_experience":1158154,"relics_obtained":[{"floor":7.0,"key":"Thread and Needle"},{"floor":9.0,"key":"Shuriken"},{"floor":10.0,"key":"War Paint"},{"floor":13.0,"key":"Bottled Flame"},{"floor":23.0,"key":"Smiling Mask"},{"floor":25.0,"key":"Blood Vial"},{"floor":26.0,"key":"Kunai"},{"floor":30.0,"key":"Anchor"},{"floor":41,"key":"StoneCalendar"},{"floor":43,"key":"Strawberry"},{"floor":48,"key":"MawBank"}],"event_choices":[{"cards_removed":["Strike_G"],"damage_healed":0.0,"max_hp_gain":0.0,"max_hp_loss":0.0,"gold_gain":0.0,"event_name":"Bonfire Elementals","player_choice":"Offered Basic","floor":2.0,"gold_loss":0.0,"damage_taken":0.0},{"damage_healed":0.0,"max_hp_gain":0.0,"max_hp_loss":0.0,"gold_gain":65.0,"event_name":"Golden Wing","player_choice":"Gained Gold","floor":11.0,"gold_loss":0.0,"damage_taken":0.0},{"damage_healed":0.0,"max_hp_gain":0.0,"max_hp_loss":37.0,"gold_gain":0.0,"event_name":"Ghosts","player_choice":"Became a Ghost","floor":19.0,"gold_loss":0.0,"damage_taken":0.0,"cards_obtained":["Ghostly","Ghostly","Ghostly"]},{"damage_healed":0.0,"max_hp_gain":0.0,"max_hp_loss":0.0,"gold_gain":0.0,"cards_transformed":["Strike_G","Strike_G"],"event_name":"Drug Dealer","player_choice":"Became Test Subject","floor":20.0,"gold_loss":0.0,"damage_taken":0.0,"cards_obtained":["Crippling Poison","Acrobatics"]},{"cards_removed":["Strike_G"],"damage_healed":0.0,"max_hp_gain":0.0,"max_hp_loss":0.0,"gold_gain":0.0,"event_name":"Purifier","player_choice":"Purged","floor":27.0,"gold_loss":0.0,"damage_taken":0.0}],"is_beta":false,"boss_relics":[{"not_picked":["White Beast Statue","Busted Crown"],"picked":"Coffee Dripper"},{"not_picked":["Ring of the Serpent","Velvet Choker"],"picked":"Snecko Eye"}],"items_purged_floors":[21],"is_endless":false,"potions_floor_spawned":[3,5,7,14,16,23,25,28,31,33,38,39,41,46],"ascension_level":15}