{"gold_per_floor":[111,127,127,198,215,215,227,227,283,297,297,328,388,405,405,510,510,520,395,413,513,526,559,575,142,142,17,33,33,47,61,61,157,157,175,191,191,191,206,206,222,252,252,252,284,296,322,334,346,358,370,382,42,72,72],"floor_reached":55,"playtime":5183,"items_purged":["Strike_R","Strike_R","Strike_R"],"score":776,"play_id":"8658365a-8dd7-43c8-9d74-0cd0a6f54131","local_time":"20190106191437","is_ascension_mode":false,"campfire_choices":[{"data":"Pommel Strike","floor":6,"key":"SMITH"},{"data":"Bash","floor":8,"key":"SMITH"},{"data":"Clash","floor":11,"key":"SMITH"},{"data":"Anger","floor":15,"key":"SMITH"},{"data":"Clash","floor":29,"key":"SMITH"},{"data":"Metallicize","floor":32,"key":"SMITH"},{"data":"Pummel","floor":40,"key":"SMITH"},{"floor":44,"key":"REST"},{"floor":46,"key":"RECALL"},{"floor":49,"key":"REST"},{"data":"Metallicize","floor":52,"key":"SMITH"}],"neow_cost":"NONE","seed_source_timestamp":0,"circlet_count":0,"master_deck":["Strike_R","Strike_R","Defend_R","Defend_R","Defend_R","Defend_R","Bash+1","Pommel Strike+1","Clothesline","Thunderclap","Headbutt","Clash+1","Anger+1","Seeing Red+1","Cleave","Shrug It Off+1","Inflame","Shockwave+1","Warcry+1","Metallicize+1","Spot Weakness+1","Metallicize+1","Heavy Blade+1","Armaments+1","Pummel+1","Shrug It Off+1","Twin Strike","Battle Trance+1","Limit Break+1","Warcry+1","Inflame+1","Master of Strategy+1","Headbutt+1"],"special_seed":0,"relics":["Burning Blood","Pen Nib","Blue Candle","Tiny Chest","Du-Vu Doll","Toxic Egg 2","Orrery","Lantern","Pantograph","Matryoshka","Busted Crown","Ancient Tea Set","Shuriken","Darkstone Periapt","Regal Pillow","MawBank","Bag of Marbles","Blood Vial"],"potions_floor_usage":[16,16,23,23,39,41,42,50,54,55],"damage_taken":[{"damage":4.0,"enemies":"2 Louse","floor":1.0,"turns":3.0},{"damage":3.0,"enemies":"Jaw Worm","floor":2.0,"turns":3.0},{"damage":0.0,"enemies":"Cultist","floor":5.0,"turns":3.0},{"damage":0,"enemies":"Large Slime","floor":7,"turns":4},{"damage":7,"enemies":"2 Fungi Beasts","floor":10,"turns":3},{"damage":21,"enemies":"Lagavulin","floor":12,"turns":5},{"damage":24,"enemies":"Lagavulin Event","floor":13,"turns":4},{"damage":0,"enemies":"Lots of Slimes","floor":14,"turns":2},{"damage":22,"enemies":"Slime Boss","floor":16,"turns":7},{"damage":10,"enemies":"Spheric Guardian","floor":18,"turns":3},{"damage":0,"enemies":"3 Byrds","floor":20,"turns":4},{"damage":7,"enemies":"Cultist and Chosen","floor":22,"turns":6},{"damage":0,"enemies":"Gremlin Leader","floor":23,"turns":8},{"damage":6,"enemies":"Shelled Parasite and Fungi","floor":24,"turns":4},{"damage":20,"enemies":"Snake Plant","floor":28,"turns":5},{"damage":16,"enemies":"3 Cultists","floor":30,"turns":4},{"damage":2,"enemies":"Chosen and Byrds","floor":31,"turns":4},{"damage":29,"enemies":"Champ","floor":33,"turns":9},{"damage":16,"enemies":"3 Darklings","floor":35,"turns":3},{"damage":19,"enemies":"3 Shapes","floor":36,"turns":3},{"damage":32,"enemies":"Sphere and 2 Shapes","floor":39,"turns":6},{"damage":22,"enemies":"Spire Growth","floor":41,"turns":5},{"damage":14,"enemies":"Nemesis","floor":42,"turns":7},{"damage":50,"enemies":"Giant Head","floor":45,"turns":8},{"damage":12,"enemies":"Maw","floor":47,"turns":7},{"damage":35,"enemies":"Donu and Deca","floor":50,"turns":6},{"damage":37,"enemies":"Shield and Spear","floor":54,"turns":6},{"damage":115,"enemies":"The Heart","floor":55,"turns":5}],"seed_played":"6952997616300168454","potions_obtained":[{"floor":7,"key":"Explosive Potion"},{"floor":12,"key":"Block Potion"},{"floor":13,"key":"Dexterity Potion"},{"floor":22,"key":"GamblersBrew"},{"floor":23,"key":"Regen Potion"},{"floor":28,"key":"Dexterity Potion"},{"floor":31,"key":"SpeedPotion"},{"floor":41,"key":"Block Potion"},{"floor":42,"key":"BloodPotion"},{"floor":47,"key":"AttackPotion"},{"floor":54,"key":"SneckoOil"}],"is_trial":false,"path_per_floor":["M","M","?","T","M","R","M","R","T","M","R","E","?","M","R","B",null,"M","$","M","?","M","E","M","$","T","$","M","R","M","M","R","B",null,"M","M","T","?","M","R","M","E","T","R","E","R","M","?","R","B",null,"R","$","E","B"],"character_chosen":"IRONCLAD","items_purchased":["Warcry+1","Armaments+1","Pummel","Pantograph","Master of Strategy+1","Bag of Marbles"],"campfire_rested":2,"item_purchase_floors":[19,25,25,25,53,53],"current_hp_per_floor":[80,80,85,85,85,85,85,85,85,84,84,69,51,57,57,41,85,81,81,85,85,84,85,85,85,85,85,71,71,61,65,65,62,85,75,62,62,62,48,48,32,24,24,64,20,20,14,14,54,50,85,85,85,54,0],"gold":72,"neow_bonus":"RANDOM_COMMON_RELIC","is_prod":false,"is_daily":false,"chose_seed":false,"campfire_upgraded":8,"win_rate":0,"timestamp":1546823677,"path_taken":["M","M","?","?","M","R","M","R","T","M","R","E","?","M","R","BOSS","M","$","M","?","M","E","M","$","T","$","M","R","M","M","R","BOSS","M","M","?","?","M","R","M","E","T","R","E","R","M","?","R","BOSS","R","$","E","BOSS"],"build_version":"2019-01-03v4","purchased_purges":3,"victory":false,"max_hp_per_floor":[80,80,85,85,85,85,85,85,85,85,85,85,85,85,85,85,85,85,85,85,85,85,85,85,85,85,85,85,85,85,85,85,85,85,85,85,85,85,85,85,85,85,85,85,85,85,85,85,85,85,85,85,85,85,85],"card_choices":[{"not_picked":["True Grit","Heavy Blade"],"picked":"Pommel Strike","floor":1.0},{"not_picked":["Twin Strike","Shockwave"],"picked":"Clothesline","floor":2.0},{"not_picked":["Clothesline","Reckless Charge"],"picked":"Thunderclap","floor":5},{"not_picked":["Warcry","Pommel Strike"],"picked":"Headbutt","floor":7},{"not_picked":["Seeing Red","Heavy Blade"],"picked":"Clash","floor":10},{"not_picked":["Second Wind","Evolve"],"picked":"Anger","floor":12},{"not_picked":["Clothesline","Fiend Fire"],"picked":"Clash","floor":13},{"not_picked":["Uppercut","Rupture"],"picked":"Seeing Red+1","floor":14},{"not_picked":["Infernal Blade+1","Blood for Blood"],"picked":"Cleave","floor":17},{"not_picked":["Warcry+1","Heavy Blade"],"picked":"Shrug It Off+1","floor":17},{"not_picked":["Thunderclap","Sever Soul"],"picked":"Inflame","floor":17},{"not_picked":["Sword Boomerang","Seeing Red+1"],"picked":"Shockwave+1","floor":18},{"not_picked":["Dual Wield+1","Spot Weakness+1"],"picked":"Metallicize","floor":20},{"not_picked":["Rupture+1","Thunderclap"],"picked":"Spot Weakness+1","floor":22},{"not_picked":["True Grit+1","Brutality"],"picked":"Metallicize","floor":23},{"not_picked":["Body Slam","Burning Pact+1"],"picked":"Heavy Blade+1","floor":24},{"not_picked":["Havoc+1","Thunderclap"],"picked":"Shrug It Off+1","floor":28},{"not_picked":["Perfected Strike","Havoc+1"],"picked":"Twin Strike","floor":30},{"not_picked":["Shrug It Off+1","True Grit+1"],"picked":"Battle Trance+1","floor":31},{"not_picked":["Reaper","Juggernaut"],"picked":"Limit Break+1","floor":33},{"not_picked":["Sword Boomerang"],"picked":"SKIP","floor":35},{"not_picked":["Cleave"],"picked":"SKIP","floor":36},{"not_picked":["Blood for Blood+1"],"picked":"SKIP","floor":39},{"not_picked":["Clothesline"],"picked":"SKIP","floor":41},{"not_picked":["Pommel Strike"],"picked":"SKIP","floor":42},{"not_picked":[],"picked":"Warcry+1","floor":45},{"not_picked":[],"picked":"Inflame+1","floor":47},{"not_picked":[],"picked":"Headbutt+1","floor":54}],"player_experience":323217,"relics_obtained":[{"floor":4.0,"key":"Blue Candle"},{"floor":9,"key":"Tiny Chest"},{"floor":12,"key":"Du-Vu Doll"},{"floor":13,"key":"Toxic Egg 2"},{"floor":23,"key":"Lantern"},{"floor":26,"key":"Matryoshka"},{"floor":37,"key":"Ancient Tea Set"},{"floor":42,"key":"Shuriken"},{"floor":43,"key":"Darkstone Periapt"},{"floor":43,"key":"Regal Pillow"},{"floor":45,"key":"MawBank"},{"floor":54,"key":"Blood Vial"}],"event_choices":[{"damage_healed":0.0,"max_hp_gain":5.0,"max_hp_loss":0.0,"gold_gain":0.0,"event_name":"Big Fish","player_choice":"Donut","floor":3.0,"gold_loss":0.0,"damage_taken":0.0},{"damage_healed":0,"gold_gain":30,"player_choice":"Searched \u00272\u0027 times","damage_taken":0,"max_hp_gain":0,"max_hp_loss":0,"event_name":"Dead Adventurer","floor":13,"gold_loss":0},{"damage_healed":0,"gold_gain":100,"player_choice":"Pray","damage_taken":0,"max_hp_gain":0,"max_hp_loss":0,"event_name":"Golden Shrine","floor":21,"gold_loss":0},{"cards_removed":["Clash"],"damage_healed":0,"gold_gain":0,"player_choice":"Removed Attack","damage_taken":0,"max_hp_gain":0,"max_hp_loss":0,"event_name":"Falling","floor":38,"gold_loss":0},{"damage_healed":0,"gold_gain":0,"player_choice":"Ignored","damage_taken":0,"max_hp_gain":0,"max_hp_loss":0,"event_name":"NoteForYourself","floor":48,"gold_loss":0}],"is_beta":false,"boss_relics":[{"not_picked":["Cursed Key","Runic Cube"],"picked":"Orrery"},{"not_picked":["Coffee Dripper","Philosopher\u0027s Stone"],"picked":"Busted Crown"}],"items_purged_floors":[19,25,27],"is_endless":false,"potions_floor_spawned":[7,12,13,22,23,28,31,33,41,42,47,54],"killed_by":"The Heart","ascension_level":0}