{"gold_per_floor":[113,113,127,50,60,60,60,77,102,115,115,115,171,25,25,128,128,148,148,148,168,187,187,212,162,162,176,176,193,143,161,161,264,264,274,274,287,307,257,288,304,304,304,304,316,38,48,60,60,60],"floor_reached":51,"playtime":1553,"items_purged":["Strike_R","Defend_R","Strike_R+1","Defend_R","Havoc"],"score":716,"play_id":"817cac2d-9b98-4bd3-87dc-68e0b52a0641","local_time":"20190201184332","is_ascension_mode":false,"campfire_choices":[{"data":"Inflame","floor":6,"key":"SMITH"},{"data":"Flex","floor":12,"key":"SMITH"},{"data":"Disarm","floor":15,"key":"SMITH"},{"data":"Inflame","floor":23,"key":"SMITH"},{"data":"Whirlwind","floor":28,"key":"SMITH"},{"data":"Flex","floor":32,"key":"SMITH"},{"data":"Limit Break","floor":42,"key":"SMITH"},{"data":"Demon Form","floor":44,"key":"SMITH"},{"data":"Flex","floor":49,"key":"SMITH"}],"neow_cost":"TEN_PERCENT_HP_LOSS","seed_source_timestamp":26878118628779,"circlet_count":0,"master_deck":["Strike_R+1","Defend_R+1","Defend_R+1","Bash","Flex+1","Inflame+1","Disarm+1","Whirlwind+1","Flex+1","Flex+1","Inflame+1","Reaper","Heavy Blade+1","Dark Shackles","Headbutt","Rage","Uppercut+1","Limit Break+1","Offering","Bash","Disarm+1","Demon Form+1","Headbutt","Headbutt"],"relics":["Burning Blood","Thread and Needle","War Paint","Vajra","Whetstone","Sozu","Smiling Mask","Mummified Hand","Coffee Dripper","Pen Nib","Bottled Tornado","Toolbox"],"potions_floor_usage":[3,8,16],"damage_taken":[{"damage":0,"enemies":"Small Slimes","floor":1,"turns":4},{"damage":0,"enemies":"Cultist","floor":3,"turns":3},{"damage":0,"enemies":"Jaw Worm","floor":5,"turns":5},{"damage":1,"enemies":"Gremlin Gang","floor":8,"turns":3},{"damage":0,"enemies":"Large Slime","floor":10,"turns":4},{"damage":30,"enemies":"Lagavulin Event","floor":13,"turns":7},{"damage":16,"enemies":"Hexaghost","floor":16,"turns":10},{"damage":0,"enemies":"Chosen","floor":18,"turns":4},{"damage":0,"enemies":"Shell Parasite","floor":21,"turns":4},{"damage":3,"enemies":"Centurion and Healer","floor":22,"turns":6},{"damage":16,"enemies":"Gremlin Leader","floor":24,"turns":6},{"damage":11,"enemies":"Snake Plant","floor":27,"turns":3},{"damage":9,"enemies":"Snecko","floor":29,"turns":5},{"damage":16,"enemies":"Centurion and Healer","floor":31,"turns":5},{"damage":49,"enemies":"Automaton","floor":33,"turns":7},{"damage":7,"enemies":"3 Darklings","floor":35,"turns":3},{"damage":9,"enemies":"3 Shapes","floor":37,"turns":1},{"damage":8,"enemies":"Maw","floor":38,"turns":5},{"damage":40,"enemies":"Nemesis","floor":40,"turns":5},{"damage":23,"enemies":"Jaw Worm Horde","floor":41,"turns":4},{"damage":6,"enemies":"Transient","floor":45,"turns":5},{"damage":18,"enemies":"Maw","floor":47,"turns":4},{"damage":17,"enemies":"Writhing Mass","floor":48,"turns":2},{"damage":27,"enemies":"Awakened One","floor":50,"turns":6}],"seed_played":"2588683384139295352","potions_obtained":[{"floor":1,"key":"Energy Potion"},{"floor":3,"key":"Explosive Potion"},{"floor":13,"key":"FearPotion"}],"is_trial":false,"path_per_floor":["M","?","M","$","M","R","?","M","T","M","?","R","?","$","R","B",null,"M","?","?","M","M","R","E","$","T","M","R","M","$","M","R","B",null,"M","?","M","M","$","E","M","R","T","R","M","$","M","M","R","B",null],"character_chosen":"IRONCLAD","items_purchased":["Inflame","Inflame","Headbutt","Toolbox"],"campfire_rested":0,"item_purchase_floors":[4,14,46,46],"current_hp_per_floor":[72,72,72,72,72,72,72,72,72,72,72,72,48,48,48,38,72,72,59,59,65,77,77,77,77,77,77,77,74,74,77,77,34,77,77,77,74,75,75,42,55,55,55,55,69,69,57,53,53,54],"gold":60,"neow_bonus":"ONE_RARE_RELIC","is_prod":false,"is_daily":false,"chose_seed":false,"campfire_upgraded":9,"win_rate":0,"timestamp":1549068212,"path_taken":["M","?","M","$","?","R","?","?","T","M","?","R","?","?","R","BOSS","M","?","?","M","M","R","E","$","T","M","R","M","$","M","R","BOSS","M","?","?","M","$","E","?","R","T","R","M","$","M","M","R","BOSS"],"build_version":"2019-01-23","purchased_purges":5,"victory":true,"max_hp_per_floor":[72,72,72,72,72,72,72,72,72,72,72,72,72,72,72,72,72,72,77,77,77,77,77,77,77,77,77,77,77,77,77,77,77,77,77,77,77,77,77,77,77,77,77,77,77,77,77,77,77,77],"card_choices":[{"not_picked":["Hemokinesis","Corruption"],"picked":"Cleave","floor":1},{"not_picked":["Clothesline","Burning Pact"],"picked":"Flex","floor":3},{"not_picked":["Corruption","Havoc"],"picked":"Disarm","floor":5},{"not_picked":["True Grit","Thunderclap"],"picked":"Whirlwind","floor":8},{"not_picked":["Body Slam","Rupture"],"picked":"Flex","floor":10},{"not_picked":["Shrug It Off","Twin Strike"],"picked":"Flex","floor":13},{"not_picked":["Fiend Fire","Impervious"],"picked":"Reaper","floor":16},{"not_picked":["Disarm","Havoc"],"picked":"Heavy Blade+1","floor":18},{"not_picked":["Sword Boomerang","Evolve"],"picked":"Headbutt","floor":21},{"not_picked":["Carnage","Body Slam"],"picked":"Havoc","floor":22},{"not_picked":["Feel No Pain","Ghostly Armor"],"picked":"Rage","floor":24},{"not_picked":["Wild Strike+1","Perfected Strike+1","Pummel"],"picked":"SKIP","floor":27},{"not_picked":["Iron Wave","Clothesline+1","Hemokinesis"],"picked":"SKIP","floor":29},{"not_picked":["Clothesline+1","Rupture"],"picked":"Uppercut+1","floor":31},{"not_picked":["Fiend Fire","Bludgeon"],"picked":"Limit Break","floor":33},{"not_picked":["Clash","Perfected Strike+1","Wild Strike"],"picked":"SKIP","floor":35},{"not_picked":["Warcry","Sever Soul","Carnage"],"picked":"SKIP","floor":37},{"not_picked":["Reckless Charge+1","Havoc","Perfected Strike"],"picked":"SKIP","floor":38},{"not_picked":["Body Slam","Havoc+1"],"picked":"Disarm+1","floor":40},{"not_picked":["Clash+1","Shrug It Off+1"],"picked":"Demon Form","floor":41},{"not_picked":["Ghostly Armor","Intimidate+1","Twin Strike+1"],"picked":"SKIP","floor":45},{"not_picked":["Heavy Blade","Anger"],"picked":"Headbutt","floor":47},{"not_picked":["Feel No Pain","Fire Breathing","Searing Blow"],"picked":"SKIP","floor":48}],"player_experience":704256,"relics_obtained":[{"floor":9,"key":"Vajra"},{"floor":13,"key":"Whetstone"},{"floor":24,"key":"Smiling Mask"},{"floor":26,"key":"Mummified Hand"},{"floor":40,"key":"Pen Nib"},{"floor":43,"key":"Bottled Tornado"}],"event_choices":[{"cards_removed":["Cleave"],"damage_healed":0,"gold_gain":0,"player_choice":"Gave Card","damage_taken":0,"relics_obtained":["War Paint"],"max_hp_gain":0,"max_hp_loss":0,"event_name":"WeMeetAgain","floor":2,"gold_loss":0},{"cards_removed":["Strike_R"],"damage_healed":0,"gold_gain":0,"player_choice":"Offered Basic","damage_taken":0,"max_hp_gain":0,"max_hp_loss":0,"event_name":"Bonfire Elementals","floor":7,"gold_loss":0},{"cards_removed":["Strike_R"],"damage_healed":0,"gold_gain":0,"player_choice":"Forget","damage_taken":0,"max_hp_gain":0,"max_hp_loss":0,"event_name":"Living Wall","floor":11,"gold_loss":0},{"damage_healed":0,"gold_gain":30,"player_choice":"Searched \u00272\u0027 times","damage_taken":0,"max_hp_gain":0,"max_hp_loss":0,"event_name":"Dead Adventurer","floor":13,"gold_loss":0},{"damage_healed":0,"gold_gain":0,"player_choice":"Shed Blood","damage_taken":18,"max_hp_gain":5,"max_hp_loss":0,"event_name":"Forgotten Altar","floor":19,"gold_loss":0},{"damage_healed":0,"gold_gain":0,"player_choice":"1 cards matched","damage_taken":0,"max_hp_gain":0,"max_hp_loss":0,"event_name":"Match and Keep!","floor":20,"gold_loss":0,"cards_obtained":["Dark Shackles"]},{"damage_healed":0,"gold_gain":0,"player_choice":"2 cards matched","damage_taken":0,"max_hp_gain":0,"max_hp_loss":0,"event_name":"Match and Keep!","floor":36,"gold_loss":0,"cards_obtained":["Offering","Bash"]}],"is_beta":false,"boss_relics":[{"not_picked":["Eternal Feather","Mark of Pain"],"picked":"Sozu"},{"not_picked":["Philosopher\u0027s Stone","Runic Cube"],"picked":"Coffee Dripper"}],"items_purged_floors":[14,25,30,39,46],"is_endless":false,"potions_floor_spawned":[1,3,13,21,27,29,33,40,41,48],"ascension_level":0}