{"gold_per_floor":[111,131,131,131,206,206,239,255,282,282,303,315,315,325,325,422,422,406,331,331,11,31,31,62,62,86,99,99,99,99,109,109,210,210,225,242,242,252,252,279,279,311,311,311,340,17,32,50,50,50],"floor_reached":51,"playtime":2178,"items_purged":["Defend_G","Defend_G"],"score":828,"play_id":"a17be91e-cd62-43ea-aabe-af5ccd450389","local_time":"20190201214705","is_ascension_mode":false,"campfire_choices":[{"data":"Neutralize","floor":6,"key":"SMITH"},{"data":"Crippling Poison","floor":10,"key":"SMITH"},{"data":"Catalyst","floor":13,"key":"SMITH"},{"data":"Leg Sweep","floor":15,"key":"SMITH"},{"data":"After Image","floor":23,"key":"SMITH"},{"data":"Dodge and Roll","floor":25,"key":"SMITH"},{"data":"Dagger Spray","floor":28,"key":"SMITH"},{"data":"Backflip","floor":30,"key":"SMITH"},{"floor":32,"key":"REST"},{"data":"Bane","floor":41,"key":"SMITH"},{"data":"Survivor","floor":44,"key":"SMITH"},{"floor":49,"key":"REST"}],"neow_cost":"NONE","seed_source_timestamp":414363288105648,"circlet_count":0,"master_deck":["Defend_G","Defend_G","Defend_G","Strike_G+1","Strike_G+1","Survivor+1","Neutralize+1","Noxious Fumes+1","Crippling Poison+1","Bane+1","Dodge and Roll+1","Catalyst+1","Backflip+1","Leg Sweep+1","After Image+1","Dagger Spray+1","Catalyst+1","Poisoned Stab+1","Footwork+1","Dash+1"],"relics":["Ring of the Snake","NeowsBlessing","Ancient Tea Set","Snake Skull","Odd Mushroom","Runic Pyramid","DollysMirror","Nunchaku","Bag of Preparation","MutagenicStrength","Busted Crown","Bag of Marbles","Whetstone","Dodecahedron","Question Card","Anchor"],"potions_floor_usage":[18,38,45,50,50,50],"damage_taken":[{"damage":0,"enemies":"Small Slimes","floor":1,"turns":1},{"damage":0,"enemies":"2 Louse","floor":2,"turns":1},{"damage":0,"enemies":"3 Sentries","floor":7,"turns":2},{"damage":2,"enemies":"Jaw Worm","floor":8,"turns":5},{"damage":0,"enemies":"The Mushroom Lair","floor":11,"turns":3},{"damage":6,"enemies":"Red Slaver","floor":12,"turns":3},{"damage":0,"enemies":"3 Louse","floor":14,"turns":4},{"damage":12,"enemies":"The Guardian","floor":16,"turns":9},{"damage":0,"enemies":"2 Thieves","floor":18,"turns":5},{"damage":0,"enemies":"3 Byrds","floor":22,"turns":4},{"damage":39,"enemies":"Slavers","floor":24,"turns":5},{"damage":0,"enemies":"Snake Plant","floor":27,"turns":4},{"damage":0,"enemies":"Snecko","floor":31,"turns":3},{"damage":31,"enemies":"Automaton","floor":33,"turns":7},{"damage":2,"enemies":"3 Darklings","floor":35,"turns":5},{"damage":5,"enemies":"3 Shapes","floor":36,"turns":4},{"damage":5,"enemies":"Jaw Worm Horde","floor":38,"turns":3},{"damage":1,"enemies":"Giant Head","floor":40,"turns":7},{"damage":0,"enemies":"Nemesis","floor":42,"turns":3},{"damage":6,"enemies":"Reptomancer","floor":45,"turns":5},{"damage":0,"enemies":"Transient","floor":47,"turns":5},{"damage":0,"enemies":"Maw","floor":48,"turns":4},{"damage":23,"enemies":"Awakened One","floor":50,"turns":10}],"seed_played":"-1564623659056704686","potions_obtained":[{"floor":2,"key":"SkillPotion"},{"floor":7,"key":"SpeedPotion"},{"floor":8,"key":"GhostInAJar"},{"floor":18,"key":"FearPotion"},{"floor":40,"key":"SteroidPotion"},{"floor":45,"key":"SpeedPotion"}],"is_trial":false,"path_per_floor":["M","M","?","?","?","R","E","M","T","R","?","M","R","M","R","B",null,"M","?","?","$","M","R","E","R","T","M","R","?","R","M","R","B",null,"M","M","?","M","?","E","R","E","T","R","E","$","M","M","R","B",null],"character_chosen":"THE_SILENT","items_purchased":["DollysMirror","Fire Potion","GhostInAJar","Anchor"],"campfire_rested":2,"item_purchase_floors":[21,21,46,46],"current_hp_per_floor":[70,70,63,63,52,52,52,50,50,50,50,44,44,44,44,32,70,70,70,70,70,70,70,31,31,31,31,31,31,31,31,52,21,70,68,63,63,58,58,57,57,57,57,57,51,51,51,51,66,43],"gold":50,"neow_bonus":"THREE_ENEMY_KILL","is_prod":false,"is_daily":false,"chose_seed":false,"campfire_upgraded":10,"win_rate":0,"timestamp":1549075625,"path_taken":["M","M","?","?","?","R","E","M","T","R","?","M","R","?","R","BOSS","M","?","?","$","M","R","E","R","T","M","R","?","R","M","R","BOSS","M","M","?","M","?","E","R","E","T","R","E","$","?","M","R","BOSS"],"build_version":"2019-01-23","purchased_purges":2,"victory":true,"max_hp_per_floor":[70,70,70,70,70,70,70,70,70,70,70,70,70,70,70,70,70,70,70,70,70,70,70,70,70,70,70,70,70,70,70,70,70,70,70,70,70,70,66,66,66,66,66,66,66,66,66,66,66,66],"card_choices":[{"not_picked":["Deflect","Poisoned Stab"],"picked":"Noxious Fumes","floor":1},{"not_picked":["Well Laid Plans","Eviscerate"],"picked":"Crippling Poison","floor":2},{"not_picked":["Riddle With Holes","Underhanded Strike"],"picked":"Bane","floor":7},{"not_picked":["PiercingWail","Underhanded Strike"],"picked":"Dodge and Roll","floor":8},{"not_picked":["Poisoned Stab","Flying Knee"],"picked":"Catalyst","floor":11},{"not_picked":["Expertise","Deadly Poison"],"picked":"Backflip","floor":12},{"not_picked":["Cloak And Dagger","PiercingWail"],"picked":"Leg Sweep","floor":14},{"not_picked":["Doppelganger","A Thousand Cuts"],"picked":"After Image","floor":16},{"not_picked":["Flechettes","PiercingWail"],"picked":"Dagger Spray","floor":18},{"not_picked":["Sucker Punch","Dagger Throw+1"],"picked":"Poisoned Stab+1","floor":22},{"not_picked":["All Out Attack","Eviscerate","Flying Knee"],"picked":"SKIP","floor":24},{"not_picked":["Endless Agony","Backflip"],"picked":"Footwork+1","floor":27},{"not_picked":["Quick Slash+1","Predator+1","A Thousand Cuts"],"picked":"SKIP","floor":31},{"not_picked":["Heel Hook+1"],"picked":"SKIP","floor":35},{"not_picked":["Choke"],"picked":"SKIP","floor":36},{"not_picked":["Slice+1"],"picked":"SKIP","floor":38},{"not_picked":["Outmaneuver+1"],"picked":"SKIP","floor":40},{"not_picked":["Flying Knee"],"picked":"SKIP","floor":42},{"not_picked":["Underhanded Strike"],"picked":"SKIP","floor":45},{"not_picked":["Heel Hook+1"],"picked":"Dash+1","floor":47},{"not_picked":["Dodge and Roll","Cloak And Dagger+1"],"picked":"SKIP","floor":48},{"not_picked":["Dodge and Roll","Cloak And Dagger+1"],"picked":"SKIP","floor":48}],"player_experience":25468,"relics_obtained":[{"floor":7,"key":"Ancient Tea Set"},{"floor":9,"key":"Snake Skull"},{"floor":11,"key":"Odd Mushroom"},{"floor":24,"key":"Nunchaku"},{"floor":26,"key":"Bag of Preparation"},{"floor":40,"key":"Bag of Marbles"},{"floor":42,"key":"Whetstone"},{"floor":43,"key":"Dodecahedron"},{"floor":45,"key":"Question Card"}],"event_choices":[{"cards_removed":["Strike_G"],"damage_healed":0,"gold_gain":0,"player_choice":"Card Removal","damage_taken":7,"max_hp_gain":0,"max_hp_loss":0,"event_name":"Golden Wing","floor":3,"gold_loss":0},{"damage_healed":0,"gold_gain":0,"player_choice":"Grow","damage_taken":0,"max_hp_gain":0,"max_hp_loss":0,"event_name":"Living Wall","floor":4,"gold_loss":0,"cards_upgraded":["Noxious Fumes"]},{"damage_healed":0,"gold_gain":75,"player_choice":"Gather Gold","damage_taken":11,"max_hp_gain":0,"max_hp_loss":0,"event_name":"World of Goop","floor":5,"gold_loss":0},{"damage_healed":0,"gold_gain":0,"player_choice":"Fought Mushrooms","damage_taken":0,"max_hp_gain":0,"max_hp_loss":0,"event_name":"Mushrooms","floor":11,"gold_loss":0},{"cards_removed":["Strike_G"],"damage_healed":0,"gold_gain":0,"player_choice":"Gave Gold","damage_taken":0,"max_hp_gain":0,"max_hp_loss":0,"event_name":"Beggar","floor":19,"gold_loss":75},{"damage_healed":0,"gold_gain":0,"player_choice":"Ignored","damage_taken":0,"max_hp_gain":0,"max_hp_loss":0,"event_name":"Vampires","floor":20,"gold_loss":0},{"damage_healed":0,"gold_gain":0,"player_choice":"Inject Mutagens","damage_taken":0,"relics_obtained":["MutagenicStrength"],"max_hp_gain":0,"max_hp_loss":0,"event_name":"Drug Dealer","floor":29,"gold_loss":0},{"cards_removed":["Strike_G"],"damage_healed":0,"gold_gain":0,"player_choice":"Removed Attack","damage_taken":0,"max_hp_gain":0,"max_hp_loss":0,"event_name":"Falling","floor":37,"gold_loss":0},{"damage_healed":0,"gold_gain":0,"player_choice":"Max HP","damage_taken":0,"max_hp_gain":0,"max_hp_loss":4,"event_name":"Winding Halls","floor":39,"gold_loss":0}],"is_beta":false,"boss_relics":[{"not_picked":["Empty Cage","White Beast Statue"],"picked":"Runic Pyramid"},{"not_picked":["Cursed Key","Runic Dome"],"picked":"Busted Crown"}],"items_purged_floors":[21,46],"is_endless":false,"potions_floor_spawned":[2,7,8,11,18,33,40,42,45],"ascension_level":0}