{"gold_per_floor":[112,112,123,173,183,183,215,215,215,215,230,230,265,297,297,373,373,383,383,308,308,182,182,182],"floor_reached":24,"playtime":1459,"items_purged":["Setup+1"],"score":481,"play_id":"e41ab9cd-5560-4c84-8093-6a723de90f11","local_time":"20190106021704","is_ascension_mode":true,"campfire_choices":[{"data":"Dash","floor":6,"key":"SMITH"},{"data":"Footwork","floor":8,"key":"SMITH"},{"data":"Deadly Poison","floor":10,"key":"SMITH"},{"floor":12,"key":"REST"},{"data":"Bouncing Flask","floor":15,"key":"SMITH"},{"data":"A Thousand Cuts","floor":23,"key":"SMITH"}],"neow_cost":"NONE","seed_source_timestamp":5963622878406,"circlet_count":0,"master_deck":["AscendersBane","Defend_G","Defend_G","Defend_G","Defend_G","Defend_G","Survivor","Neutralize+1","Deadly Poison+1","Footwork+1","Dash+1","Backflip","Bouncing Flask+1","A Thousand Cuts+1","Caltrops+1","Riddle With Holes+1","Cloak And Dagger"],"special_seed":0,"relics":["Ring of the Snake","WingedGreaves","Pantograph","Bottled Tornado","Pear","Astrolabe"],"potions_floor_usage":[14,19],"damage_taken":[{"damage":1.0,"enemies":"2 Louse","floor":1.0,"turns":5.0},{"damage":2.0,"enemies":"Jaw Worm","floor":3.0,"turns":5.0},{"damage":0,"enemies":"Cultist","floor":5,"turns":4},{"damage":17,"enemies":"Lagavulin","floor":7,"turns":9},{"damage":0,"enemies":"Exordium Thugs","floor":11,"turns":7},{"damage":11,"enemies":"3 Sentries","floor":13,"turns":11},{"damage":17,"enemies":"Gremlin Nob","floor":14,"turns":4},{"damage":0,"enemies":"Hexaghost","floor":16,"turns":9},{"damage":17,"enemies":"Shell Parasite","floor":18,"turns":9},{"damage":16,"enemies":"Colosseum Slavers","floor":19,"turns":7},{"damage":41,"enemies":"Gremlin Leader","floor":24,"turns":2}],"seed_played":"6341565304502675274","potions_obtained":[{"floor":5,"key":"Energy Potion"},{"floor":18,"key":"GhostInAJar"}],"is_trial":false,"path_per_floor":["M","?","M","?","M","R","E","R","T","R","M","R","E","E","R","B",null,"M","?","?","?","$","R","E"],"character_chosen":"THE_SILENT","items_purchased":["Cloak And Dagger"],"campfire_rested":1,"item_purchase_floors":[22],"current_hp_per_floor":[58,58,56,50,50,50,33,33,33,33,33,52,41,34,34,59,72,55,39,39,39,39,39,0],"gold":182,"neow_bonus":"TRANSFORM_CARD","is_prod":false,"is_daily":false,"chose_seed":false,"campfire_upgraded":5,"win_rate":0,"timestamp":1546737424,"path_taken":["M","?","M","?","?","R","E","R","T","R","M","R","E","E","R","BOSS","M","?","?","?","$","R","E"],"build_version":"2019-01-03v4","purchased_purges":1,"victory":false,"max_hp_per_floor":[66,66,66,66,66,66,66,66,66,66,66,66,66,76,76,76,76,76,76,76,76,76,76,76],"card_choices":[{"not_picked":["PiercingWail","Distraction"],"picked":"Footwork","floor":1.0},{"not_picked":["Outmaneuver","Backflip"],"picked":"Dash","floor":3.0},{"not_picked":["Expertise","Sucker Punch","Underhanded Strike"],"picked":"SKIP","floor":5},{"not_picked":["Poisoned Stab","Masterful Stab"],"picked":"Backflip","floor":7},{"not_picked":["Slice","Concentrate"],"picked":"Bouncing Flask","floor":11},{"not_picked":["Distraction","Sucker Punch","All Out Attack"],"picked":"SKIP","floor":13},{"not_picked":["Storm of Steel","Finisher","Distraction"],"picked":"SKIP","floor":14},{"not_picked":["Glass Knife","Doppelganger"],"picked":"A Thousand Cuts","floor":16},{"not_picked":["Bane","Blade Dance","Finisher"],"picked":"SKIP","floor":18}],"player_experience":739175,"relics_obtained":[{"floor":7,"key":"WingedGreaves"},{"floor":9,"key":"Pantograph"},{"floor":13,"key":"Bottled Tornado"},{"floor":14,"key":"Pear"}],"event_choices":[{"damage_healed":0.0,"max_hp_gain":0.0,"max_hp_loss":0.0,"gold_gain":0.0,"event_name":"Living Wall","player_choice":"Grow","floor":2.0,"gold_loss":0.0,"damage_taken":0.0,"cards_upgraded":["Neutralize"]},{"damage_healed":0,"gold_gain":50,"player_choice":"Touch","damage_taken":6,"max_hp_gain":0,"max_hp_loss":0,"event_name":"FaceTrader","floor":4,"gold_loss":0},{"damage_healed":0,"gold_gain":0,"player_choice":"Fight","damage_taken":0,"max_hp_gain":0,"max_hp_loss":0,"event_name":"Colosseum","floor":19,"gold_loss":0},{"damage_healed":0,"gold_gain":0,"player_choice":"Fled From Nobs","damage_taken":0,"max_hp_gain":0,"max_hp_loss":0,"event_name":"Colosseum","floor":19,"gold_loss":0},{"cards_removed":["Strike_G"],"damage_healed":0,"gold_gain":0,"player_choice":"Gave Gold","damage_taken":0,"max_hp_gain":0,"max_hp_loss":0,"event_name":"Beggar","floor":20,"gold_loss":75},{"damage_healed":0,"gold_gain":0,"player_choice":"Ignored","damage_taken":0,"max_hp_gain":0,"max_hp_loss":0,"event_name":"Vampires","floor":21,"gold_loss":0}],"is_beta":false,"boss_relics":[{"not_picked":["White Beast Statue","Black Star"],"picked":"Astrolabe"}],"items_purged_floors":[22],"is_endless":false,"potions_floor_spawned":[5,18,19],"killed_by":"Gremlin Leader","ascension_level":17}