{"path_per_floor":["M","M","?","M","M","E","M","$","T","M","?","R","?","M","R","B",null,"M","M","?"],"character_chosen":"IRONCLAD","items_purchased":["Power Through","Seeing Red"],"gold_per_floor":[110,125,125,136,156,185,200,42,69,87,87,87,87,112,112,237,237,256,280,280],"floor_reached":21,"campfire_rested":0,"playtime":2023,"current_hp_per_floor":[72,77,77,80,80,83,87,87,87,87,66,66,66,64,64,30,87,74,44,28],"items_purged":[],"gold":280,"score":183,"play_id":"b3b8b871-8a42-4878-b144-6a23c29c955d","is_prod":false,"is_daily":false,"is_ascension_mode":false,"campfire_upgraded":2,"path_taken":["M","?","?","M","M","E","M","$","T","M","?","R","?","M","R","BOSS","M","M","?","?"],"build_version":"2018-02-08-PROD1","purchased_purges":0,"victory":false,"master_deck":["Strike_R","Strike_R","Strike_R","Strike_R","Strike_R","Defend_R","Defend_R","Defend_R+1","Defend_R","Bash","Flame Barrier+1","Twin Strike","Shrug It Off","Spot Weakness","Shrug It Off+1","Thunderclap","Power Through+1","Seeing Red","Combust","Regret","Pommel Strike","Demon Form","Body Slam","Second Wind","Iron Wave","Body Slam","Flex","Anger","Rampage"],"max_hp_per_floor":[80,80,80,80,80,87,87,87,87,87,87,87,87,87,87,87,87,87,87,87],"relics":["Burning Blood","Bronze Scales","Strawberry","War Paint","Golden Idol","Bag of Preparation","Orrery","Nilry\u0027s Codex"],"card_choices":[{"not_picked":["Perfected Strike","Thunderclap"],"picked":"Flame Barrier"},{"not_picked":["Sword Boomerang","Warcry"],"picked":"Twin Strike"},{"not_picked":["Clothesline","Iron Wave"],"picked":"Shrug It Off"},{"not_picked":["True Grit","Anger"],"picked":"Spot Weakness"},{"not_picked":["Disarm","Perfected Strike"],"picked":"Shrug It Off"},{"not_picked":["Clothesline","Heavy Blade"],"picked":"Thunderclap"},{"not_picked":["Iron Wave","Heavy Blade"],"picked":"Combust"},{"not_picked":["Rupture","Hemokinesis"],"picked":"Pommel Strike"},{"not_picked":["Brutality","Dark Embrace"],"picked":"Demon Form"},{"not_picked":["Reckless Charge","Blood for Blood"],"picked":"Body Slam"},{"not_picked":["Perfected Strike","Clash"],"picked":"Second Wind"},{"not_picked":["Perfected Strike","Shrug It Off"],"picked":"Iron Wave"},{"not_picked":["Armaments","Clash"],"picked":"Body Slam"},{"not_picked":["Clash","Perfected Strike"],"picked":"Flex"},{"not_picked":["Dropkick","Twin Strike"],"picked":"Anger"},{"not_picked":["Clash","Anger"],"picked":"Rampage"}],"player_experience":16199,"potions_floor_usage":[],"damage_taken":[{"damage":14,"enemies":"Blue Slaver","floor":1,"turns":5},{"damage":1,"enemies":"Cultist","floor":2,"turns":5},{"damage":0,"enemies":"2 Louse","floor":4,"turns":3},{"damage":2,"enemies":"2 Fungi Beasts","floor":5,"turns":3},{"damage":10,"enemies":"3 Sentries","floor":6,"turns":7},{"damage":0,"enemies":"Large Slime","floor":7,"turns":7},{"damage":0,"enemies":"Exordium Wildlife","floor":10,"turns":4},{"damage":8,"enemies":"2 Fungi Beasts","floor":14,"turns":3},{"damage":40,"enemies":"Hexaghost","floor":16,"turns":9},{"damage":19,"enemies":"3 Byrds","floor":18,"turns":4},{"damage":36,"enemies":"Spheric Guardian","floor":19,"turns":6},{"damage":13,"enemies":"Centurion and Healer","floor":21,"turns":3}],"event_choices":[{"event_name":"Golden Wing","player_choice":"Ignored","floor":3,"damage_taken":0},{"event_name":"Golden Idol","player_choice":"Take Damage","floor":11,"damage_taken":0},{"event_name":"Big Fish","player_choice":"Box","floor":13,"damage_taken":0},{"event_name":"Cursed Tome","player_choice":"Obtained Book","floor":20,"damage_taken":0}],"boss_relics":[{"not_picked":["Runic Cube","Runic Dome"],"picked":"Orrery"}],"potions_floor_spawned":[2,5,18],"seed_played":"6727171826039783510","killed_by":"Centurion and Healer","ascension_level":0,"is_trial":false}