{"gold_per_floor":[118,131,131,151,74,102,102,177,204,218,230,241,261,273,273,372,372,384,309,309,309,325,325,339,339,339,339,356,356,367,383,383,383],"floor_reached":33,"playtime":1002,"items_purged":[],"score":253,"play_id":"e2edfd1b-21be-416b-b39d-f464accb1c2f","local_time":"20190117140934","is_ascension_mode":false,"campfire_choices":[{"data":"Double Tap","floor":7.0,"key":"SMITH"},{"data":"Fire Breathing","floor":15.0,"key":"SMITH"},{"data":"RitualDagger","floor":23.0,"key":"SMITH"},{"data":"Bash","floor":25.0,"key":"SMITH"},{"data":"Twin Strike","floor":29,"key":"SMITH"},{"floor":32,"key":"REST"}],"neow_cost":"NONE","seed_source_timestamp":161849579862606,"circlet_count":0,"master_deck":["Strike_R","Strike_R","Strike_R","Strike_R","Strike_R","Bash+1","Sword Boomerang+1","Wild Strike","Juggernaut","Perfected Strike+1","Double Tap+1","Pommel Strike","Pommel Strike","Metallicize","Twin Strike+1","Fire Breathing+1","Reaper","True Grit+1","RitualDagger+1","Brutality","Dark Embrace","Battle Trance+1","Clothesline","Iron Wave+1"],"special_seed":0,"relics":["Burning Blood","Potion Belt","Whetstone","Centennial Puzzle","Runic Dome","Gremlin Horn","Nilry\u0027s Codex"],"potions_floor_usage":[28,33,33],"damage_taken":[{"damage":6.0,"enemies":"Cultist","floor":1.0,"turns":3.0},{"damage":11.0,"enemies":"Jaw Worm","floor":2.0,"turns":2.0},{"damage":6.0,"enemies":"2 Louse","floor":4.0,"turns":2.0},{"damage":36.0,"enemies":"Lagavulin","floor":6.0,"turns":5.0},{"damage":6.0,"enemies":"2 Fungi Beasts","floor":10.0,"turns":2.0},{"damage":5.0,"enemies":"3 Louse","floor":11.0,"turns":2.0},{"damage":8.0,"enemies":"Large Slime","floor":12.0,"turns":4.0},{"damage":13.0,"enemies":"Red Slaver","floor":13.0,"turns":2.0},{"damage":0.0,"enemies":"Exordium Wildlife","floor":14.0,"turns":2.0},{"damage":11.0,"enemies":"Hexaghost","floor":16.0,"turns":6.0},{"damage":0.0,"enemies":"Spheric Guardian","floor":18.0,"turns":2.0},{"damage":10.0,"enemies":"2 Thieves","floor":22.0,"turns":2.0},{"damage":21.0,"enemies":"Snake Plant","floor":24.0,"turns":2.0},{"damage":20,"enemies":"Centurion and Healer","floor":28,"turns":3},{"damage":13,"enemies":"Shelled Parasite and Fungi","floor":30,"turns":2},{"damage":14,"enemies":"Cultist and Chosen","floor":31,"turns":4},{"damage":61,"enemies":"Automaton","floor":33,"turns":6}],"seed_played":"2659897095904522820","potions_obtained":[{"floor":1.0,"key":"Dexterity Potion"},{"floor":4.0,"key":"AttackPotion"},{"floor":10.0,"key":"LiquidBronze"},{"floor":13.0,"key":"SkillPotion"},{"floor":14.0,"key":"SneckoOil"},{"floor":22.0,"key":"SteroidPotion"},{"floor":30,"key":"Fire Potion"}],"is_trial":false,"path_per_floor":["M","M","?","M","$","E","R","?","T","M","M","M","M","M","R","B",null,"M","?","?","?","M","R","M","R","T","?","M","R","M","M","R","B"],"character_chosen":"IRONCLAD","items_purchased":["Double Tap"],"campfire_rested":1,"item_purchase_floors":[5],"current_hp_per_floor":[80,75,75,75,75,45,45,34,34,34,35,33,26,32,32,27,80,80,80,74,74,70,70,55,55,55,39,25,25,18,18,42,0],"gold":383,"neow_bonus":"RANDOM_COMMON_RELIC","is_prod":false,"is_daily":false,"chose_seed":false,"campfire_upgraded":5,"win_rate":0,"timestamp":1547730574,"path_taken":["M","M","?","?","$","E","R","?","T","M","M","M","M","M","R","BOSS","M","?","?","?","M","R","M","R","T","?","M","R","M","M","R","BOSS"],"build_version":"2019-01-10","purchased_purges":0,"victory":false,"max_hp_per_floor":[80,80,80,80,80,80,80,80,80,80,80,80,80,80,80,80,80,80,80,80,80,80,80,80,80,80,80,80,80,80,80,80,80],"card_choices":[{"not_picked":["Dual Wield","Seeing Red"],"picked":"Sword Boomerang","floor":1.0},{"not_picked":["Body Slam","Heavy Blade"],"picked":"Wild Strike","floor":2.0},{"not_picked":["Body Slam","Anger"],"picked":"Perfected Strike","floor":4.0},{"not_picked":["Cleave","Flex"],"picked":"Pommel Strike","floor":6.0},{"not_picked":["Brutality","Cleave"],"picked":"Pommel Strike","floor":10.0},{"not_picked":["Anger","Sever Soul"],"picked":"Metallicize","floor":11.0},{"not_picked":["Anger","Thunderclap"],"picked":"Twin Strike","floor":12.0},{"not_picked":["Clash","Headbutt"],"picked":"Fire Breathing","floor":13.0},{"not_picked":["Evolve","Seeing Red","Dropkick"],"picked":"SKIP","floor":14.0},{"not_picked":["Brutality","Berserk"],"picked":"Reaper","floor":16.0},{"not_picked":["Reckless Charge","Havoc"],"picked":"True Grit+1","floor":18.0},{"not_picked":["Warcry","Shrug It Off","Dropkick"],"picked":"SKIP","floor":22.0},{"not_picked":["Dark Embrace","Twin Strike"],"picked":"Battle Trance+1","floor":24.0},{"not_picked":["Clash","Power Through","Armaments"],"picked":"SKIP","floor":28},{"not_picked":["Warcry+1","Flame Barrier+1"],"picked":"Clothesline","floor":30},{"not_picked":["Berserk","Clash"],"picked":"Iron Wave+1","floor":31}],"player_experience":902754,"relics_obtained":[{"floor":6.0,"key":"Whetstone"},{"floor":9.0,"key":"Centennial Puzzle"},{"floor":26.0,"key":"Gremlin Horn"},{"floor":27.0,"key":"Nilry\u0027s Codex"}],"event_choices":[{"damage_healed":0.0,"max_hp_gain":0.0,"max_hp_loss":0.0,"gold_gain":0.0,"cards_transformed":["Defend_R"],"event_name":"Transmorgrifier","player_choice":"Transformed","floor":3.0,"gold_loss":0.0,"damage_taken":0.0,"cards_obtained":["Juggernaut"]},{"damage_healed":0.0,"max_hp_gain":0.0,"max_hp_loss":0.0,"gold_gain":75.0,"event_name":"World of Goop","player_choice":"Gather Gold","floor":8.0,"gold_loss":0.0,"damage_taken":11.0},{"cards_removed":["Defend_R"],"damage_healed":0.0,"max_hp_gain":0.0,"max_hp_loss":0.0,"gold_gain":0.0,"event_name":"Beggar","player_choice":"Gave Gold","floor":19.0,"gold_loss":75.0,"damage_taken":0.0},{"damage_healed":0.0,"max_hp_gain":0.0,"max_hp_loss":0.0,"gold_gain":0.0,"event_name":"Nest","player_choice":"Joined the Cult","floor":20.0,"gold_loss":0.0,"damage_taken":6.0,"cards_obtained":["RitualDagger"]},{"damage_healed":0.0,"max_hp_gain":0.0,"max_hp_loss":0.0,"gold_gain":0.0,"cards_transformed":["Defend_R","Defend_R"],"event_name":"Drug Dealer","player_choice":"Became Test Subject","floor":21.0,"gold_loss":0.0,"damage_taken":0.0,"cards_obtained":["Brutality","Dark Embrace"]},{"damage_healed":0.0,"max_hp_gain":0.0,"max_hp_loss":0.0,"gold_gain":0.0,"event_name":"Cursed Tome","player_choice":"Obtained Book","floor":27.0,"gold_loss":0.0,"damage_taken":16.0}],"is_beta":false,"boss_relics":[{"not_picked":["Runic Cube","Black Star"],"picked":"Runic Dome"}],"items_purged_floors":[],"is_endless":false,"potions_floor_spawned":[1,4,10,13,14,22,30],"killed_by":"Automaton","ascension_level":0}