{"gold_per_floor":[212,0,14,289,300,300,317,317,317,317,336,364,1,1,1,103,103,117,117,130,130,141,141,69,20,20,32,32,32,32,59,59,155,155,169,79,98,113,113,113,132,132,159,178,78,78,92,192,192,192],"floor_reached":51,"playtime":1693,"items_purged":["Strike_R","Clumsy"],"score":715,"play_id":"eda534a4-4622-40d8-bdd4-ef0aee729882","local_time":"20190203024530","is_ascension_mode":false,"campfire_choices":[{"data":"Body Slam","floor":6,"key":"SMITH"},{"data":"Heavy Blade","floor":8,"key":"SMITH"},{"data":"Inflame","floor":10,"key":"SMITH"},{"data":"Clothesline","floor":15,"key":"SMITH"},{"data":"Limit Break","floor":23,"key":"SMITH"},{"data":"Heavy Blade","floor":28,"key":"SMITH"},{"floor":30,"key":"REST"},{"floor":32,"key":"REST"},{"data":"Inflame","floor":40,"key":"SMITH"},{"data":"Flame Barrier","floor":42,"key":"SMITH"},{"data":"Dual Wield","floor":46,"key":"SMITH"},{"floor":49,"key":"REST"}],"neow_cost":"NONE","seed_source_timestamp":519154141055888,"circlet_count":0,"master_deck":["Strike_R","Strike_R","Strike_R","Defend_R","Defend_R","Defend_R","Bash","Body Slam+1","Inflame+1","Heavy Blade+1","Clothesline+1","Dual Wield+1","Rage","Flame Barrier+1","Armaments+1","Limit Break+1","Shrug It Off+1","Iron Wave","Inflame+1","Heavy Blade+1","Thunderclap+1","Uppercut"],"relics":["Burning Blood","Ornamental Fan","Dodecahedron","Torii","Busted Crown","Toxic Egg 2","Enchiridion","Happy Flower","Cursed Key","Ancient Tea Set","Pocketwatch"],"potions_floor_usage":[16,16,16,31,38,47,50,50,50],"damage_taken":[{"damage":0,"enemies":"Small Slimes","floor":1,"turns":4},{"damage":6,"enemies":"Cultist","floor":3,"turns":3},{"damage":5,"enemies":"Jaw Worm","floor":5,"turns":3},{"damage":15,"enemies":"2 Fungi Beasts","floor":7,"turns":4},{"damage":5,"enemies":"Large Slime","floor":11,"turns":7},{"damage":19,"enemies":"Lagavulin","floor":12,"turns":6},{"damage":26,"enemies":"The Guardian","floor":16,"turns":8},{"damage":2,"enemies":"Spheric Guardian","floor":18,"turns":3},{"damage":19,"enemies":"2 Thieves","floor":20,"turns":4},{"damage":15,"enemies":"Centurion and Healer","floor":22,"turns":5},{"damage":12,"enemies":"Cultist and Chosen","floor":27,"turns":6},{"damage":34,"enemies":"Book of Stabbing","floor":31,"turns":6},{"damage":6,"enemies":"Champ","floor":33,"turns":7},{"damage":2,"enemies":"3 Darklings","floor":35,"turns":6},{"damage":2,"enemies":"3 Shapes","floor":37,"turns":3},{"damage":9,"enemies":"Spire Growth","floor":38,"turns":4},{"damage":0,"enemies":"Writhing Mass","floor":41,"turns":2},{"damage":11,"enemies":"3 Darklings","floor":44,"turns":5},{"damage":19,"enemies":"Spire Growth","floor":47,"turns":4},{"damage":3,"enemies":"Mind Bloom Boss Battle","floor":48,"turns":4},{"damage":56,"enemies":"Donu and Deca","floor":50,"turns":5}],"seed_played":"8948259173287928319","potions_obtained":[{"floor":3,"key":"Swift Potion"},{"floor":5,"key":"PowerPotion"},{"floor":11,"key":"EssenceOfSteel"},{"floor":16,"key":"Weak Potion"},{"floor":27,"key":"Regen Potion"},{"floor":31,"key":"SpeedPotion"},{"floor":35,"key":"Fire Potion"},{"floor":41,"key":"EssenceOfSteel"},{"floor":48,"key":"Dexterity Potion"}],"is_trial":false,"path_per_floor":["M","$","M","?","M","R","M","R","T","R","M","E","$","?","R","B",null,"M","?","M","?","M","R","$","$","T","M","R","?","R","E","R","B",null,"M","?","M","M","?","R","M","R","T","M","$","R","M","?","R","B",null],"character_chosen":"IRONCLAD","items_purchased":["Inflame","Heavy Blade","Clothesline","Torii","Armaments","Inflame","Heavy Blade"],"campfire_rested":3,"item_purchase_floors":[2,2,2,13,13,24,25],"current_hp_per_floor":[80,80,80,80,80,80,71,71,71,71,72,59,59,59,59,39,80,80,80,67,67,58,58,58,58,58,52,52,36,60,46,70,70,80,80,80,80,77,77,77,80,80,80,75,75,75,62,65,80,30],"gold":192,"neow_bonus":"HUNDRED_GOLD","is_prod":false,"is_daily":false,"chose_seed":false,"campfire_upgraded":9,"win_rate":0,"timestamp":1549179930,"path_taken":["M","$","M","?","M","R","M","R","T","R","?","E","$","?","R","BOSS","M","?","M","?","M","R","?","$","T","?","R","?","R","E","R","BOSS","M","?","M","?","?","R","M","R","T","M","$","R","M","?","R","BOSS"],"build_version":"2019-01-23","purchased_purges":2,"victory":true,"max_hp_per_floor":[80,80,80,80,80,80,80,80,80,80,80,80,80,80,80,80,80,80,80,80,80,80,80,80,80,80,80,80,80,80,80,80,80,80,80,80,80,80,80,80,80,80,80,80,80,80,80,80,80,80],"card_choices":[{"not_picked":["Thunderclap","Sword Boomerang"],"picked":"Body Slam","floor":1},{"not_picked":["Bloodletting","True Grit","Havoc"],"picked":"SKIP","floor":3},{"not_picked":["Sword Boomerang","Anger"],"picked":"Dual Wield","floor":5},{"not_picked":["Infernal Blade","Anger"],"picked":"Rage","floor":7},{"not_picked":["Sentinel","Seeing Red","Sword Boomerang"],"picked":"SKIP","floor":11},{"not_picked":["Twin Strike","Reaper"],"picked":"Flame Barrier","floor":12},{"not_picked":["Berserk","Fiend Fire"],"picked":"Limit Break","floor":16},{"not_picked":[],"picked":"Shrug It Off","floor":18},{"not_picked":["Disarm"],"picked":"SKIP","floor":20},{"not_picked":[],"picked":"Iron Wave","floor":22},{"not_picked":["Twin Strike"],"picked":"SKIP","floor":27},{"not_picked":["Clothesline"],"picked":"SKIP","floor":31},{"not_picked":[],"picked":"Thunderclap+1","floor":35},{"not_picked":["Iron Wave"],"picked":"SKIP","floor":37},{"not_picked":[],"picked":"Uppercut","floor":38},{"not_picked":["Rampage+1"],"picked":"SKIP","floor":41},{"not_picked":["Uppercut"],"picked":"SKIP","floor":44},{"not_picked":["Flex+1"],"picked":"SKIP","floor":47}],"player_experience":46077,"relics_obtained":[{"floor":9,"key":"Ornamental Fan"},{"floor":12,"key":"Dodecahedron"},{"floor":26,"key":"Toxic Egg 2"},{"floor":29,"key":"Enchiridion"},{"floor":31,"key":"Happy Flower"},{"floor":43,"key":"Ancient Tea Set"},{"floor":48,"key":"Pocketwatch"}],"event_choices":[{"damage_healed":0,"gold_gain":275,"player_choice":"Desecrate","damage_taken":0,"max_hp_gain":0,"max_hp_loss":0,"event_name":"Golden Shrine","floor":4,"gold_loss":0,"cards_obtained":["Regret"]},{"damage_healed":0,"gold_gain":0,"player_choice":"Grow","damage_taken":0,"max_hp_gain":0,"max_hp_loss":0,"event_name":"Living Wall","floor":14,"gold_loss":0,"cards_upgraded":["Armaments"]},{"damage_healed":0,"gold_gain":0,"player_choice":"Ignored","damage_taken":0,"max_hp_gain":0,"max_hp_loss":0,"event_name":"Ghosts","floor":19,"gold_loss":0},{"cards_removed":["Regret"],"damage_healed":0,"gold_gain":0,"player_choice":"Elegance","damage_taken":0,"max_hp_gain":0,"max_hp_loss":0,"event_name":"Back to Basics","floor":21,"gold_loss":0},{"damage_healed":0,"gold_gain":0,"player_choice":"Obtained Book","damage_taken":16,"max_hp_gain":0,"max_hp_loss":0,"event_name":"Cursed Tome","floor":29,"gold_loss":0},{"cards_removed":["Strike_R"],"damage_healed":0,"gold_gain":0,"player_choice":"Upgrade and Remove","damage_taken":0,"max_hp_gain":0,"max_hp_loss":0,"event_name":"Designer","floor":36,"gold_loss":90,"cards_upgraded":["Shrug It Off"]},{"cards_removed":["Defend_R"],"damage_healed":0,"gold_gain":0,"player_choice":"Removed Skill","damage_taken":0,"max_hp_gain":0,"max_hp_loss":0,"event_name":"Falling","floor":39,"gold_loss":0},{"damage_healed":0,"gold_gain":0,"player_choice":"Fight","damage_taken":0,"max_hp_gain":0,"max_hp_loss":0,"event_name":"MindBloom","floor":48,"gold_loss":0}],"is_beta":false,"boss_relics":[{"not_picked":["Sozu","Orrery"],"picked":"Busted Crown"},{"not_picked":["Mark of Pain","Runic Dome"],"picked":"Cursed Key"}],"items_purged_floors":[2,45],"is_endless":false,"potions_floor_spawned":[3,5,11,16,27,31,35,37,41,48],"ascension_level":0}