{"gold_per_floor":[361,376,391,44,64,64,45,45,116,191,225,225,242,5,5,103,103,116,129,148,77,94,94,144,144,168,140,127,171,183,205,217,332,344,370,401,426,456,518,530,42,59,59,59,91,91,141,157,157,157],"floor_reached":51,"playtime":4669,"items_purged":["Strike_R","Strike_R","Reaper"],"score":766,"play_id":"80d91115-6a67-4649-88bf-98c69673cc11","local_time":"20181022111205","is_ascension_mode":true,"campfire_choices":[{"data":"True Grit","floor":6,"key":"SMITH"},{"data":"Blood for Blood","floor":8,"key":"SMITH"},{"data":"Dark Embrace","floor":15,"key":"SMITH"},{"data":"Feel No Pain","floor":23,"key":"SMITH"},{"floor":25,"key":"REST"},{"data":"Body Slam","floor":30,"key":"SMITH"},{"floor":32,"key":"REST"},{"data":"Dual Wield","floor":40,"key":"SMITH"},{"data":"Dual Wield","floor":44,"key":"SMITH"},{"floor":46,"key":"DIG"},{"floor":49,"key":"DIG"}],"neow_cost":"PERCENT_DAMAGE","seed_source_timestamp":749934463654237,"circlet_count":0,"master_deck":["Bash+1","Blood for Blood+1","True Grit+1","Shrug It Off+1","Corruption+1","Sentinel+1","Headbutt+1","Dark Embrace+1","Clothesline+1","Rampage+1","Shrug It Off+1","Headbutt+1","Body Slam+1","Entrench+1","Havoc+1","Feel No Pain+1","Flame Barrier+1","Dual Wield+1","Barricade+1","Madness+1","Madness+1","Dual Wield+1","Jack Of All Trades+1","Power Through+1","Ghostly Armor+1"],"relics":["Burning Blood","Vajra","Mummified Hand","Charon\u0027s Ashes","SsserpentHead","Pandora\u0027s Box","MawBank","Regal Pillow","Busted Crown","Omamori","Ginger","Shovel","War Paint","Mark of the Bloom","Red Skull"],"potions_floor_usage":[11,18,36,45,45,50],"damage_taken":[{"damage":3,"enemies":"Jaw Worm","floor":1,"turns":6},{"damage":3,"enemies":"2 Louse","floor":2,"turns":3},{"damage":2,"enemies":"Cultist","floor":3,"turns":5},{"damage":8,"enemies":"3 Louse","floor":5,"turns":5},{"damage":22,"enemies":"Exordium Thugs","floor":7,"turns":5},{"damage":15,"enemies":"Gremlin Nob","floor":11,"turns":4},{"damage":0,"enemies":"Exordium Wildlife","floor":13,"turns":3},{"damage":31,"enemies":"The Guardian","floor":16,"turns":8},{"damage":22,"enemies":"2 Thieves","floor":18,"turns":4},{"damage":25,"enemies":"Shell Parasite","floor":19,"turns":6},{"damage":20,"enemies":"Snecko","floor":20,"turns":4},{"damage":25,"enemies":"Snake Plant","floor":22,"turns":3},{"damage":19,"enemies":"Gremlin Leader","floor":29,"turns":5},{"damage":11,"enemies":"Sentry and Sphere","floor":31,"turns":3},{"damage":22,"enemies":"Automaton","floor":33,"turns":3},{"damage":0,"enemies":"3 Shapes","floor":35,"turns":5},{"damage":0,"enemies":"3 Darklings","floor":36,"turns":2},{"damage":14,"enemies":"4 Shapes","floor":37,"turns":5},{"damage":0,"enemies":"Spire Growth","floor":38,"turns":3},{"damage":0,"enemies":"Transient","floor":42,"turns":3},{"damage":18,"enemies":"Reptomancer","floor":45,"turns":3},{"damage":14,"enemies":"Writhing Mass","floor":48,"turns":3},{"damage":40,"enemies":"Time Eater","floor":50,"turns":5}],"seed_played":"7833972868125164805","potions_obtained":[{"floor":1,"key":"Swift Potion"},{"floor":3,"key":"Ancient Potion"},{"floor":7,"key":"Swift Potion"},{"floor":16,"key":"SkillPotion"},{"floor":19,"key":"Poison Potion"},{"floor":38,"key":"Poison Potion"}],"is_trial":false,"path_per_floor":["M","M","M","$","M","R","M","R","T","?","E","?","M","$","R","B",null,"M","M","M","$","M","R","?","R","T","?","?","E","R","M","R","B",null,"M","M","M","M","?","R","$","M","T","R","E","R","?","M","R","B"],"character_chosen":"IRONCLAD","items_purchased":["Shrug It Off","Corruption","Vajra","Dark Embrace","Feel No Pain","Dual Wield","Jack Of All Trades","Power Through","Omamori"],"campfire_rested":2,"item_purchase_floors":[4,4,4,14,21,41,41,41,41],"current_hp_per_floor":[59,62,66,66,64,64,48,48,48,37,28,28,34,34,34,9,80,64,45,31,31,12,12,3,27,27,27,27,19,19,14,53,52,80,80,80,72,80,70,70,70,76,76,76,64,64,64,50,50,10],"gold":157,"neow_bonus":"TWO_FIFTY_GOLD","is_prod":false,"is_daily":false,"chose_seed":false,"campfire_upgraded":7,"win_rate":0,"timestamp":1540199525,"path_taken":["M","M","M","$","M","R","M","R","T","?","E","?","M","$","R","BOSS","M","M","M","$","M","R","?","R","T","?","?","E","R","M","R","BOSS","M","M","M","M","?","R","$","M","T","R","E","R","?","M","R","BOSS"],"build_version":"2018-10-18","purchased_purges":3,"victory":true,"max_hp_per_floor":[80,80,80,80,80,80,80,80,80,80,80,80,80,80,80,80,80,80,80,80,80,80,80,80,80,80,80,80,80,80,80,80,80,80,80,80,80,80,80,80,80,80,80,80,80,80,80,80,80,80],"card_choices":[{"not_picked":["Hemokinesis","Body Slam"],"picked":"Blood for Blood","floor":1},{"not_picked":["Ghostly Armor","Armaments"],"picked":"True Grit","floor":2},{"not_picked":["Hemokinesis","Reckless Charge","Havoc"],"picked":"SKIP","floor":3},{"not_picked":["Twin Strike","Iron Wave"],"picked":"Sentinel","floor":5},{"not_picked":["Clash","Twin Strike","Sword Boomerang"],"picked":"SKIP","floor":7},{"not_picked":["Pommel Strike","Spot Weakness"],"picked":"Headbutt","floor":11},{"not_picked":["Dropkick","Intimidate","Warcry"],"picked":"SKIP","floor":13},{"not_picked":["Limit Break","Offering"],"picked":"Reaper","floor":16},{"not_picked":["Fire Breathing","Perfected Strike"],"picked":"Entrench+1","floor":18},{"not_picked":["Blood for Blood","Rage","Wild Strike"],"picked":"SKIP","floor":19},{"not_picked":["Metallicize+1","True Grit+1"],"picked":"Havoc+1","floor":20},{"not_picked":["Heavy Blade","Reckless Charge+1"],"picked":"Flame Barrier","floor":22},{"not_picked":["Clothesline","Thunderclap"],"picked":"Dual Wield","floor":29},{"not_picked":["Sword Boomerang","Rampage","Pommel Strike"],"picked":"SKIP","floor":31},{"not_picked":["Double Tap","Dark Embrace"],"picked":"Barricade","floor":33},{"not_picked":["Warcry+1"],"picked":"SKIP","floor":35},{"not_picked":["Sword Boomerang"],"picked":"SKIP","floor":36},{"not_picked":["Flex+1"],"picked":"SKIP","floor":37},{"not_picked":["Twin Strike"],"picked":"SKIP","floor":38},{"not_picked":[],"picked":"Ghostly Armor","floor":42},{"not_picked":["Disarm"],"picked":"SKIP","floor":45},{"not_picked":["Perfected Strike+1"],"picked":"SKIP","floor":48}],"player_experience":217882,"relics_obtained":[{"floor":9,"key":"Mummified Hand"},{"floor":11,"key":"Charon\u0027s Ashes"},{"floor":26,"key":"MawBank"},{"floor":29,"key":"Regal Pillow"},{"floor":43,"key":"Ginger"},{"floor":45,"key":"Shovel"},{"floor":46,"key":"War Paint"},{"floor":49,"key":"Red Skull"}],"event_choices":[{"damage_healed":0,"gold_gain":75,"player_choice":"Gather Gold","damage_taken":11,"max_hp_gain":0,"max_hp_loss":0,"event_name":"World of Goop","floor":10,"gold_loss":0},{"damage_healed":0,"gold_gain":0,"player_choice":"Trade","damage_taken":0,"relics_obtained":["SsserpentHead"],"max_hp_gain":0,"max_hp_loss":0,"event_name":"FaceTrader","floor":12,"gold_loss":0},{"damage_healed":0,"gold_gain":0,"player_choice":"Stopped","damage_taken":9,"max_hp_gain":0,"max_hp_loss":0,"event_name":"Cursed Tome","floor":24,"gold_loss":0},{"cards_removed":["Wild Strike"],"damage_healed":0,"gold_gain":0,"player_choice":"Upgrade and Remove","damage_taken":0,"max_hp_gain":0,"max_hp_loss":0,"event_name":"Designer","floor":27,"gold_loss":90,"cards_upgraded":["Flame Barrier"]},{"cards_removed":["Pummel"],"damage_healed":0,"gold_gain":0,"player_choice":"Gave Gold","damage_taken":0,"max_hp_gain":0,"max_hp_loss":0,"event_name":"Beggar","floor":28,"gold_loss":75},{"damage_healed":0,"gold_gain":0,"player_choice":"Embrace Madness","damage_taken":10,"max_hp_gain":0,"max_hp_loss":0,"event_name":"Winding Halls","floor":39,"gold_loss":0,"cards_obtained":["Madness","Madness"]},{"damage_healed":0,"gold_gain":0,"player_choice":"Upgrade","damage_taken":0,"relics_obtained":["Mark of the Bloom"],"max_hp_gain":0,"max_hp_loss":0,"event_name":"MindBloom","floor":47,"gold_loss":0,"cards_upgraded":["Bash","Corruption","Sentinel","Headbutt","Clothesline","Rampage","Shrug It Off","Headbutt","Barricade","Madness","Madness","Jack Of All Trades","Power Through"]}],"is_beta":false,"boss_relics":[{"not_picked":["Mark of Pain","White Beast Statue"],"picked":"Pandora\u0027s Box"},{"not_picked":["Runic Pyramid","Runic Dome"],"picked":"Busted Crown"}],"items_purged_floors":[4,14,41],"is_endless":false,"potions_floor_spawned":[1,3,7,16,19,31,33,35,38,42],"ascension_level":2}