{"gold_per_floor":[360,373,93,93,110,110,144,144,144,170,181,200,217,227,227,331,331,348,360,83,93,93,93,118,128,174,23,123,149,30,42,42,138,138,148,148,18,118,130,130,144,19,19,19],"floor_reached":44,"playtime":2815,"items_purged":["Strike_R","Perfected Strike","Strike_R","Strike_R"],"score":485,"play_id":"be614d6a-dd41-4328-ba2b-369af4a4c624","local_time":"20190123174825","is_ascension_mode":false,"campfire_choices":[{"data":"Bash","floor":6,"key":"SMITH"},{"floor":15,"key":"REST"},{"data":"Feel No Pain","floor":23,"key":"SMITH"},{"floor":32,"key":"REST"},{"data":"Berserk","floor":40,"key":"SMITH"}],"neow_cost":"TEN_PERCENT_HP_LOSS","seed_source_timestamp":98019161460666,"circlet_count":0,"master_deck":["Strike_R","Defend_R","Defend_R","Defend_R","Defend_R","Bash+1","Headbutt","Iron Wave","Offering","Impervious","Predator","Feel No Pain+1","Metallicize","Burning Pact","Clothesline","Exhume","Battle Trance","Shrug It Off","Shrug It Off","Juggernaut","Entrench+1","Feel No Pain","Sentinel+1","Berserk+1","Mayhem","Mayhem","Rupture","Evolve"],"relics":["Burning Blood","Pear","Blue Candle","Matryoshka","Dead Branch","Snecko Eye","Lee\u0027s Waffle","Oddly Smooth Stone","Centennial Puzzle","Smiling Mask","Peace Pipe","Black Star","Nunchaku","Bronze Scales","Regal Pillow"],"potions_floor_usage":[16,16,24,24,29,39,41],"damage_taken":[{"damage":10,"enemies":"Small Slimes","floor":1,"turns":4},{"damage":6,"enemies":"Cultist","floor":2,"turns":3},{"damage":7,"enemies":"2 Louse","floor":5,"turns":2},{"damage":32,"enemies":"Lagavulin","floor":7,"turns":5},{"damage":9,"enemies":"Gremlin Nob","floor":10,"turns":3},{"damage":15,"enemies":"Red Slaver","floor":11,"turns":4},{"damage":11,"enemies":"3 Louse","floor":12,"turns":2},{"damage":15,"enemies":"Exordium Thugs","floor":13,"turns":5},{"damage":8,"enemies":"Red Slaver","floor":14,"turns":4},{"damage":32,"enemies":"Slime Boss","floor":16,"turns":11},{"damage":6,"enemies":"Shell Parasite","floor":18,"turns":4},{"damage":19,"enemies":"2 Thieves","floor":19,"turns":3},{"damage":9,"enemies":"Shelled Parasite and Fungi","floor":21,"turns":3},{"damage":30,"enemies":"Gremlin Leader","floor":24,"turns":5},{"damage":20,"enemies":"Snake Plant","floor":25,"turns":6},{"damage":38,"enemies":"Slavers","floor":29,"turns":8},{"damage":7,"enemies":"Snecko","floor":31,"turns":6},{"damage":24,"enemies":"Champ","floor":33,"turns":12},{"damage":12,"enemies":"3 Darklings","floor":35,"turns":7},{"damage":45,"enemies":"Mind Bloom Boss Battle","floor":38,"turns":6},{"damage":20,"enemies":"3 Shapes","floor":39,"turns":5},{"damage":16,"enemies":"Transient","floor":41,"turns":5},{"damage":10,"enemies":"Maw","floor":44,"turns":6}],"seed_played":"5642267157822116904","potions_obtained":[{"floor":4,"key":"Swift Potion"},{"floor":4,"key":"Dexterity Potion"},{"floor":4,"key":"LiquidBronze"},{"floor":5,"key":"PowerPotion"},{"floor":18,"key":"BloodPotion"},{"floor":21,"key":"Regen Potion"},{"floor":29,"key":"Weak Potion"},{"floor":33,"key":"SteroidPotion"},{"floor":38,"key":"Explosive Potion"}],"is_trial":false,"path_per_floor":["M","M","$","?","M","R","E","?","T","E","M","M","M","M","R","B",null,"M","M","$","M","$","R","E","M","T","$","?","E","$","M","R","B",null,"M","?","$","?","M","R","M","$","T","M"],"character_chosen":"IRONCLAD","items_purchased":["Iron Wave","Pear","Lee\u0027s Waffle","Juggernaut","Feel No Pain","Rupture","Evolve"],"campfire_rested":2,"item_purchase_floors":[3,3,20,27,30,37,42],"current_hp_per_floor":[68,68,78,78,77,77,51,51,51,48,39,34,25,23,47,21,82,82,69,89,86,86,86,70,56,56,56,56,39,39,38,64,46,89,83,73,73,34,20,20,10,10,10,0],"gold":19,"neow_bonus":"TWO_FIFTY_GOLD","is_prod":false,"is_daily":false,"chose_seed":false,"campfire_upgraded":3,"win_rate":0,"timestamp":1548262105,"path_taken":["M","M","$","?","?","R","E","?","T","E","M","?","M","M","R","BOSS","M","M","$","M","$","R","E","M","T","$","?","E","?","?","R","BOSS","M","?","$","?","M","R","M","$","T","?"],"build_version":"2019-01-17v2","purchased_purges":4,"victory":false,"max_hp_per_floor":[72,72,82,82,82,82,82,82,82,82,82,82,82,82,82,82,82,82,82,89,89,89,89,89,89,89,89,89,89,89,89,89,89,89,89,89,89,89,89,89,89,89,89,89],"card_choices":[{"not_picked":["Havoc","Heavy Blade"],"picked":"Headbutt","floor":1},{"not_picked":["Wild Strike","Shrug It Off"],"picked":"Perfected Strike","floor":2},{"not_picked":["Headbutt","Iron Wave"],"picked":"Offering","floor":5},{"not_picked":["Flex","Pummel"],"picked":"Impervious","floor":7},{"not_picked":["Clothesline","Flex"],"picked":"Feel No Pain","floor":10},{"not_picked":["Cleave","Infernal Blade"],"picked":"Metallicize","floor":11},{"not_picked":["Flex","Dropkick","Sword Boomerang"],"picked":"SKIP","floor":12},{"not_picked":["Sword Boomerang","Anger"],"picked":"Burning Pact","floor":13},{"not_picked":["Thunderclap","Iron Wave"],"picked":"Clothesline","floor":14},{"not_picked":["Bludgeon","Double Tap"],"picked":"Exhume","floor":16},{"not_picked":["Sentinel","Fire Breathing"],"picked":"Battle Trance","floor":18},{"not_picked":["Perfected Strike","Pommel Strike","Clash+1"],"picked":"SKIP","floor":19},{"not_picked":["Havoc","Sentinel"],"picked":"Shrug It Off","floor":21},{"not_picked":["Rampage","Heavy Blade","Clash+1"],"picked":"SKIP","floor":24},{"not_picked":["Reckless Charge","Shockwave"],"picked":"Shrug It Off","floor":25},{"not_picked":["Battle Trance+1","Limit Break"],"picked":"Entrench+1","floor":29},{"not_picked":["Thunderclap","Feel No Pain"],"picked":"Sentinel+1","floor":31},{"not_picked":["Feed","Impervious"],"picked":"Berserk","floor":33},{"not_picked":["Heavy Blade+1","Warcry+1","Headbutt+1"],"picked":"SKIP","floor":35},{"not_picked":["Forethought","Enlightenment"],"picked":"Mayhem","floor":36},{"not_picked":["PanicButton","Deep Breath"],"picked":"Mayhem","floor":36},{"not_picked":["Clash+1","Warcry","Perfected Strike+1"],"picked":"SKIP","floor":39},{"not_picked":["Headbutt+1","Wild Strike","Clash+1"],"picked":"SKIP","floor":41}],"player_experience":984596,"relics_obtained":[{"floor":7,"key":"Blue Candle"},{"floor":9,"key":"Matryoshka"},{"floor":10,"key":"Dead Branch"},{"floor":24,"key":"Oddly Smooth Stone"},{"floor":26,"key":"Centennial Puzzle"},{"floor":26,"key":"Smiling Mask"},{"floor":29,"key":"Peace Pipe"},{"floor":38,"key":"Nunchaku"},{"floor":43,"key":"Bronze Scales"},{"floor":43,"key":"Regal Pillow"}],"event_choices":[{"damage_healed":0,"gold_gain":0,"player_choice":"Got Potions","damage_taken":0,"max_hp_gain":0,"max_hp_loss":0,"event_name":"Lab","floor":4,"gold_loss":0},{"cards_removed":["Strike_R"],"damage_healed":0,"gold_gain":0,"player_choice":"Took Card","damage_taken":0,"max_hp_gain":0,"max_hp_loss":0,"event_name":"NoteForYourself","floor":8,"gold_loss":0,"cards_obtained":["Predator"]},{"damage_healed":0,"gold_gain":100,"player_choice":"Pray","damage_taken":0,"max_hp_gain":0,"max_hp_loss":0,"event_name":"Golden Shrine","floor":28,"gold_loss":0},{"damage_healed":0,"gold_gain":0,"player_choice":"Memory 3","damage_taken":10,"max_hp_gain":0,"max_hp_loss":0,"event_name":"SensoryStone","floor":36,"gold_loss":0},{"damage_healed":0,"gold_gain":0,"player_choice":"Fight","damage_taken":0,"max_hp_gain":0,"max_hp_loss":0,"event_name":"MindBloom","floor":38,"gold_loss":0}],"is_beta":false,"boss_relics":[{"not_picked":["Pandora\u0027s Box","Runic Dome"],"picked":"Snecko Eye"},{"not_picked":["Runic Pyramid","Empty Cage"],"picked":"Black Star"}],"items_purged_floors":[20,30,37,42],"is_endless":false,"potions_floor_spawned":[5,7,11,13,18,21,29,33,38],"killed_by":"Maw","ascension_level":0}