{"gold_per_floor":[112,82,97,97,25,54,54,54,54,65,100,120,131,143,143,241,241,256,131,147,157,157,157,183,202,202,213,213,239,239,44,44,44],"floor_reached":33,"playtime":1447,"items_purged":["Clash"],"score":277,"play_id":"32bdcfa7-0cbc-48a4-a161-d698d663466b","local_time":"20190202100653","is_ascension_mode":false,"campfire_choices":[{"data":"Uppercut","floor":8,"key":"SMITH"},{"data":"Armaments","floor":15,"key":"SMITH"},{"data":"Metallicize","floor":23,"key":"SMITH"},{"floor":28,"key":"REST"},{"data":"Shockwave","floor":30,"key":"SMITH"},{"floor":32,"key":"REST"}],"neow_cost":"NONE","seed_source_timestamp":459488802244501,"circlet_count":0,"master_deck":["Strike_R","Strike_R","Strike_R","Strike_R","Strike_R","Defend_R","Defend_R","Defend_R","Defend_R","Bash","Metallicize+1","Uppercut+1","Shockwave+1","Armaments+1","Clash","Battle Trance","Reaper","Perfected Strike+1","Shrug It Off","Headbutt","Pommel Strike","Iron Wave","Perfected Strike","Uppercut"],"relics":["Burning Blood","Bag of Preparation","Self Forming Clay","Pantograph","Question Card","Orichalcum","Snecko Eye","Blood Vial","Toxic Egg 2","Potion Belt"],"potions_floor_usage":[6,6,11,11,14,16,18,21,24,33,33,33],"damage_taken":[{"damage":2,"enemies":"2 Louse","floor":1,"turns":3},{"damage":6,"enemies":"Cultist","floor":3,"turns":3},{"damage":1,"enemies":"Gremlin Nob","floor":6,"turns":3},{"damage":0,"enemies":"Small Slimes","floor":10,"turns":3},{"damage":12,"enemies":"Lagavulin","floor":11,"turns":5},{"damage":0,"enemies":"Blue Slaver","floor":12,"turns":3},{"damage":2,"enemies":"2 Fungi Beasts","floor":13,"turns":4},{"damage":0,"enemies":"Gremlin Gang","floor":14,"turns":3},{"damage":40,"enemies":"Slime Boss","floor":16,"turns":12},{"damage":6,"enemies":"Spheric Guardian","floor":18,"turns":5},{"damage":0,"enemies":"Shell Parasite","floor":20,"turns":3},{"damage":0,"enemies":"Snecko","floor":21,"turns":4},{"damage":71,"enemies":"Gremlin Leader","floor":24,"turns":6},{"damage":13,"enemies":"Sentry and Sphere","floor":25,"turns":5},{"damage":10,"enemies":"Centurion and Healer","floor":27,"turns":5},{"damage":109,"enemies":"Collector","floor":33,"turns":8}],"seed_played":"-6930881498282298220","potions_obtained":[{"floor":1,"key":"Ancient Potion"},{"floor":2,"key":"EntropicBrew"},{"floor":2,"key":"Poison Potion"},{"floor":3,"key":"Strength Potion"},{"floor":13,"key":"Strength Potion"},{"floor":16,"key":"Block Potion"},{"floor":18,"key":"SkillPotion"},{"floor":24,"key":"Weak Potion"},{"floor":27,"key":"Block Potion"}],"is_trial":false,"path_per_floor":["M","?","M","$","$","E","?","R","T","M","E","M","M","M","R","B",null,"M","$","M","M","?","R","E","M","T","M","R","T","R","$","R","B"],"character_chosen":"IRONCLAD","items_purchased":["Uppercut","Shrug It Off","Limit Break","Uppercut","Fire Potion"],"campfire_rested":2,"item_purchase_floors":[5,19,19,31,31],"current_hp_per_floor":[80,80,80,80,80,80,68,68,68,74,68,74,78,80,80,46,80,80,80,80,80,90,90,34,29,29,27,54,54,54,54,81,0],"gold":44,"neow_bonus":"RANDOM_COMMON_RELIC","is_prod":false,"is_daily":false,"chose_seed":false,"campfire_upgraded":4,"win_rate":0,"timestamp":1549120013,"path_taken":["M","?","M","?","$","E","?","R","T","M","E","M","?","M","R","BOSS","M","$","M","M","?","R","E","?","T","?","R","?","R","$","R","BOSS"],"build_version":"2019-01-23","purchased_purges":1,"victory":false,"max_hp_per_floor":[80,80,80,80,80,80,80,80,80,80,80,80,80,80,80,80,80,80,80,80,80,90,90,90,90,90,90,90,90,90,90,90,90],"card_choices":[{"not_picked":["Ghostly Armor","Twin Strike"],"picked":"Metallicize","floor":1},{"not_picked":["Blood for Blood","Warcry"],"picked":"Clash","floor":3},{"not_picked":["Warcry","Thunderclap","Wild Strike"],"picked":"SKIP","floor":6},{"not_picked":["Burning Pact","Twin Strike","Ghostly Armor"],"picked":"Shockwave","floor":10},{"not_picked":["Warcry","Anger","Thunderclap","Burning Pact"],"picked":"SKIP","floor":11},{"not_picked":["Power Through","Warcry","Combust"],"picked":"Armaments","floor":12},{"not_picked":["Armaments","Twin Strike","Impervious"],"picked":"Clash","floor":13},{"not_picked":["Sword Boomerang","True Grit","Second Wind"],"picked":"Battle Trance","floor":14},{"not_picked":["Barricade","Juggernaut","Fiend Fire"],"picked":"Reaper","floor":16},{"not_picked":["Thunderclap+1","Disarm+1","Infernal Blade"],"picked":"Perfected Strike+1","floor":18},{"not_picked":["Sword Boomerang+1","Battle Trance","Anger"],"picked":"Headbutt","floor":20},{"not_picked":["True Grit","Headbutt+1","Anger+1","Flex"],"picked":"SKIP","floor":21},{"not_picked":["Warcry","Clash","Anger"],"picked":"Pommel Strike","floor":24},{"not_picked":["Twin Strike","Clash+1","Second Wind"],"picked":"Iron Wave","floor":25},{"not_picked":["Ghostly Armor+1","Iron Wave","Sword Boomerang"],"picked":"Perfected Strike","floor":27}],"player_experience":33368,"relics_obtained":[{"floor":6,"key":"Self Forming Clay"},{"floor":9,"key":"Question Card"},{"floor":11,"key":"Orichalcum"},{"floor":24,"key":"Blood Vial"},{"floor":26,"key":"Toxic Egg 2"},{"floor":29,"key":"Potion Belt"}],"event_choices":[{"damage_healed":0,"gold_gain":0,"player_choice":"Bought 2 Potions","damage_taken":0,"max_hp_gain":0,"max_hp_loss":0,"event_name":"The Woman in Blue","floor":2,"gold_loss":0},{"damage_healed":0,"gold_gain":0,"player_choice":"Success","damage_taken":12,"relics_obtained":["Pantograph"],"max_hp_gain":0,"max_hp_loss":0,"event_name":"Scrap Ooze","floor":7,"gold_loss":0},{"cards_removed":["Limit Break"],"damage_healed":0,"gold_gain":0,"player_choice":"Offered Rare","damage_taken":0,"max_hp_gain":10,"max_hp_loss":0,"event_name":"Bonfire Elementals","floor":22,"gold_loss":0}],"is_beta":false,"boss_relics":[{"not_picked":["Coffee Dripper","Calling Bell"],"picked":"Snecko Eye"}],"items_purged_floors":[31],"is_endless":false,"potions_floor_spawned":[1,3,13,16,18,24,27],"killed_by":"Collector","ascension_level":0}