{"gold_per_floor":[109,124,137,153,29,29,59,59,107,107,107,107,107,126,126,251,251,191,191,191,24,24,24,24,24,24,24,24,24,24,24,24,24,24,24,24,24,0,0,0,0],"floor_reached":41,"playtime":1782,"items_purged":["Strike_B","Decay"],"score":572,"play_id":"36aef3cb-6799-412d-834f-6ea1f3461428","local_time":"20181110165155","is_ascension_mode":true,"campfire_choices":[{"data":"Zap","floor":6.0,"key":"SMITH"},{"data":"Sunder","floor":8.0,"key":"SMITH"},{"data":"Buffer","floor":11.0,"key":"SMITH"},{"data":"Dualcast","floor":13.0,"key":"SMITH"},{"data":"Conserve Battery","floor":15.0,"key":"SMITH"},{"data":"Storm","floor":23.0,"key":"SMITH"},{"data":"Tempest","floor":25.0,"key":"SMITH"},{"floor":32.0,"key":"REST"},{"data":"Meteor Strike","floor":40,"key":"SMITH"}],"neow_cost":"TEN_PERCENT_HP_LOSS","seed_source_timestamp":338754374929719,"circlet_count":0,"master_deck":["Strike_B+1","Defend_B+1","Defend_B+1","Defend_B+1","Defend_B+1","Zap+1","Dualcast+1","Buffer+1","Glacier","Melter","Sunder+1","Sweeping Beam","Cold Snap","Injury","Electrodynamics","Coolheaded","Tempest+1","Buffer","Storm+1","Conserve Battery","Shame","Tempest+1","FTL","Meteor Strike+1","Consume+1","Conserve Battery+1"],"special_seed":0,"relics":["Cracked Core","Darkstone Periapt","Vajra","Golden Idol","Ectoplasm","Art of War","Smiling Mask","Mango","Sundial","Busted Crown","Red Mask"],"potions_floor_usage":[],"damage_taken":[{"damage":0.0,"enemies":"Cultist","floor":1.0,"turns":4.0},{"damage":4.0,"enemies":"Jaw Worm","floor":2.0,"turns":4.0},{"damage":7.0,"enemies":"Small Slimes","floor":3.0,"turns":2.0},{"damage":3.0,"enemies":"Blue Slaver","floor":4.0,"turns":4.0},{"damage":20.0,"enemies":"Gremlin Nob","floor":7.0,"turns":5.0},{"damage":0.0,"enemies":"Looter","floor":14.0,"turns":2.0},{"damage":22.0,"enemies":"The Guardian","floor":16.0,"turns":14.0},{"damage":13.0,"enemies":"2 Thieves","floor":18.0,"turns":3.0},{"damage":0.0,"enemies":"Spheric Guardian","floor":22.0,"turns":3.0},{"damage":24.0,"enemies":"Snake Plant","floor":30.0,"turns":4.0},{"damage":25.0,"enemies":"Slavers","floor":31.0,"turns":3.0},{"damage":22,"enemies":"Collector","floor":33,"turns":11},{"damage":0,"enemies":"3 Darklings","floor":35,"turns":5},{"damage":0,"enemies":"3 Shapes","floor":39,"turns":2},{"damage":97,"enemies":"Giant Head","floor":41,"turns":9}],"seed_played":"6754618063135009483","potions_obtained":[{"floor":1.0,"key":"Strength Potion"},{"floor":3.0,"key":"Explosive Potion"},{"floor":7.0,"key":"Weak Potion"},{"floor":14.0,"key":"Fire Potion"},{"floor":33,"key":"Dexterity Potion"}],"is_trial":false,"path_per_floor":["M","M","M","M","$","R","E","R","T","?","R","?","R","M","R","B",null,"M","?","?","$","M","R","?","R","T","T","$","$","M","E","R","B",null,"M","?","?","?","M","R","E"],"character_chosen":"DEFECT","items_purchased":["Cold Snap","Storm"],"campfire_rested":1,"item_purchase_floors":[5,21],"current_hp_per_floor":[68,64,57,54,54,54,34,34,34,40,40,46,46,46,46,24,66,53,53,53,53,53,53,59,59,59,73,73,73,49,24,54,32,83,83,83,83,83,83,83,0],"gold":0,"neow_bonus":"THREE_RARE_CARDS","is_prod":false,"is_daily":false,"chose_seed":false,"campfire_upgraded":8,"win_rate":0,"timestamp":1541865115,"path_taken":["M","M","M","M","$","R","E","R","T","?","R","?","R","M","R","BOSS","M","?","?","$","M","R","?","R","T","?","?","$","M","E","R","BOSS","M","?","?","?","M","R","E"],"build_version":"2018-11-08","purchased_purges":2,"victory":false,"max_hp_per_floor":[68,68,68,68,68,68,68,68,68,74,74,80,80,80,80,80,80,80,80,80,80,80,80,86,86,86,100,100,100,100,100,100,100,100,100,100,95,95,95,95,95],"card_choices":[{"not_picked":["Fission","Meteor Strike"],"picked":"Buffer","floor":0.0},{"not_picked":["Steam Power","Static Discharge"],"picked":"Glacier","floor":1.0},{"not_picked":["Double Energy","Darkness"],"picked":"Melter","floor":2.0},{"not_picked":["Ball Lightning","Chill"],"picked":"Sunder","floor":3.0},{"not_picked":["Chill","Hologram"],"picked":"Sweeping Beam","floor":4.0},{"not_picked":["Beam Cell","Cold Snap","Blizzard"],"picked":"SKIP","floor":7.0},{"not_picked":["Steam","Barrage"],"picked":"Conserve Battery","floor":14.0},{"not_picked":["Amplify","Fission"],"picked":"Electrodynamics","floor":16.0},{"not_picked":["Leap+1","Ball Lightning"],"picked":"Coolheaded","floor":18.0},{"not_picked":["Streamline","Redo"],"picked":"Conserve Battery","floor":22.0},{"not_picked":["Redo","Streamline"],"picked":"Tempest+1","floor":30.0},{"not_picked":["Doom and Gloom+1","Barrage"],"picked":"FTL","floor":31.0},{"not_picked":["Machine Learning","Thunder Strike"],"picked":"Meteor Strike","floor":33},{"not_picked":[],"picked":"Consume+1","floor":35},{"not_picked":[],"picked":"Conserve Battery+1","floor":39}],"player_experience":482303,"relics_obtained":[{"floor":7.0,"key":"Darkstone Periapt"},{"floor":9.0,"key":"Vajra"},{"floor":26.0,"key":"Smiling Mask"},{"floor":27.0,"key":"Mango"},{"floor":31.0,"key":"Sundial"}],"event_choices":[{"damage_healed":0.0,"max_hp_gain":0.0,"max_hp_loss":0.0,"gold_gain":0.0,"event_name":"Golden Idol","player_choice":"Take Wound","floor":10.0,"gold_loss":0.0,"damage_taken":0.0,"relics_obtained":["Golden Idol"],"cards_obtained":["Injury"]},{"damage_healed":0.0,"max_hp_gain":0.0,"max_hp_loss":0.0,"gold_gain":0.0,"event_name":"Wheel of Change","player_choice":"Cursed","floor":12.0,"gold_loss":0.0,"damage_taken":0.0,"cards_obtained":["Decay"]},{"damage_healed":0.0,"max_hp_gain":0.0,"max_hp_loss":0.0,"gold_gain":0.0,"event_name":"Back to Basics","player_choice":"Simplicity","floor":19.0,"gold_loss":0.0,"damage_taken":0.0,"cards_upgraded":["Strike_B","Strike_B","Strike_B","Defend_B","Defend_B","Defend_B","Defend_B"]},{"damage_healed":0.0,"max_hp_gain":0.0,"max_hp_loss":0.0,"gold_gain":0.0,"cards_transformed":["Strike_B","Strike_B"],"event_name":"Drug Dealer","player_choice":"Became Test Subject","floor":20.0,"gold_loss":0.0,"damage_taken":0.0,"cards_obtained":["Tempest","Buffer"]},{"damage_healed":0.0,"max_hp_gain":0.0,"max_hp_loss":0.0,"gold_gain":0.0,"event_name":"Addict","player_choice":"Stole Relic","floor":24.0,"gold_loss":0.0,"damage_taken":0.0,"relics_obtained":["Art of War"],"cards_obtained":["Shame"]},{"cards_removed":["Conserve Battery"],"damage_healed":0,"gold_gain":0,"player_choice":"Removed Skill","damage_taken":0,"max_hp_gain":0,"max_hp_loss":0,"event_name":"Falling","floor":36,"gold_loss":0},{"damage_healed":0,"gold_gain":0,"player_choice":"Max HP","damage_taken":0,"max_hp_gain":0,"max_hp_loss":5,"event_name":"Winding Halls","floor":37,"gold_loss":0},{"damage_healed":0,"gold_gain":0,"player_choice":"Paid","damage_taken":0,"relics_obtained":["Red Mask"],"max_hp_gain":0,"max_hp_loss":0,"event_name":"Tomb of Lord Red Mask","floor":38,"gold_loss":24}],"is_beta":false,"boss_relics":[{"not_picked":["Pandora\u0027s Box","Coffee Dripper"],"picked":"Ectoplasm"},{"not_picked":["Runic Dome","Tiny House"],"picked":"Busted Crown"}],"items_purged_floors":[5,21],"is_endless":false,"potions_floor_spawned":[1,3,7,14,33],"killed_by":"Giant Head","ascension_level":7}