{"gold_per_floor":[115,134,144,144,169,207,207,281,327,327,347,388,108,108,108,239,239,260,300,300],"floor_reached":20,"playtime":978,"items_purged":["Decay"],"score":200,"play_id":"e0a08703-5128-4455-a331-8b7cf23c16de","local_time":"20181021223215","is_ascension_mode":true,"campfire_choices":[{"data":"Bludgeon","floor":7,"key":"SMITH"},{"floor":10,"key":"REST"},{"data":"Body Slam","floor":15,"key":"SMITH"}],"neow_cost":"CURSE","seed_source_timestamp":708055859789630,"circlet_count":0,"master_deck":["Strike_R","Strike_R","Strike_R","Strike_R","Strike_R","Defend_R","Defend_R","Defend_R","Defend_R","Bash","Feel No Pain","Body Slam+1","Shrug It Off","Shrug It Off","Bludgeon+1","Demon Form","Limit Break","Twin Strike","Double Tap"],"relics":["Burning Blood","Calipers","Golden Idol","Shuriken","Regal Pillow","Centennial Puzzle","Lee\u0027s Waffle","Cursed Key","Red Mask"],"potions_floor_usage":[6,19,20],"damage_taken":[{"damage":21,"enemies":"Jaw Worm","floor":1,"turns":5},{"damage":5,"enemies":"2 Louse","floor":2,"turns":3},{"damage":12,"enemies":"Small Slimes","floor":3,"turns":4},{"damage":15,"enemies":"Red Slaver","floor":5,"turns":4},{"damage":45,"enemies":"Gremlin Nob","floor":6,"turns":5},{"damage":3,"enemies":"Looter","floor":11,"turns":2},{"damage":20,"enemies":"3 Sentries","floor":12,"turns":7},{"damage":69,"enemies":"Hexaghost","floor":16,"turns":11},{"damage":13,"enemies":"Chosen","floor":18,"turns":6},{"damage":73,"enemies":"Masked Bandits","floor":19,"turns":5},{"damage":16,"enemies":"Spheric Guardian","floor":20,"turns":3}],"seed_played":"6577769711662651402","potions_obtained":[{"floor":5,"key":"Poison Potion"},{"floor":16,"key":"Fire Potion"},{"floor":19,"key":"Energy Potion"}],"is_trial":false,"path_per_floor":["M","M","M","?","M","E","R","?","T","R","M","E","$","?","R","B",null,"M","?"],"character_chosen":"IRONCLAD","items_purchased":["Lee\u0027s Waffle"],"campfire_rested":1,"item_purchase_floors":[13],"current_hp_per_floor":[65,66,60,60,51,12,12,12,12,49,52,38,81,86,86,23,86,79,12,0],"gold":300,"neow_bonus":"ONE_RARE_RELIC","is_prod":false,"is_daily":false,"chose_seed":false,"campfire_upgraded":2,"win_rate":0,"timestamp":1540153935,"path_taken":["M","M","M","?","M","E","R","?","T","R","?","E","$","?","R","BOSS","M","?","?"],"build_version":"2018-10-18","purchased_purges":1,"victory":false,"max_hp_per_floor":[80,80,80,74,74,74,74,74,74,74,74,74,81,86,86,86,86,86,86,86],"card_choices":[{"not_picked":["Pommel Strike","Armaments"],"picked":"Feel No Pain","floor":1},{"not_picked":["Reckless Charge","Sever Soul"],"picked":"Body Slam","floor":2},{"not_picked":["Rupture","Hemokinesis"],"picked":"Shrug It Off","floor":3},{"not_picked":["Thunderclap","Sever Soul"],"picked":"Shrug It Off","floor":5},{"not_picked":["Disarm","Body Slam"],"picked":"Bludgeon","floor":6},{"not_picked":["Headbutt","Armaments","Wild Strike"],"picked":"SKIP","floor":11},{"not_picked":["Rage","Reckless Charge"],"picked":"Demon Form","floor":12},{"not_picked":["Demon Form","Offering"],"picked":"Limit Break","floor":16},{"not_picked":["Metallicize","Clash"],"picked":"Twin Strike","floor":18},{"not_picked":["Wild Strike","Headbutt+1"],"picked":"Double Tap","floor":19}],"player_experience":205598,"relics_obtained":[{"floor":6,"key":"Shuriken"},{"floor":9,"key":"Regal Pillow"},{"floor":12,"key":"Centennial Puzzle"},{"floor":19,"key":"Red Mask"}],"event_choices":[{"damage_healed":0,"gold_gain":0,"player_choice":"Lose Max HP","damage_taken":0,"relics_obtained":["Golden Idol"],"max_hp_gain":0,"max_hp_loss":6,"event_name":"Golden Idol","floor":4,"gold_loss":0},{"damage_healed":0,"gold_gain":74,"player_choice":"Gained Gold","damage_taken":0,"max_hp_gain":0,"max_hp_loss":0,"event_name":"Golden Wing","floor":8,"gold_loss":0},{"damage_healed":0,"gold_gain":0,"player_choice":"Donut","damage_taken":0,"max_hp_gain":5,"max_hp_loss":0,"event_name":"Big Fish","floor":14,"gold_loss":0},{"damage_healed":0,"gold_gain":0,"player_choice":"Fought Bandits","damage_taken":0,"max_hp_gain":0,"max_hp_loss":0,"event_name":"Masked Bandits","floor":19,"gold_loss":0}],"is_beta":false,"boss_relics":[{"not_picked":["Busted Crown","Runic Pyramid"],"picked":"Cursed Key"}],"items_purged_floors":[13],"is_endless":false,"potions_floor_spawned":[5,16,19],"killed_by":"Spheric Guardian","ascension_level":2}