{"gold_per_floor":[114,28,43,43,62,62,119,148,148,148,158,47,82,97,97,97],"floor_reached":16,"playtime":1204,"items_purged":[],"score":204,"play_id":"106cf79d-eaa1-44c1-a93e-89959b4ec814","local_time":"20190107202828","is_ascension_mode":true,"campfire_choices":[{"data":"Neutralize","floor":6.0,"key":"SMITH"},{"floor":10.0,"key":"REST"},{"floor":15.0,"key":"REST"}],"neow_cost":"TEN_PERCENT_HP_LOSS","seed_source_timestamp":157944888905597,"circlet_count":0,"master_deck":["AscendersBane","Defend_G","Defend_G","Defend_G","Defend_G","Defend_G","Strike_G","Strike_G","Strike_G","Strike_G","Strike_G","Survivor","Neutralize+1","Dagger Throw","Skewer","Poisoned Stab","Terror","Leg Sweep","Deadly Poison","Noxious Fumes","Adrenaline","Crippling Poison"],"special_seed":0,"relics":["Ring of the Snake","Tough Bandages","StoneCalendar","Matryoshka","Molten Egg 2","Orichalcum","Girya","Bottled Lightning"],"potions_floor_usage":[],"damage_taken":[{"damage":0.0,"enemies":"Cultist","floor":1.0,"turns":4.0},{"damage":0.0,"enemies":"2 Louse","floor":3.0,"turns":2.0},{"damage":0.0,"enemies":"Small Slimes","floor":5.0,"turns":2.0},{"damage":25.0,"enemies":"Gremlin Nob","floor":7.0,"turns":5.0},{"damage":27.0,"enemies":"Gremlin Nob","floor":8.0,"turns":6.0},{"damage":11.0,"enemies":"Exordium Thugs","floor":11.0,"turns":6.0},{"damage":2.0,"enemies":"3 Sentries","floor":13.0,"turns":6.0},{"damage":0.0,"enemies":"2 Fungi Beasts","floor":14.0,"turns":3.0},{"damage":37,"enemies":"Slime Boss","floor":16,"turns":6}],"seed_played":"2438617546191154690","potions_obtained":[{"floor":7.0,"key":"SkillPotion"},{"floor":11.0,"key":"Fruit Juice"},{"floor":13.0,"key":"FearPotion"}],"is_trial":false,"path_per_floor":["M","$","M","?","M","R","?","E","T","R","M","$","E","M","R","B"],"character_chosen":"THE_SILENT","items_purchased":["Skewer","PowerPotion","AttackPotion"],"campfire_rested":2,"item_purchase_floors":[2,12,12],"current_hp_per_floor":[59,59,59,54,54,54,29,2,2,20,9,14,12,12,31,0],"gold":97,"neow_bonus":"ONE_RARE_RELIC","is_prod":false,"is_daily":false,"chose_seed":false,"campfire_upgraded":1,"win_rate":0,"timestamp":1546889308,"path_taken":["M","?","M","?","M","R","?","E","T","R","M","$","E","M","R","BOSS"],"build_version":"2019-01-03v4","purchased_purges":0,"victory":false,"max_hp_per_floor":[60,60,60,60,60,60,60,60,60,60,60,65,65,65,65,65],"card_choices":[{"not_picked":["Acrobatics","Backflip"],"picked":"Dagger Throw","floor":1.0},{"not_picked":["Blur","Acrobatics"],"picked":"Poisoned Stab","floor":3.0},{"not_picked":["Deflect","Grand Finale"],"picked":"Terror","floor":5.0},{"not_picked":["Poisoned Stab","Deadly Poison"],"picked":"Leg Sweep","floor":7.0},{"not_picked":["Quick Slash","Prepared"],"picked":"Deadly Poison","floor":8.0},{"not_picked":["Slice+1","Calculated Gamble"],"picked":"Noxious Fumes","floor":11.0},{"not_picked":["Flechettes+1","Glass Knife+1"],"picked":"Adrenaline","floor":13.0},{"not_picked":["Infinite Blades","Skewer+1"],"picked":"Crippling Poison","floor":14.0}],"player_experience":778385,"relics_obtained":[{"floor":8.0,"key":"Molten Egg 2"},{"floor":9.0,"key":"Orichalcum"},{"floor":9.0,"key":"Girya"},{"floor":13.0,"key":"Bottled Lightning"}],"event_choices":[{"damage_healed":0.0,"max_hp_gain":0.0,"max_hp_loss":0.0,"gold_gain":0.0,"event_name":"Scrap Ooze","player_choice":"Success","floor":4.0,"gold_loss":0.0,"damage_taken":5.0,"relics_obtained":["StoneCalendar"]},{"damage_healed":0.0,"max_hp_gain":0.0,"max_hp_loss":0.0,"gold_gain":0.0,"event_name":"Dead Adventurer","player_choice":"Searched \u00272\u0027 times","floor":7.0,"gold_loss":0.0,"damage_taken":0.0,"relics_obtained":["Matryoshka"]}],"is_beta":false,"boss_relics":[],"items_purged_floors":[],"is_endless":false,"potions_floor_spawned":[7,11,13],"killed_by":"Slime Boss","ascension_level":17}