{"gold_per_floor":[118,43,53,18,18,47,70,103,103,114,114,126,88,116,116,116],"floor_reached":16,"playtime":568,"items_purged":["Strike_B"],"score":250,"play_id":"5aa828c7-a705-4c64-ac78-b389aed0c69e","local_time":"20190130222720","is_ascension_mode":true,"campfire_choices":[{"floor":11.0,"key":"REST"},{"floor":15.0,"key":"REST"}],"neow_cost":"NONE","seed_source_timestamp":721736134354066,"circlet_count":0,"master_deck":["AscendersBane","Strike_B","Strike_B","Strike_B","Defend_B","Defend_B","Defend_B","Defend_B","Zap","Dualcast","Defragment","Gash","Sunder","Biased Cognition","FTL","Doom and Gloom","White Noise","Fission","Static Discharge"],"special_seed":0,"relics":["Cracked Core","NeowsBlessing","Sundial","Odd Mushroom","Pen Nib","Dream Catcher","Unceasing Top"],"potions_floor_usage":[],"damage_taken":[{"damage":0.0,"enemies":"Small Slimes","floor":1.0,"turns":1.0},{"damage":0.0,"enemies":"2 Louse","floor":3.0,"turns":1.0},{"damage":0.0,"enemies":"Lagavulin","floor":6.0,"turns":1.0},{"damage":43.0,"enemies":"The Mushroom Lair","floor":7.0,"turns":6.0},{"damage":17.0,"enemies":"Gremlin Nob","floor":8.0,"turns":4.0},{"damage":0.0,"enemies":"Cultist","floor":10.0,"turns":2.0},{"damage":18.0,"enemies":"3 Louse","floor":12.0,"turns":3.0},{"damage":15.0,"enemies":"Lagavulin","floor":14.0,"turns":5.0},{"damage":36,"enemies":"The Guardian","floor":16,"turns":2}],"seed_played":"4157505444103201318","potions_obtained":[{"floor":6.0,"key":"Dexterity Potion"},{"floor":7.0,"key":"AttackPotion"},{"floor":12.0,"key":"SteroidPotion"}],"is_trial":false,"path_per_floor":["M","$","M","?","?","E","?","E","T","M","R","M","?","E","R","B"],"character_chosen":"DEFECT","items_purchased":[],"campfire_rested":2,"item_purchase_floors":[],"current_hp_per_floor":[64,64,64,71,76,76,33,16,16,16,38,20,20,5,27,0],"gold":116,"neow_bonus":"THREE_ENEMY_KILL","is_prod":false,"is_daily":false,"chose_seed":false,"campfire_upgraded":0,"win_rate":0,"timestamp":1548883640,"path_taken":["M","$","M","?","?","E","?","E","T","M","R","M","?","E","R","BOSS"],"build_version":"2019-01-23","purchased_purges":1,"victory":false,"max_hp_per_floor":[71,71,71,71,76,76,76,76,76,76,76,76,76,76,76,76],"card_choices":[{"not_picked":["Beam Cell","Stack","Hello World"],"picked":"SKIP","floor":1.0},{"not_picked":["Scrape","Coolheaded"],"picked":"Defragment","floor":3.0},{"not_picked":["Turbo","Rebound","Gash"],"picked":"SKIP","floor":6.0},{"not_picked":["Turbo","Rebound"],"picked":"Gash","floor":6.0},{"not_picked":["Darkness","Steam"],"picked":"Sunder","floor":7.0},{"not_picked":["Ball Lightning","Fusion"],"picked":"Biased Cognition","floor":8.0},{"not_picked":["Streamline","White Noise"],"picked":"FTL","floor":10.0},{"not_picked":["Rebound","Storm"],"picked":"Doom and Gloom","floor":11.0},{"not_picked":["Redo","Barrage"],"picked":"White Noise","floor":12.0},{"not_picked":["Melter","Streamline"],"picked":"Fission","floor":14.0},{"not_picked":["Rebound","Storm"],"picked":"Static Discharge","floor":15.0}],"player_experience":1106852,"relics_obtained":[{"floor":6.0,"key":"Sundial"},{"floor":7.0,"key":"Odd Mushroom"},{"floor":8.0,"key":"Pen Nib"},{"floor":9.0,"key":"Dream Catcher"},{"floor":14.0,"key":"Unceasing Top"}],"event_choices":[{"damage_healed":17.0,"max_hp_gain":0.0,"max_hp_loss":0.0,"gold_gain":0.0,"event_name":"The Cleric","player_choice":"Healed","floor":4.0,"gold_loss":35.0,"damage_taken":0.0},{"damage_healed":0.0,"max_hp_gain":5.0,"max_hp_loss":0.0,"gold_gain":0.0,"event_name":"Big Fish","player_choice":"Donut","floor":5.0,"gold_loss":0.0,"damage_taken":0.0},{"damage_healed":0.0,"max_hp_gain":0.0,"max_hp_loss":0.0,"gold_gain":0.0,"event_name":"Mushrooms","player_choice":"Fought Mushrooms","floor":7.0,"gold_loss":0.0,"damage_taken":0.0},{"damage_healed":0.0,"max_hp_gain":0.0,"max_hp_loss":0.0,"gold_gain":0.0,"event_name":"World of Goop","player_choice":"Left Gold","floor":13.0,"gold_loss":38.0,"damage_taken":0.0}],"is_beta":false,"boss_relics":[],"items_purged_floors":[2],"is_endless":false,"potions_floor_spawned":[6,7,12],"killed_by":"The Guardian","ascension_level":15}