{"gold_per_floor":[117,117,132,143,153,185,185,30,30,45,57,57,76,251,251,251],"floor_reached":16,"playtime":818,"items_purged":[],"score":106,"play_id":"b01bf077-0b9b-45a9-830f-3bcc53bfb170","local_time":"20190123225322","is_ascension_mode":false,"campfire_choices":[{"floor":15,"key":"REST"}],"neow_cost":"NONE","seed_source_timestamp":1230370287950769,"circlet_count":0,"master_deck":["Strike_R","Strike_R","Strike_R","Strike_R","Strike_R","Defend_R","Defend_R","Defend_R","Defend_R","Bash","Deep Breath","Perfected Strike+1","Cleave","Spot Weakness","Rampage","Limit Break","Offering","Iron Wave","Rupture","Thunderclap","Flex","Doubt"],"relics":["Burning Blood","Bag of Preparation","Happy Flower","Ancient Tea Set"],"potions_floor_usage":[],"damage_taken":[{"damage":5,"enemies":"Small Slimes","floor":1,"turns":4},{"damage":0,"enemies":"Cultist","floor":3,"turns":3},{"damage":6,"enemies":"Jaw Worm","floor":4,"turns":2},{"damage":5,"enemies":"Lots of Slimes","floor":5,"turns":2},{"damage":31,"enemies":"Lagavulin","floor":6,"turns":5},{"damage":10,"enemies":"Looter","floor":10,"turns":3},{"damage":13,"enemies":"Blue Slaver","floor":11,"turns":3},{"damage":10,"enemies":"2 Fungi Beasts","floor":12,"turns":2},{"damage":16,"enemies":"Exordium Thugs","floor":13,"turns":3},{"damage":57,"enemies":"Hexaghost","floor":16,"turns":8}],"seed_played":"-3243953219439589643","potions_obtained":[{"floor":3,"key":"LiquidBronze"},{"floor":5,"key":"Energy Potion"},{"floor":6,"key":"Block Potion"},{"floor":11,"key":"Weak Potion"}],"is_trial":false,"path_per_floor":["M","?","M","M","M","E","?","$","T","M","M","M","M","?","R","B"],"character_chosen":"IRONCLAD","items_purchased":["Happy Flower"],"campfire_rested":1,"item_purchase_floors":[8],"current_hp_per_floor":[80,80,80,80,80,55,55,55,55,51,44,40,30,30,54,0],"gold":251,"neow_bonus":"RANDOM_COLORLESS","is_prod":false,"is_daily":false,"chose_seed":false,"campfire_upgraded":0,"win_rate":0.0,"timestamp":1548291202,"path_taken":["M","?","?","M","M","E","?","$","T","?","M","M","M","?","R","BOSS"],"build_version":"2019-01-23","purchased_purges":0,"victory":false,"max_hp_per_floor":[80,80,80,80,80,80,80,80,80,80,80,80,80,80,80,80],"card_choices":[{"not_picked":["Anger","Headbutt"],"picked":"Perfected Strike","floor":1},{"not_picked":["Flame Barrier","Anger"],"picked":"Cleave","floor":3},{"not_picked":["Iron Wave","Power Through"],"picked":"Spot Weakness","floor":4},{"not_picked":["Body Slam","Carnage"],"picked":"Rampage","floor":5},{"not_picked":["Body Slam","Cleave"],"picked":"Limit Break","floor":6},{"not_picked":["Sword Boomerang","Cleave"],"picked":"Iron Wave","floor":10},{"not_picked":["Power Through","Clash"],"picked":"Rupture","floor":11},{"not_picked":["Pummel","Warcry"],"picked":"Thunderclap","floor":12},{"not_picked":["Heavy Blade","Shrug It Off"],"picked":"Flex","floor":13}],"player_experience":9955,"relics_obtained":[{"floor":6,"key":"Bag of Preparation"},{"floor":9,"key":"Ancient Tea Set"}],"event_choices":[{"damage_healed":0,"gold_gain":0,"player_choice":"Upgraded","damage_taken":0,"max_hp_gain":0,"max_hp_loss":0,"event_name":"Upgrade Shrine","floor":2,"gold_loss":0,"cards_upgraded":["Perfected Strike"]},{"damage_healed":0,"gold_gain":0,"player_choice":"1 cards matched","damage_taken":0,"max_hp_gain":0,"max_hp_loss":0,"event_name":"Match and Keep!","floor":7,"gold_loss":0,"cards_obtained":["Offering"]},{"damage_healed":0,"gold_gain":175,"player_choice":"AGREE","damage_taken":0,"max_hp_gain":0,"max_hp_loss":0,"event_name":"Liars Game","floor":14,"gold_loss":0,"cards_obtained":["Doubt"]}],"is_beta":false,"boss_relics":[],"items_purged_floors":[],"is_endless":false,"potions_floor_spawned":[3,5,6,11],"killed_by":"Hexaghost","ascension_level":0}