{"gold_per_floor":[118,118,132,150,168,200,200,5,5,22,22,34,34,11,11,106,106,117,117,117,136,61,61,75,86,110,110],"floor_reached":27,"playtime":1853,"items_purged":["Strike_G"],"score":323,"play_id":"c21e18fd-3819-401f-82a5-128a7049ee9e","local_time":"20181210013656","is_ascension_mode":true,"campfire_choices":[{"floor":7.0,"key":"REST"},{"data":"Noxious Fumes","floor":11.0,"key":"SMITH"},{"floor":15.0,"key":"REST"},{"floor":23,"key":"REST"}],"neow_cost":"NONE","seed_source_timestamp":17684326226548,"circlet_count":0,"master_deck":["AscendersBane","Defend_G","Defend_G","Defend_G","Defend_G","Defend_G","Strike_G","Strike_G","Survivor","Neutralize","Dagger Throw","Tools of the Trade","Infinite Blades","Caltrops","Noxious Fumes+1","Accuracy","Cloak And Dagger","Well Laid Plans","Bouncing Flask","Infinite Blades","Dagger Spray","Malaise","Deadly Poison","Noxious Fumes+1","Crippling Poison","Leg Sweep"],"special_seed":0,"relics":["Ring of the Snake","Question Card","Bottled Tornado","Fusion Hammer","Smiling Mask"],"potions_floor_usage":[25,25],"damage_taken":[{"damage":5.0,"enemies":"2 Louse","floor":1.0,"turns":4.0},{"damage":0.0,"enemies":"Cultist","floor":3.0,"turns":4.0},{"damage":1.0,"enemies":"Jaw Worm","floor":4.0,"turns":4.0},{"damage":10.0,"enemies":"Exordium Wildlife","floor":5.0,"turns":6.0},{"damage":31.0,"enemies":"3 Sentries","floor":6.0,"turns":8.0},{"damage":8.0,"enemies":"Looter","floor":10.0,"turns":4.0},{"damage":23.0,"enemies":"Exordium Thugs","floor":12.0,"turns":4.0},{"damage":26.0,"enemies":"Hexaghost","floor":16.0,"turns":9.0},{"damage":44.0,"enemies":"2 Thieves","floor":18.0,"turns":5.0},{"damage":23,"enemies":"Chosen","floor":21,"turns":5},{"damage":16,"enemies":"Snake Plant","floor":24,"turns":5},{"damage":18,"enemies":"Centurion and Healer","floor":25,"turns":6},{"damage":13,"enemies":"Gremlin Leader","floor":27,"turns":1}],"seed_played":"2114287275641497603","potions_obtained":[{"floor":1.0,"key":"FairyPotion"},{"floor":12.0,"key":"Ancient Potion"},{"floor":16.0,"key":"Strength Potion"},{"floor":21,"key":"Block Potion"},{"floor":24,"key":"Explosive Potion"}],"is_trial":false,"path_per_floor":["M","?","M","M","M","E","R","$","T","M","R","M","?","$","R","B",null,"M","?","?","M","?","R","M","M","T","E"],"character_chosen":"THE_SILENT","items_purchased":["Cloak And Dagger","Well Laid Plans","Dagger Spray"],"campfire_rested":3,"item_purchase_floors":[8,8,14],"current_hp_per_floor":[65,65,65,64,54,23,46,46,46,38,38,15,15,15,38,12,61,17,42,42,19,19,42,26,8,8,0],"gold":110,"neow_bonus":"TEN_PERCENT_HP_BONUS","is_prod":false,"is_daily":false,"chose_seed":false,"campfire_upgraded":1,"win_rate":0,"timestamp":1544402216,"path_taken":["M","?","M","M","?","E","R","$","T","M","R","M","?","?","R","BOSS","M","?","?","M","?","R","M","?","T","E"],"build_version":"2018-12-06","purchased_purges":1,"victory":false,"max_hp_per_floor":[77,77,77,77,77,77,77,77,77,77,77,77,77,77,77,77,77,77,77,77,77,77,77,77,77,77,77],"card_choices":[{"not_picked":["Flechettes","Deflect"],"picked":"Dagger Throw","floor":1.0},{"not_picked":["Backstab","Dodge and Roll"],"picked":"Infinite Blades","floor":3.0},{"not_picked":["All Out Attack","Reflex"],"picked":"Caltrops","floor":4.0},{"not_picked":["Masterful Stab","Outmaneuver"],"picked":"Noxious Fumes","floor":5.0},{"not_picked":["Choke","Underhanded Strike"],"picked":"Accuracy","floor":6.0},{"not_picked":["Acrobatics","Prepared","Flying Knee"],"picked":"Bouncing Flask","floor":10.0},{"not_picked":["Phantasmal Killer","Concentrate","Acrobatics"],"picked":"Infinite Blades","floor":12.0},{"not_picked":["Wraith Form v2","Storm of Steel","Envenom"],"picked":"Malaise","floor":16.0},{"not_picked":["Dodge and Roll","Quick Slash","PiercingWail"],"picked":"Deadly Poison","floor":18.0},{"not_picked":["Deflect","Sucker Punch","Catalyst"],"picked":"Noxious Fumes+1","floor":21},{"not_picked":["PiercingWail+1","Choke+1","Terror"],"picked":"Crippling Poison","floor":24},{"not_picked":["Infinite Blades","Deflect","Sucker Punch"],"picked":"Leg Sweep","floor":25}],"player_experience":532561,"relics_obtained":[{"floor":6.0,"key":"Question Card"},{"floor":9.0,"key":"Bottled Tornado"},{"floor":26,"key":"Smiling Mask"}],"event_choices":[{"damage_healed":0.0,"max_hp_gain":0.0,"max_hp_loss":0.0,"gold_gain":0.0,"event_name":"Match and Keep!","player_choice":"1 cards matched","floor":2.0,"gold_loss":0.0,"damage_taken":0.0,"cards_obtained":["Tools of the Trade"]},{"cards_removed":["Strike_G"],"damage_healed":0.0,"max_hp_gain":0.0,"max_hp_loss":0.0,"gold_gain":0.0,"event_name":"Bonfire Elementals","player_choice":"Offered Basic","floor":13.0,"gold_loss":0.0,"damage_taken":0.0},{"damage_healed":25.0,"max_hp_gain":0.0,"max_hp_loss":0.0,"gold_gain":0.0,"event_name":"The Library","player_choice":"Heal","floor":19.0,"gold_loss":0.0,"damage_taken":0.0},{"damage_healed":0,"gold_gain":0,"player_choice":"Ignored","damage_taken":0,"max_hp_gain":0,"max_hp_loss":0,"event_name":"The Mausoleum","floor":20,"gold_loss":0},{"cards_removed":["Strike_G"],"damage_healed":0,"gold_gain":0,"player_choice":"Gave Gold","damage_taken":0,"max_hp_gain":0,"max_hp_loss":0,"event_name":"Beggar","floor":22,"gold_loss":75}],"is_beta":false,"boss_relics":[{"not_picked":["Coffee Dripper","Calling Bell"],"picked":"Fusion Hammer"}],"items_purged_floors":[8],"is_endless":false,"potions_floor_spawned":[1,12,16,21,24],"killed_by":"Gremlin Leader","ascension_level":10}