{"gold_per_floor":[113,126,2,2,2,2,28,39,117,128,128,143,177,177,177,305,305,330,330,345,345,36,36,54,65,89,89,116,116,18,30,30,30],"floor_reached":33,"playtime":677,"items_purged":["Defend_R","Entrench+1"],"score":300,"play_id":"fbd82bea-f0e3-4d72-b293-d5223a431d2b","local_time":"20190117193936","is_ascension_mode":false,"campfire_choices":[{"data":"Whirlwind","floor":6.0,"key":"SMITH"},{"data":"Inflame","floor":11.0,"key":"SMITH"},{"data":"Bash","floor":15.0,"key":"SMITH"},{"data":"Bludgeon","floor":23.0,"key":"SMITH"},{"data":"Sword Boomerang","floor":27.0,"key":"SMITH"},{"floor":32.0,"key":"REST"}],"neow_cost":"NONE","seed_source_timestamp":181700773756417,"circlet_count":0,"master_deck":["Strike_R+1","Strike_R+1","Strike_R+1","Strike_R+1","Strike_R+1","Bash+1","Whirlwind+1","Headbutt","Shockwave","Inflame+1","Sword Boomerang+1","Twin Strike","Bludgeon+1","Bludgeon+1","Sever Soul+1","Feel No Pain+1","Armaments+1","Disarm+1","Iron Wave+1","Uppercut","Pommel Strike","Flex","Pummel"],"special_seed":0,"relics":["Burning Blood","NeowsBlessing","Bag of Marbles","Letter Opener","Kunai","Bloody Idol","Astrolabe","Medical Kit","Regal Pillow","Meat on the Bone"],"potions_floor_usage":[33,33],"damage_taken":[{"damage":0.0,"enemies":"Cultist","floor":1.0,"turns":1.0},{"damage":0.0,"enemies":"Small Slimes","floor":2.0,"turns":1.0},{"damage":0.0,"enemies":"3 Sentries","floor":7.0,"turns":2.0},{"damage":11.0,"enemies":"Jaw Worm","floor":8.0,"turns":2.0},{"damage":0.0,"enemies":"2 Fungi Beasts","floor":10.0,"turns":1.0},{"damage":12.0,"enemies":"Blue Slaver","floor":12.0,"turns":2.0},{"damage":4.0,"enemies":"Gremlin Nob","floor":13.0,"turns":3.0},{"damage":36.0,"enemies":"Hexaghost","floor":16.0,"turns":7.0},{"damage":10.0,"enemies":"Spheric Guardian","floor":18.0,"turns":3.0},{"damage":32.0,"enemies":"Shell Parasite","floor":20.0,"turns":4.0},{"damage":24.0,"enemies":"Shelled Parasite and Fungi","floor":24.0,"turns":3.0},{"damage":16.0,"enemies":"Cultist and Chosen","floor":25.0,"turns":4.0},{"damage":33.0,"enemies":"Book of Stabbing","floor":28.0,"turns":4.0},{"damage":15.0,"enemies":"Snecko","floor":31.0,"turns":3.0},{"damage":72,"enemies":"Collector","floor":33,"turns":7}],"seed_played":"8992794487626534950","potions_obtained":[{"floor":1.0,"key":"SkillPotion"},{"floor":8.0,"key":"PowerPotion"},{"floor":24.0,"key":"Ancient Potion"},{"floor":25.0,"key":"LiquidBronze"},{"floor":28.0,"key":"PowerPotion"}],"is_trial":false,"path_per_floor":["M","M","$","?","$","R","E","M","T","M","R","M","E","?","R","B",null,"M","?","M","?","$","R","M","M","T","R","E","?","$","M","R","B"],"character_chosen":"IRONCLAD","items_purchased":["PowerPotion","Medical Kit","Pommel Strike","Flex"],"campfire_rested":1,"item_purchase_floors":[3,22,30,30],"current_hp_per_floor":[80,80,80,80,80,80,80,75,75,80,80,74,76,56,56,26,80,76,76,55,55,55,55,42,37,42,42,20,20,20,28,67,0],"gold":30,"neow_bonus":"THREE_ENEMY_KILL","is_prod":false,"is_daily":false,"chose_seed":false,"campfire_upgraded":5,"win_rate":0,"timestamp":1547750376,"path_taken":["M","?","$","?","?","R","E","M","T","M","R","M","E","?","R","BOSS","M","?","M","?","$","R","M","M","T","R","E","?","?","M","R","BOSS"],"build_version":"2019-01-10","purchased_purges":2,"victory":false,"max_hp_per_floor":[80,80,80,80,80,80,80,80,80,80,80,80,80,80,80,80,80,80,80,80,80,80,80,80,80,80,80,80,80,80,80,80,80],"card_choices":[{"not_picked":["Second Wind","Armaments","Warcry"],"picked":"SKIP","floor":1.0},{"not_picked":["Anger","Clothesline"],"picked":"Whirlwind","floor":2.0},{"not_picked":["Reckless Charge","Feel No Pain"],"picked":"Headbutt","floor":7.0},{"not_picked":["Cleave","Shrug It Off"],"picked":"Shockwave","floor":8.0},{"not_picked":["Spot Weakness","Body Slam"],"picked":"Inflame","floor":10.0},{"not_picked":["Anger","Barricade"],"picked":"Sword Boomerang","floor":12.0},{"not_picked":["Spot Weakness","Havoc"],"picked":"Twin Strike","floor":13.0},{"not_picked":["Immolate","Feed"],"picked":"Bludgeon","floor":16.0},{"not_picked":["Fire Breathing","Heavy Blade"],"picked":"Feel No Pain+1","floor":18.0},{"not_picked":["Shrug It Off","Clothesline"],"picked":"Armaments+1","floor":20.0},{"not_picked":["Sever Soul+1","Seeing Red+1"],"picked":"Disarm+1","floor":24.0},{"not_picked":["Clothesline","Clash"],"picked":"Iron Wave+1","floor":25.0},{"not_picked":["Armaments+1","Burning Pact"],"picked":"Uppercut","floor":28.0},{"not_picked":["Headbutt","Brutality"],"picked":"Pummel","floor":31.0}],"player_experience":920592,"relics_obtained":[{"floor":7.0,"key":"Bag of Marbles"},{"floor":9.0,"key":"Letter Opener"},{"floor":13.0,"key":"Kunai"},{"floor":26.0,"key":"Regal Pillow"},{"floor":28.0,"key":"Meat on the Bone"}],"event_choices":[{"damage_healed":0.0,"max_hp_gain":0.0,"max_hp_loss":0.0,"gold_gain":0.0,"event_name":"The Cleric","player_choice":"Leave","floor":4.0,"gold_loss":0.0,"damage_taken":0.0},{"damage_healed":0.0,"max_hp_gain":0.0,"max_hp_loss":0.0,"gold_gain":0.0,"event_name":"Golden Idol","player_choice":"Take Damage","floor":14.0,"gold_loss":0.0,"damage_taken":20.0,"relics_obtained":["Golden Idol"]},{"damage_healed":0.0,"max_hp_gain":0.0,"max_hp_loss":0.0,"gold_gain":0.0,"event_name":"Forgotten Altar","player_choice":"Gave Idol","floor":19.0,"relics_lost":["Golden Idol"],"gold_loss":0.0,"damage_taken":0.0,"relics_obtained":["Bloody Idol"]},{"damage_healed":0.0,"max_hp_gain":0.0,"max_hp_loss":0.0,"gold_gain":0.0,"event_name":"Back to Basics","player_choice":"Simplicity","floor":21.0,"gold_loss":0.0,"damage_taken":0.0,"cards_upgraded":["Strike_R","Strike_R","Strike_R","Strike_R","Strike_R"]},{"damage_healed":0.0,"max_hp_gain":0.0,"max_hp_loss":0.0,"gold_gain":0.0,"event_name":"Ghosts","player_choice":"Ignored","floor":29.0,"gold_loss":0.0,"damage_taken":0.0}],"is_beta":false,"boss_relics":[{"not_picked":["Sozu","White Beast Statue"],"picked":"Astrolabe"}],"items_purged_floors":[3,22],"is_endless":false,"potions_floor_spawned":[1,8,13,24,25,28],"killed_by":"Collector","ascension_level":0}