{"gold_per_floor":[111,127,3,3,3,38,38,49,130,80,1,1,29,43,43,146,146,165,165,177,196,215,215,225,225,225,257,172,183,194,223,223,325,325,341,341,359,23,23,23,40,40,40,40,53,72,0,16,16,16],"floor_reached":50,"playtime":4855,"items_purged":["Parasite","Defend_B"],"score":757,"play_id":"fc65720d-0e09-4a0e-968a-7955612ae7cd","local_time":"20190114211415","is_ascension_mode":true,"campfire_choices":[{"data":"Sweeping Beam","floor":7.0,"key":"SMITH"},{"data":"Go for the Eyes","floor":15.0,"key":"SMITH"},{"data":"Echo Form","floor":23.0,"key":"SMITH"},{"data":"Zap","floor":32.0,"key":"SMITH"},{"data":"Fission","floor":40,"key":"SMITH"},{"data":"Coolheaded","floor":42,"key":"SMITH"},{"data":"Machine Learning","floor":44,"key":"SMITH"},{"data":"Coolheaded","floor":49,"key":"SMITH"}],"neow_cost":"CURSE","seed_source_timestamp":33831788317306,"circlet_count":0,"master_deck":["Strike_B","Defend_B","Defend_B","Defend_B","Zap+1","Dualcast","Sweeping Beam+1","Cold Snap+1","Conserve Battery","Go for the Eyes+1","BootSequence","Hologram","Capacitor","Echo Form+1","Steam+1","Chill","Skim","Chill","Coolheaded+1","Blizzard","Chill","Machine Learning+1","Hologram","Loop+1","Coolheaded+1","Fission+1","Conserve Battery+1","Double Energy+1","Hologram","Sunder+1","Hologram+1","Self Repair+1","Glacier+1","Hologram+1","Conserve Battery"],"special_seed":0,"relics":["Cracked Core","Sundial","Gremlin Horn","Matryoshka","Prayer Wheel","Sozu","Ornamental Fan","Blue Candle","Dream Catcher","Pantograph","Question Card","Coffee Dripper","Runic Capacitor","Whetstone","Centennial Puzzle","Red Mask"],"potions_floor_usage":[37],"damage_taken":[{"damage":0.0,"enemies":"Cultist","floor":1.0,"turns":4.0},{"damage":0.0,"enemies":"2 Louse","floor":2.0,"turns":2.0},{"damage":23.0,"enemies":"3 Sentries","floor":6.0,"turns":6.0},{"damage":1.0,"enemies":"Small Slimes","floor":8.0,"turns":3.0},{"damage":30.0,"enemies":"Gremlin Nob","floor":13.0,"turns":6.0},{"damage":0.0,"enemies":"Blue Slaver","floor":14.0,"turns":3.0},{"damage":13.0,"enemies":"Hexaghost","floor":16.0,"turns":12.0},{"damage":6.0,"enemies":"Shell Parasite","floor":18.0,"turns":8.0},{"damage":12.0,"enemies":"2 Thieves","floor":20.0,"turns":4.0},{"damage":6.0,"enemies":"Cultist and Chosen","floor":21.0,"turns":9.0},{"damage":8.0,"enemies":"Shelled Parasite and Fungi","floor":22.0,"turns":7.0},{"damage":4.0,"enemies":"Snake Plant","floor":24.0,"turns":8.0},{"damage":17.0,"enemies":"Book of Stabbing","floor":27.0,"turns":9.0},{"damage":3.0,"enemies":"Sentry and Sphere","floor":29.0,"turns":8.0},{"damage":4.0,"enemies":"Centurion and Healer","floor":30.0,"turns":5.0},{"damage":0.0,"enemies":"Gremlin Leader","floor":31.0,"turns":8.0},{"damage":36,"enemies":"Collector","floor":33,"turns":10},{"damage":18,"enemies":"Orb Walker","floor":35,"turns":4},{"damage":12,"enemies":"3 Darklings","floor":37,"turns":4},{"damage":0,"enemies":"Jaw Worm Horde","floor":41,"turns":2},{"damage":1,"enemies":"Sphere and 2 Shapes","floor":45,"turns":4},{"damage":43,"enemies":"Transient","floor":46,"turns":5},{"damage":0,"enemies":"Spire Growth","floor":48,"turns":6},{"damage":79,"enemies":"Time Eater","floor":50,"turns":18}],"seed_played":"-268001699203569624","potions_obtained":[{"floor":2.0,"key":"AttackPotion"},{"floor":13.0,"key":"PowerPotion"},{"floor":14.0,"key":"SpeedPotion"},{"floor":16.0,"key":"Energy Potion"}],"is_trial":false,"path_per_floor":["M","M","$","T","?","E","R","M","T","?","$","?","E","M","R","B",null,"M","?","M","M","M","R","M","?","T","E","?","M","M","E","R","B",null,"M","?","M","$","?","R","M","R","T","R","M","M","?","M","R","B"],"character_chosen":"DEFECT","items_purchased":["PowerPotion","BootSequence","Runic Capacitor","Sunder"],"campfire_rested":0,"item_purchase_floors":[3,11,38,38],"current_hp_per_floor":[68,68,68,68,68,45,45,44,44,44,44,44,14,14,14,1,54,48,72,60,54,46,46,42,42,42,25,25,22,18,18,18,7,56,38,38,26,26,72,72,72,72,72,72,72,39,39,49,49,0],"gold":16,"neow_bonus":"TRANSFORM_TWO_CARDS","is_prod":false,"is_daily":false,"chose_seed":false,"campfire_upgraded":8,"win_rate":0,"timestamp":1547522055,"path_taken":["M","M","$","?","?","E","R","?","T","?","$","?","E","M","R","BOSS","M","?","M","?","M","R","M","?","T","E","?","M","M","E","R","BOSS","M","?","M","$","?","R","M","R","T","R","?","M","?","M","R","BOSS"],"build_version":"2019-01-10","purchased_purges":2,"victory":false,"max_hp_per_floor":[75,75,72,72,72,72,72,72,72,72,72,72,72,72,72,72,72,72,72,72,72,72,72,72,72,72,72,72,72,72,72,72,72,72,72,72,72,72,72,72,72,72,72,72,72,72,72,72,72,72],"card_choices":[{"not_picked":["Defragment","Steam"],"picked":"Cold Snap","floor":1.0},{"not_picked":["Stack","Lockon"],"picked":"Conserve Battery","floor":2.0},{"not_picked":["Stack","Recycle"],"picked":"Consume","floor":6.0},{"not_picked":["Fusion","Turbo"],"picked":"Go for the Eyes","floor":8.0},{"not_picked":["Rainbow","Gash"],"picked":"Hologram","floor":13.0},{"not_picked":["Consume","Ball Lightning"],"picked":"Capacitor","floor":14.0},{"not_picked":["Ball Lightning","Hello World","White Noise"],"picked":"SKIP","floor":14.0},{"not_picked":["Biased Cognition","Meteor Strike"],"picked":"Echo Form","floor":16.0},{"not_picked":["Conserve Battery","Stack"],"picked":"Steam+1","floor":18.0},{"not_picked":["Barrage","Rebound","Beam Cell"],"picked":"SKIP","floor":18.0},{"not_picked":["Steam Power+1","Steam"],"picked":"Chill","floor":20.0},{"not_picked":["Reprogram","Beam Cell"],"picked":"Skim","floor":20.0},{"not_picked":["Stack+1","Sweeping Beam"],"picked":"Chill","floor":21.0},{"not_picked":["Hologram","Gash"],"picked":"Coolheaded","floor":21.0},{"not_picked":["Leap","Lockon"],"picked":"Blizzard","floor":22.0},{"not_picked":["Doom and Gloom","Cold Snap"],"picked":"Chill","floor":22.0},{"not_picked":["Stack","Coolheaded"],"picked":"Machine Learning","floor":24.0},{"not_picked":["BootSequence","White Noise+1","Chaos"],"picked":"SKIP","floor":24.0},{"not_picked":["Go for the Eyes","Cold Snap"],"picked":"Hologram","floor":27.0},{"not_picked":["Streamline+1","Leap+1"],"picked":"Loop+1","floor":29.0},{"not_picked":["Reprogram","Streamline","Steam Power"],"picked":"SKIP","floor":29.0},{"not_picked":["Amplify","Leap+1"],"picked":"Tempest+1","floor":30.0},{"not_picked":["Stack","Gash"],"picked":"Coolheaded","floor":30.0},{"not_picked":["Cold Snap","FTL","Leap"],"picked":"SKIP","floor":31.0},{"not_picked":["Creative AI","Hyperbeam","Reboot"],"picked":"Fission","floor":33},{"not_picked":["Chaos","Gash+1","White Noise"],"picked":"Conserve Battery+1","floor":35},{"not_picked":["Genetic Algorithm+1","Melter","Sweeping Beam"],"picked":"Double Energy+1","floor":35},{"not_picked":["Cold Snap","Steam+1","Sweeping Beam+1"],"picked":"Hologram","floor":37},{"not_picked":["Compile Driver","Barrage+1","Capacitor","Stack+1"],"picked":"SKIP","floor":37},{"not_picked":["Rebound+1","Storm","White Noise"],"picked":"Hologram+1","floor":41},{"not_picked":["Compile Driver","Barrage","White Noise+1"],"picked":"Self Repair+1","floor":41},{"not_picked":["Storm","Cold Snap+1","Stack"],"picked":"Glacier+1","floor":45},{"not_picked":["All For One","Cold Snap","Steam","Gash+1"],"picked":"SKIP","floor":45},{"not_picked":["Beam Cell+1","Sweeping Beam","Stack"],"picked":"Hologram+1","floor":46},{"not_picked":["Redo","Ball Lightning+1","BootSequence+1","Barrage"],"picked":"SKIP","floor":46},{"not_picked":["Multi-Cast","Steam","Storm"],"picked":"Conserve Battery","floor":48},{"not_picked":["Consume","Cold Snap+1","Coolheaded+1","Chill+1"],"picked":"SKIP","floor":48},{"not_picked":["Consume","Cold Snap+1","Coolheaded+1","Chill+1"],"picked":"SKIP","floor":48}],"player_experience":192324,"relics_obtained":[{"floor":4.0,"key":"Sundial"},{"floor":6.0,"key":"Gremlin Horn"},{"floor":9.0,"key":"Matryoshka"},{"floor":13.0,"key":"Prayer Wheel"},{"floor":26.0,"key":"Ornamental Fan"},{"floor":26.0,"key":"Blue Candle"},{"floor":27.0,"key":"Dream Catcher"},{"floor":31.0,"key":"Question Card"},{"floor":43,"key":"Whetstone"},{"floor":43,"key":"Centennial Puzzle"}],"event_choices":[{"cards_removed":["Consume"],"damage_healed":0.0,"max_hp_gain":0.0,"max_hp_loss":0.0,"gold_gain":0.0,"event_name":"Purifier","player_choice":"Purged","floor":5.0,"gold_loss":0.0,"damage_taken":0.0},{"cards_removed":["Consume"],"damage_healed":0.0,"max_hp_gain":0.0,"max_hp_loss":0.0,"gold_gain":0.0,"event_name":"The Cleric","player_choice":"Card Removal","floor":10.0,"gold_loss":50.0,"damage_taken":0.0},{"damage_healed":0.0,"max_hp_gain":0.0,"max_hp_loss":0.0,"gold_gain":0.0,"event_name":"Liars Game","player_choice":"Ignored","floor":12.0,"gold_loss":0.0,"damage_taken":0.0},{"damage_healed":24.0,"max_hp_gain":0.0,"max_hp_loss":0.0,"gold_gain":0.0,"event_name":"Wheel of Change","player_choice":"Full Heal","floor":19.0,"gold_loss":0.0,"damage_taken":0.0},{"damage_healed":0.0,"max_hp_gain":0.0,"max_hp_loss":0.0,"gold_gain":0.0,"event_name":"Vampires","player_choice":"Ignored","floor":25.0,"gold_loss":0.0,"damage_taken":0.0},{"damage_healed":0.0,"max_hp_gain":0.0,"max_hp_loss":0.0,"gold_gain":0.0,"event_name":"Addict","player_choice":"Obtained Relic","floor":28.0,"gold_loss":85.0,"damage_taken":0.0,"relics_obtained":["Pantograph"]},{"cards_removed":["Strike_B"],"damage_healed":0,"gold_gain":0,"player_choice":"Removed Attack","damage_taken":0,"max_hp_gain":0,"max_hp_loss":0,"event_name":"Falling","floor":36,"gold_loss":0},{"cards_removed":["Tempest"],"damage_healed":46,"gold_gain":0,"player_choice":"Offered Uncommon","damage_taken":0,"max_hp_gain":0,"max_hp_loss":0,"event_name":"Bonfire Elementals","floor":39,"gold_loss":0},{"damage_healed":0,"gold_gain":0,"player_choice":"Paid","damage_taken":0,"relics_obtained":["Red Mask"],"max_hp_gain":0,"max_hp_loss":0,"event_name":"Tomb of Lord Red Mask","floor":47,"gold_loss":72}],"is_beta":false,"boss_relics":[{"not_picked":["FrozenCore","Runic Dome"],"picked":"Sozu"},{"not_picked":["Tiny House","Runic Pyramid"],"picked":"Coffee Dripper"}],"items_purged_floors":[3,38],"is_endless":false,"potions_floor_spawned":[2,13,14,16,18,20,22,30,33,41,48],"killed_by":"Time Eater","ascension_level":6}