{"gold_per_floor":[109,124,134,134,151,151,179,193,193,193,221,221,236,236,236,335,385,401,66,85,105,30,64,64,264,264,278,298,328,328,328,328,328],"floor_reached":33,"playtime":2674,"items_purged":["Strike_G"],"score":356,"play_id":"10455f71-3fdf-4f78-8c0f-d867d1cb1463","local_time":"20190131025545","is_ascension_mode":true,"campfire_choices":[{"data":"Cloak And Dagger","floor":6,"key":"SMITH"},{"floor":10,"key":"REST"},{"data":"Predator","floor":12,"key":"SMITH"},{"floor":15,"key":"REST"},{"floor":24,"key":"REST"},{"data":"Wraith Form v2","floor":30,"key":"SMITH"},{"floor":32,"key":"REST"}],"neow_cost":"NONE","seed_source_timestamp":95472172484413,"circlet_count":0,"master_deck":["Defend_G","Defend_G","Defend_G","Defend_G","Defend_G","Strike_G","Strike_G","Strike_G","Survivor","Neutralize+1","Deflect","Predator+1","Slice","Cloak And Dagger+1","Finisher+1","Escape Plan+1","Deadly Poison+1","Wraith Form v2+1","Well Laid Plans","Slice+1","Acrobatics","Decay"],"relics":["Ring of the Snake","Sundial","Molten Egg 2","Shuriken","Ancient Tea Set","Tiny House","Kunai","Calipers","Bottled Tornado","Thread and Needle"],"potions_floor_usage":[20,23,23,29,33],"damage_taken":[{"damage":2,"enemies":"Cultist","floor":1,"turns":4},{"damage":0,"enemies":"2 Louse","floor":2,"turns":2},{"damage":0,"enemies":"Jaw Worm","floor":3,"turns":3},{"damage":0,"enemies":"Looter","floor":5,"turns":4},{"damage":29,"enemies":"Gremlin Nob","floor":7,"turns":5},{"damage":15,"enemies":"Exordium Thugs","floor":8,"turns":5},{"damage":7,"enemies":"3 Sentries","floor":11,"turns":5},{"damage":0,"enemies":"Exordium Wildlife","floor":13,"turns":4},{"damage":34,"enemies":"Slime Boss","floor":16,"turns":10},{"damage":12,"enemies":"Shell Parasite","floor":18,"turns":7},{"damage":9,"enemies":"3 Byrds","floor":20,"turns":5},{"damage":11,"enemies":"Shelled Parasite and Fungi","floor":21,"turns":5},{"damage":29,"enemies":"Slavers","floor":23,"turns":7},{"damage":5,"enemies":"Snecko","floor":27,"turns":5},{"damage":1,"enemies":"Centurion and Healer","floor":28,"turns":6},{"damage":7,"enemies":"Gremlin Leader","floor":29,"turns":8},{"damage":48,"enemies":"Champ","floor":33,"turns":13}],"seed_played":"7228597557654305497","potions_obtained":[{"floor":7,"key":"Swift Potion"},{"floor":13,"key":"AttackPotion"},{"floor":16,"key":"GamblersBrew"},{"floor":20,"key":"Ancient Potion"},{"floor":23,"key":"Swift Potion"},{"floor":27,"key":"LiquidBronze"},{"floor":29,"key":"EssenceOfSteel"}],"is_trial":false,"path_per_floor":["M","M","M","?","M","R","E","M","T","R","E","R","M","?","R","B",null,"M","$","M","M","?","E","R","?","T","M","M","E","R","?","R","B"],"character_chosen":"THE_SILENT","items_purchased":["Kunai"],"campfire_rested":4,"item_purchase_floors":[19],"current_hp_per_floor":[68,68,68,61,61,61,32,17,17,38,31,31,31,31,52,18,75,63,63,54,43,43,14,36,36,36,31,30,23,23,23,45,0],"gold":328,"neow_bonus":"UPGRADE_CARD","is_prod":false,"is_daily":false,"chose_seed":false,"campfire_upgraded":3,"win_rate":0,"timestamp":1548924945,"path_taken":["M","M","M","?","M","R","E","M","T","R","E","R","M","?","R","BOSS","M","$","?","M","?","E","R","?","T","M","?","E","R","?","R","BOSS"],"build_version":"2019-01-23","purchased_purges":1,"victory":false,"max_hp_per_floor":[70,70,70,70,70,70,70,70,70,70,70,70,70,70,70,70,75,75,75,75,75,75,75,75,75,75,75,75,75,75,75,75,75],"card_choices":[{"not_picked":["Sucker Punch","Expertise"],"picked":"Deflect","floor":1},{"not_picked":["Deflect","Choke"],"picked":"Predator","floor":2},{"not_picked":["Deadly Poison","Catalyst"],"picked":"Slice","floor":3},{"not_picked":["Deadly Poison","Outmaneuver"],"picked":"Cloak And Dagger","floor":5},{"not_picked":["Die Die Die","Footwork"],"picked":"Finisher","floor":7},{"not_picked":["Dagger Throw+1","Poisoned Stab+1"],"picked":"Escape Plan","floor":8},{"not_picked":["Acrobatics","All Out Attack+1","Prepared"],"picked":"SKIP","floor":11},{"not_picked":["Quick Slash+1","Setup"],"picked":"Deadly Poison","floor":13},{"not_picked":["Grand Finale+1","Night Terror"],"picked":"Wraith Form v2","floor":16},{"not_picked":["Dagger Spray+1","Bane+1"],"picked":"Well Laid Plans","floor":17},{"not_picked":["Cloak And Dagger","Deadly Poison","Leg Sweep"],"picked":"SKIP","floor":18},{"not_picked":["Sucker Punch+1","Prepared"],"picked":"Slice+1","floor":20},{"not_picked":["Outmaneuver","Deadly Poison","Heel Hook+1"],"picked":"SKIP","floor":21},{"not_picked":["Cloak And Dagger","Deadly Poison","Malaise"],"picked":"SKIP","floor":23},{"not_picked":["Sucker Punch+1","Terror","Bouncing Flask"],"picked":"SKIP","floor":27},{"not_picked":["Masterful Stab+1","Blade Dance"],"picked":"Acrobatics","floor":28},{"not_picked":["Sucker Punch+1","Acrobatics","Riddle With Holes+1"],"picked":"SKIP","floor":29}],"player_experience":435532,"relics_obtained":[{"floor":7,"key":"Molten Egg 2"},{"floor":9,"key":"Shuriken"},{"floor":11,"key":"Ancient Tea Set"},{"floor":23,"key":"Calipers"},{"floor":26,"key":"Bottled Tornado"},{"floor":29,"key":"Thread and Needle"}],"event_choices":[{"damage_healed":0,"gold_gain":0,"player_choice":"Success","damage_taken":7,"relics_obtained":["Sundial"],"max_hp_gain":0,"max_hp_loss":0,"event_name":"Scrap Ooze","floor":4,"gold_loss":0},{"damage_healed":0,"gold_gain":0,"player_choice":"Forge","damage_taken":0,"max_hp_gain":0,"max_hp_loss":0,"event_name":"Accursed Blacksmith","floor":14,"gold_loss":0,"cards_upgraded":["Deadly Poison"]},{"cards_removed":["Strike_G"],"damage_healed":0,"gold_gain":0,"player_choice":"Gave Gold","damage_taken":0,"max_hp_gain":0,"max_hp_loss":0,"event_name":"Beggar","floor":22,"gold_loss":75},{"damage_healed":0,"gold_gain":200,"player_choice":"Gold","damage_taken":0,"max_hp_gain":0,"max_hp_loss":0,"event_name":"Wheel of Change","floor":25,"gold_loss":0},{"damage_healed":0,"gold_gain":0,"player_choice":"Smashed Altar","damage_taken":0,"max_hp_gain":0,"max_hp_loss":0,"event_name":"Forgotten Altar","floor":31,"gold_loss":0,"cards_obtained":["Decay"]}],"is_beta":false,"boss_relics":[{"not_picked":["Lizard Tail","Calling Bell"],"picked":"Tiny House"}],"items_purged_floors":[19],"is_endless":false,"potions_floor_spawned":[7,13,16,20,23,27,29],"killed_by":"Champ","ascension_level":4}