{"gold_per_floor":[15,30,30,40,40,40],"floor_reached":6,"playtime":516,"items_purged":[],"score":63,"play_id":"54835454-6a3b-40be-81f6-6257be36d050","local_time":"20190201235242","is_ascension_mode":true,"campfire_choices":[],"neow_cost":"NO_GOLD","seed_source_timestamp":899561661860933,"circlet_count":0,"master_deck":["AscendersBane","Defend_G","Defend_G","Defend_G","Defend_G+1","Defend_G","Strike_G","Strike_G","Strike_G","Strike_G","Strike_G","Survivor","Neutralize","Poisoned Stab","PiercingWail","Crippling Poison+1","Leg Sweep","Adrenaline"],"special_seed":0,"relics":["Ring of the Snake","Prayer Wheel","Dream Catcher"],"potions_floor_usage":[],"damage_taken":[{"damage":7.0,"enemies":"Jaw Worm","floor":1.0,"turns":7.0},{"damage":0.0,"enemies":"2 Louse","floor":2.0,"turns":4.0},{"damage":0.0,"enemies":"Small Slimes","floor":4.0,"turns":4.0},{"damage":27,"enemies":"Gremlin Nob","floor":6,"turns":3}],"seed_played":"-2209664405238519378","potions_obtained":[{"floor":4.0,"key":"Block Potion"}],"is_trial":false,"path_per_floor":["M","M","?","M","?","E"],"character_chosen":"THE_SILENT","items_purchased":[],"campfire_rested":0,"item_purchase_floors":[],"current_hp_per_floor":[52,52,47,47,27,0],"gold":40,"neow_bonus":"ONE_RARE_RELIC","is_prod":false,"is_daily":false,"chose_seed":false,"campfire_upgraded":0,"win_rate":0,"timestamp":1549061562,"path_taken":["M","M","?","M","?","E"],"build_version":"2019-01-23","purchased_purges":0,"victory":false,"max_hp_per_floor":[66,66,66,66,66,66],"card_choices":[{"not_picked":["Flying Knee","Underhanded Strike"],"picked":"Poisoned Stab","floor":1.0},{"not_picked":["Underhanded Strike","Outmaneuver"],"picked":"PiercingWail","floor":1.0},{"not_picked":["Expertise","Acrobatics"],"picked":"Crippling Poison","floor":2.0},{"not_picked":["Terror","PiercingWail"],"picked":"Leg Sweep","floor":2.0},{"not_picked":["Slice","Tactician"],"picked":"Adrenaline","floor":4.0},{"not_picked":["Blade Dance","Underhanded Strike","Expertise"],"picked":"SKIP","floor":4.0}],"player_experience":1148344,"relics_obtained":[],"event_choices":[{"damage_healed":0.0,"max_hp_gain":0.0,"max_hp_loss":0.0,"gold_gain":0.0,"event_name":"Scrap Ooze","player_choice":"Success","floor":3.0,"gold_loss":0.0,"damage_taken":5.0,"relics_obtained":["Dream Catcher"]},{"damage_healed":0.0,"max_hp_gain":0.0,"max_hp_loss":0.0,"gold_gain":0.0,"event_name":"Shining Light","player_choice":"Entered Light","floor":5.0,"gold_loss":0.0,"damage_taken":20.0,"cards_upgraded":["Defend_G","Crippling Poison"]}],"is_beta":false,"boss_relics":[],"items_purged_floors":[],"is_endless":false,"potions_floor_spawned":[4],"killed_by":"Gremlin Nob","ascension_level":15}