{"gold_per_floor":[123,135,222,234,258,270,293,11,11,26,26,26,26,46,46,147,147,167,92,92,103,117,137,166,265,291,302,302,13,24,39,39,142,142,152,152,170,184,184,184,201,201,201,25,42,74,84,115,115,115],"floor_reached":51,"playtime":1897,"items_purged":["Strike_G","Defend_G"],"score":896,"play_id":"0987f626-a610-4a49-be61-67d7b821743a","local_time":"20190203045617","is_ascension_mode":false,"campfire_choices":[{"data":"Backstab","floor":6,"key":"SMITH"},{"data":"Noxious Fumes","floor":11,"key":"SMITH"},{"data":"Dash","floor":15,"key":"SMITH"},{"data":"Deadly Poison","floor":28,"key":"SMITH"},{"floor":32,"key":"REST"},{"data":"Dagger Spray","floor":40,"key":"SMITH"},{"data":"Footwork","floor":42,"key":"SMITH"},{"floor":49,"key":"REST"}],"neow_cost":"NONE","seed_source_timestamp":526795203495345,"circlet_count":0,"master_deck":["Defend_G","Defend_G","Defend_G","Defend_G","Strike_G","Strike_G","Strike_G","Survivor","Neutralize+1","Backstab+1","Deadly Poison+1","Noxious Fumes+1","Dagger Spray+1","Dash+1","Bane","Footwork+1","Terror","Dodge and Roll+1","Bane+1","Backflip"],"relics":["Ring of the Snake","MawBank","Potion Belt","Snake Skull","Singing Bowl","Pantograph","Busted Crown","Dream Catcher","Incense Burner","Strawberry","Bag of Marbles","Black Star","Blood Vial","Bottled Lightning","Oddly Smooth Stone","Meat on the Bone","Smiling Mask"],"potions_floor_usage":[23,23,23,23,33,33,38,46,46,48,50,50,50],"damage_taken":[{"damage":0,"enemies":"Small Slimes","floor":1,"turns":3},{"damage":0,"enemies":"Jaw Worm","floor":5,"turns":4},{"damage":0,"enemies":"2 Louse","floor":7,"turns":2},{"damage":0,"enemies":"Gremlin Gang","floor":10,"turns":5},{"damage":0,"enemies":"Exordium Wildlife","floor":14,"turns":2},{"damage":0,"enemies":"The Guardian","floor":16,"turns":8},{"damage":18,"enemies":"2 Thieves","floor":18,"turns":4},{"damage":3,"enemies":"Shell Parasite","floor":21,"turns":5},{"damage":10,"enemies":"Centurion and Healer","floor":22,"turns":5},{"damage":2,"enemies":"3 Cultists","floor":23,"turns":6},{"damage":1,"enemies":"Book of Stabbing","floor":24,"turns":7},{"damage":5,"enemies":"Sentry and Sphere","floor":27,"turns":5},{"damage":15,"enemies":"Snake Plant","floor":30,"turns":3},{"damage":0,"enemies":"Cultist and Chosen","floor":31,"turns":6},{"damage":13,"enemies":"Collector","floor":33,"turns":6},{"damage":0,"enemies":"Orb Walker","floor":35,"turns":4},{"damage":2,"enemies":"3 Shapes","floor":37,"turns":3},{"damage":20,"enemies":"Maw","floor":38,"turns":8},{"damage":6,"enemies":"Spire Growth","floor":41,"turns":6},{"damage":6,"enemies":"Jaw Worm Horde","floor":45,"turns":5},{"damage":15,"enemies":"Reptomancer","floor":46,"turns":6},{"damage":5,"enemies":"Maw","floor":47,"turns":7},{"damage":6,"enemies":"Giant Head","floor":48,"turns":9},{"damage":89,"enemies":"Donu and Deca","floor":50,"turns":12}],"seed_played":"1974979210554533322","potions_obtained":[{"floor":1,"key":"FearPotion"},{"floor":7,"key":"SkillPotion"},{"floor":10,"key":"Dexterity Potion"},{"floor":18,"key":"EssenceOfSteel"},{"floor":22,"key":"Fire Potion"},{"floor":30,"key":"PowerPotion"},{"floor":31,"key":"Energy Potion"},{"floor":33,"key":"Poison Potion"},{"floor":37,"key":"Weak Potion"},{"floor":38,"key":"AttackPotion"},{"floor":47,"key":"AttackPotion"},{"floor":48,"key":"Block Potion"}],"is_trial":false,"path_per_floor":["M","?","?","?","M","R","M","$","T","M","R","T","?","M","R","B",null,"M","?","?","M","M","M","E","?","T","M","R","$","M","M","R","B",null,"M","?","M","M","?","R","M","R","T","$","M","E","M","E","R","B",null],"character_chosen":"THE_SILENT","items_purchased":["Noxious Fumes","Snake Skull","Footwork","Bag of Marbles","EssenceOfSteel","GhostInAJar"],"campfire_rested":2,"item_purchase_floors":[8,8,29,29,29,44],"current_hp_per_floor":[70,67,56,49,49,49,49,49,49,49,49,49,49,49,49,72,72,56,56,56,55,47,47,48,48,55,50,50,50,37,37,66,80,95,97,97,95,77,77,77,73,73,73,73,69,58,55,53,86,30],"gold":115,"neow_bonus":"RANDOM_COMMON_RELIC","is_prod":false,"is_daily":false,"chose_seed":false,"campfire_upgraded":6,"win_rate":0,"timestamp":1549187777,"path_taken":["M","?","?","?","?","R","M","$","T","M","R","?","?","M","R","BOSS","M","?","?","?","M","M","E","?","T","M","R","?","?","M","R","BOSS","M","?","M","M","?","R","?","R","T","$","M","E","M","E","R","BOSS"],"build_version":"2019-01-23","purchased_purges":2,"victory":true,"max_hp_per_floor":[70,70,70,70,70,70,70,70,70,70,70,70,70,70,70,72,72,74,74,74,76,78,80,82,82,89,89,89,89,91,91,93,95,95,97,97,97,99,99,99,101,101,101,101,101,103,103,105,107,107],"card_choices":[{"not_picked":["Catalyst","Terror"],"picked":"Backstab","floor":1},{"not_picked":["Flechettes","Eviscerate"],"picked":"Dodge and Roll","floor":5},{"not_picked":["PiercingWail","Blade Dance"],"picked":"Deadly Poison","floor":7},{"not_picked":["Terror","Eviscerate"],"picked":"Dagger Spray","floor":10},{"not_picked":["Flechettes","Deflect"],"picked":"Dash","floor":14},{"not_picked":["Tools of the Trade","Doppelganger","Storm of Steel"],"picked":"Singing Bowl","floor":16},{"not_picked":["Riddle With Holes+1"],"picked":"Singing Bowl","floor":18},{"not_picked":["Cloak And Dagger"],"picked":"Singing Bowl","floor":21},{"not_picked":["Endless Agony"],"picked":"Singing Bowl","floor":22},{"not_picked":["Underhanded Strike"],"picked":"Singing Bowl","floor":23},{"not_picked":["Deflect"],"picked":"Singing Bowl","floor":24},{"not_picked":[],"picked":"Bane","floor":27},{"not_picked":["Riddle With Holes"],"picked":"Singing Bowl","floor":30},{"not_picked":[],"picked":"Terror","floor":31},{"not_picked":["Dagger Throw"],"picked":"Singing Bowl","floor":32},{"not_picked":["Phantasmal Killer"],"picked":"Singing Bowl","floor":33},{"not_picked":["Setup"],"picked":"Singing Bowl","floor":35},{"not_picked":[],"picked":"Dodge and Roll+1","floor":37},{"not_picked":["Slice+1"],"picked":"Singing Bowl","floor":38},{"not_picked":["Sucker Punch"],"picked":"Singing Bowl","floor":41},{"not_picked":[],"picked":"Bane+1","floor":45},{"not_picked":["Outmaneuver+1"],"picked":"Singing Bowl","floor":46},{"not_picked":[],"picked":"Backflip","floor":47},{"not_picked":["Bane+1"],"picked":"Singing Bowl","floor":48},{"not_picked":["Masterful Stab"],"picked":"Singing Bowl","floor":49}],"player_experience":48922,"relics_obtained":[{"floor":9,"key":"Singing Bowl"},{"floor":12,"key":"Pantograph"},{"floor":20,"key":"Dream Catcher"},{"floor":24,"key":"Incense Burner"},{"floor":26,"key":"Strawberry"},{"floor":43,"key":"Blood Vial"},{"floor":46,"key":"Bottled Lightning"},{"floor":46,"key":"Oddly Smooth Stone"},{"floor":48,"key":"Meat on the Bone"},{"floor":48,"key":"Smiling Mask"}],"event_choices":[{"damage_healed":0,"gold_gain":0,"player_choice":"Success","damage_taken":3,"relics_obtained":["Potion Belt"],"max_hp_gain":0,"max_hp_loss":0,"event_name":"Scrap Ooze","floor":2,"gold_loss":0},{"damage_healed":0,"gold_gain":75,"player_choice":"Gather Gold","damage_taken":11,"max_hp_gain":0,"max_hp_loss":0,"event_name":"World of Goop","floor":3,"gold_loss":0},{"damage_healed":0,"gold_gain":0,"player_choice":"Damaged","damage_taken":7,"max_hp_gain":0,"max_hp_loss":0,"event_name":"Wheel of Change","floor":4,"gold_loss":0},{"damage_healed":0,"gold_gain":0,"player_choice":"Grow","damage_taken":0,"max_hp_gain":0,"max_hp_loss":0,"event_name":"Living Wall","floor":13,"gold_loss":0,"cards_upgraded":["Neutralize"]},{"cards_removed":["Strike_G"],"damage_healed":0,"gold_gain":0,"player_choice":"Gave Gold","damage_taken":0,"max_hp_gain":0,"max_hp_loss":0,"event_name":"Beggar","floor":19,"gold_loss":75},{"damage_healed":0,"gold_gain":0,"player_choice":"Relic","damage_taken":0,"max_hp_gain":0,"max_hp_loss":0,"event_name":"Wheel of Change","floor":20,"gold_loss":0},{"damage_healed":0,"gold_gain":99,"player_choice":"Stole From Cult","damage_taken":0,"max_hp_gain":0,"max_hp_loss":0,"event_name":"Nest","floor":25,"gold_loss":0},{"cards_removed":["Dodge and Roll"],"damage_healed":0,"gold_gain":0,"player_choice":"Removed Skill","damage_taken":0,"max_hp_gain":0,"max_hp_loss":0,"event_name":"Falling","floor":36,"gold_loss":0},{"damage_healed":0,"gold_gain":0,"player_choice":"Leave","damage_taken":0,"max_hp_gain":0,"max_hp_loss":0,"event_name":"FaceTrader","floor":39,"gold_loss":0}],"is_beta":false,"boss_relics":[{"not_picked":["Fusion Hammer","Astrolabe"],"picked":"Busted Crown"},{"not_picked":["Eternal Feather","HoveringKite"],"picked":"Black Star"}],"items_purged_floors":[8,44],"is_endless":false,"potions_floor_spawned":[1,7,10,18,22,30,31,33,37,38,45,47,48],"ascension_level":0}