{"gold_per_floor":[115,115,134,59,78,78,108,108,108,120,132,161,193,215,227,239],"floor_reached":16,"playtime":632,"items_purged":["Strike_G"],"score":102,"play_id":"383774e7-6e87-41a9-8420-fe22976e4acd","local_time":"20190201010256","is_ascension_mode":false,"campfire_choices":[{"data":"Neutralize","floor":6,"key":"SMITH"},{"data":"Dodge and Roll","floor":8,"key":"SMITH"},{"data":"Deadly Poison","floor":11,"key":"SMITH"},{"floor":15,"key":"REST"}],"neow_cost":"NONE","seed_source_timestamp":341268175057244,"circlet_count":0,"master_deck":["Defend_G","Defend_G","Defend_G","Defend_G","Strike_G","Strike_G","Strike_G","Strike_G","Survivor","Neutralize+1","Catalyst","Deadly Poison+1","Flying Knee","Dodge and Roll+1","Bane","Poisoned Stab"],"relics":["Ring of the Snake","Sundial","MawBank"],"potions_floor_usage":[7,7,7,16,16,16],"damage_taken":[{"damage":5,"enemies":"Small Slimes","floor":1,"turns":5},{"damage":4,"enemies":"Cultist","floor":3,"turns":4},{"damage":5,"enemies":"2 Louse","floor":5,"turns":3},{"damage":30,"enemies":"3 Sentries","floor":7,"turns":11},{"damage":0,"enemies":"2 Fungi Beasts","floor":12,"turns":3},{"damage":0,"enemies":"Looter","floor":13,"turns":3},{"damage":7,"enemies":"Blue Slaver","floor":14,"turns":3},{"damage":60,"enemies":"Slime Boss","floor":16,"turns":10}],"seed_played":"8023163696336426887","potions_obtained":[{"floor":2,"key":"Dexterity Potion"},{"floor":2,"key":"Weak Potion"},{"floor":2,"key":"SpeedPotion"},{"floor":7,"key":"Poison Potion"},{"floor":12,"key":"SpeedPotion"},{"floor":14,"key":"GamblersBrew"}],"is_trial":false,"path_per_floor":["M","?","M","$","M","R","E","R","T","?","R","M","M","M","R","B"],"character_chosen":"THE_SILENT","items_purchased":[],"campfire_rested":1,"item_purchase_floors":[],"current_hp_per_floor":[72,72,68,68,63,63,33,33,33,33,33,33,33,26,49,0],"gold":239,"neow_bonus":"TEN_PERCENT_HP_BONUS","is_prod":false,"is_daily":false,"chose_seed":false,"campfire_upgraded":3,"win_rate":1,"timestamp":1549000976,"path_taken":["M","?","M","$","?","R","E","R","T","?","R","M","?","M","R","BOSS"],"build_version":"2019-01-23","purchased_purges":1,"victory":false,"max_hp_per_floor":[77,77,77,77,77,77,77,77,77,77,77,77,77,77,77,77],"card_choices":[{"not_picked":["Blade Dance","Deflect"],"picked":"Catalyst","floor":1},{"not_picked":["Flechettes","Bouncing Flask"],"picked":"Deadly Poison","floor":3},{"not_picked":["Infinite Blades","Terror"],"picked":"Flying Knee","floor":5},{"not_picked":["Deadly Poison","Venomology"],"picked":"Dodge and Roll","floor":7},{"not_picked":["Reflex","Slice"],"picked":"Bane","floor":12},{"not_picked":["Underhanded Strike","Outmaneuver","Calculated Gamble"],"picked":"SKIP","floor":13},{"not_picked":["Acrobatics","Calculated Gamble"],"picked":"Poisoned Stab","floor":14}],"player_experience":11472,"relics_obtained":[{"floor":7,"key":"Sundial"},{"floor":9,"key":"MawBank"}],"event_choices":[{"damage_healed":0,"gold_gain":0,"player_choice":"Got Potions","damage_taken":0,"max_hp_gain":0,"max_hp_loss":0,"event_name":"Lab","floor":2,"gold_loss":0},{"cards_removed":["Defend_G"],"damage_healed":0,"gold_gain":0,"player_choice":"Purged","damage_taken":0,"max_hp_gain":0,"max_hp_loss":0,"event_name":"Purifier","floor":10,"gold_loss":0}],"is_beta":false,"boss_relics":[],"items_purged_floors":[4],"is_endless":false,"potions_floor_spawned":[3,7,12,14],"killed_by":"Slime Boss","ascension_level":0}