{"gold_per_floor":[118,118,132,193,243,243,272,284,309,339,351,368,368,384,384,384],"floor_reached":16,"playtime":809,"items_purged":[],"score":211,"play_id":"84b8dca5-f9a9-4846-aa81-9a32e855298b","local_time":"20190106015150","is_ascension_mode":true,"campfire_choices":[{"data":"Wild Strike","floor":6,"key":"SMITH"},{"floor":13,"key":"REST"},{"data":"Limit Break","floor":15,"key":"SMITH"}],"neow_cost":"NONE","seed_source_timestamp":5097316794169,"circlet_count":0,"master_deck":["AscendersBane","Strike_R","Strike_R","Strike_R","Strike_R","Strike_R","Defend_R","Defend_R","Defend_R","Defend_R","Bash","Thunderclap","Wild Strike+1","Inflame","Limit Break+1","Battle Trance","Carnage"],"special_seed":0,"relics":["Burning Blood","Regal Pillow","SsserpentHead","Smiling Mask","Lantern","Omamori"],"potions_floor_usage":[10,10,11,12],"damage_taken":[{"damage":7.0,"enemies":"Jaw Worm","floor":1.0,"turns":3.0},{"damage":2.0,"enemies":"Cultist","floor":3.0,"turns":4.0},{"damage":5,"enemies":"Small Slimes","floor":4,"turns":3},{"damage":50,"enemies":"3 Sentries","floor":7,"turns":10},{"damage":13,"enemies":"3 Louse","floor":8,"turns":4},{"damage":15,"enemies":"Lagavulin","floor":10,"turns":5},{"damage":8,"enemies":"Exordium Wildlife","floor":11,"turns":3},{"damage":6,"enemies":"Looter","floor":12,"turns":2},{"damage":6,"enemies":"Lots of Slimes","floor":14,"turns":5},{"damage":52,"enemies":"Hexaghost","floor":16,"turns":7}],"seed_played":"-5472412953333151890","potions_obtained":[{"floor":7,"key":"AttackPotion"},{"floor":8,"key":"LiquidBronze"},{"floor":10,"key":"SneckoOil"},{"floor":11,"key":"Strength Potion"}],"is_trial":false,"path_per_floor":["M","?","M","M","?","R","E","M","T","E","M","M","R","M","R","B"],"character_chosen":"IRONCLAD","items_purchased":[],"campfire_rested":1,"item_purchase_floors":[],"current_hp_per_floor":[67,67,71,72,72,72,28,21,21,12,10,10,47,47,47,0],"gold":384,"neow_bonus":"RANDOM_COMMON_RELIC","is_prod":false,"is_daily":false,"chose_seed":false,"campfire_upgraded":2,"win_rate":0,"timestamp":1546735910,"path_taken":["M","?","M","?","?","R","E","M","T","E","M","M","R","M","R","BOSS"],"build_version":"2019-01-03v4","purchased_purges":0,"victory":false,"max_hp_per_floor":[75,75,75,75,75,75,75,75,75,75,75,75,75,75,75,75],"card_choices":[{"not_picked":["Twin Strike","True Grit"],"picked":"Thunderclap","floor":1.0},{"not_picked":["Rage","Flex"],"picked":"Wild Strike","floor":3.0},{"not_picked":["Warcry","Sever Soul","Clash"],"picked":"SKIP","floor":4},{"not_picked":["Body Slam","Wild Strike"],"picked":"Inflame","floor":7},{"not_picked":["Wild Strike","Perfected Strike"],"picked":"Limit Break","floor":8},{"not_picked":["Twin Strike","Metallicize"],"picked":"Battle Trance","floor":10},{"not_picked":["Sword Boomerang","Sever Soul"],"picked":"Carnage","floor":11},{"not_picked":["Thunderclap","Twin Strike","Burning Pact"],"picked":"SKIP","floor":12},{"not_picked":["Perfected Strike","Flex","Burning Pact"],"picked":"SKIP","floor":14}],"player_experience":738366,"relics_obtained":[{"floor":7,"key":"Smiling Mask"},{"floor":9,"key":"Lantern"},{"floor":10,"key":"Omamori"}],"event_choices":[{"damage_healed":0.0,"max_hp_gain":0.0,"max_hp_loss":0.0,"gold_gain":0.0,"event_name":"FaceTrader","player_choice":"Trade","floor":2.0,"gold_loss":0.0,"damage_taken":0.0,"relics_obtained":["SsserpentHead"]},{"damage_healed":0,"gold_gain":0,"player_choice":"Ignored","damage_taken":0,"max_hp_gain":0,"max_hp_loss":0,"event_name":"Liars Game","floor":5,"gold_loss":0}],"is_beta":false,"boss_relics":[],"items_purged_floors":[],"is_endless":false,"potions_floor_spawned":[7,8,10,11],"killed_by":"Hexaghost","ascension_level":17}