{"gold_per_floor":[117,131,131,56,67,67,96,96,96,96,123,148,181,28,28,104,104,119,134,60,71,71,101,101,1,49,68,68,68,68],"floor_reached":30,"playtime":1980,"items_purged":["Strike_B","Strike_B"],"score":487,"play_id":"23b2ebc8-2c48-4014-98af-ebe9b89e765d","local_time":"20181226183602","is_ascension_mode":true,"campfire_choices":[{"data":"Zap","floor":6.0,"key":"SMITH"},{"floor":10.0,"key":"REST"},{"floor":15.0,"key":"REST"},{"data":"Loop","floor":24.0,"key":"SMITH"},{"data":"Biased Cognition","floor":28.0,"key":"SMITH"},{"data":"Coolheaded","floor":29.0,"key":"SMITH"}],"neow_cost":"PERCENT_DAMAGE","seed_source_timestamp":260632481472705,"circlet_count":0,"master_deck":["AscendersBane","Defend_B+1","Defend_B","Defend_B","Defend_B","Zap+1","Dualcast","Coolheaded+1","Cold Snap+1","Self Repair","Core Surge","Conserve Battery","Doom and Gloom","Echo Form","Conserve Battery","Hologram","Loop+1","Biased Cognition+1","Hologram"],"special_seed":0,"relics":["Cracked Core","WingedGreaves","Calipers","Ornamental Fan","Potion Belt","DataDisk","Orichalcum","Strawberry","Empty Cage","Meat on the Bone","Blood Vial"],"potions_floor_usage":[30,30,30],"damage_taken":[{"damage":7.0,"enemies":"Jaw Worm","floor":1.0,"turns":4.0},{"damage":0.0,"enemies":"Cultist","floor":2.0,"turns":4.0},{"damage":11.0,"enemies":"2 Louse","floor":5.0,"turns":4.0},{"damage":13.0,"enemies":"Gremlin Nob","floor":7.0,"turns":5.0},{"damage":17.0,"enemies":"3 Sentries","floor":11.0,"turns":8.0},{"damage":18.0,"enemies":"Gremlin Nob","floor":13.0,"turns":4.0},{"damage":28.0,"enemies":"Hexaghost","floor":16.0,"turns":12.0},{"damage":12.0,"enemies":"3 Byrds","floor":18.0,"turns":2.0},{"damage":12.0,"enemies":"Spheric Guardian","floor":19.0,"turns":6.0},{"damage":10.0,"enemies":"Centurion and Healer","floor":21.0,"turns":9.0},{"damage":16.0,"enemies":"Book of Stabbing","floor":23.0,"turns":6.0},{"damage":13.0,"enemies":"Cultist and Chosen","floor":27.0,"turns":7.0},{"damage":74,"enemies":"Slavers","floor":30,"turns":4}],"seed_played":"1529090814856250651","potions_obtained":[{"floor":1.0,"key":"Ancient Potion"},{"floor":7.0,"key":"PowerPotion"},{"floor":13.0,"key":"SteroidPotion"},{"floor":16.0,"key":"LiquidBronze"},{"floor":18.0,"key":"LiquidBronze"},{"floor":23.0,"key":"Swift Potion"},{"floor":27.0,"key":"Regen Potion"}],"is_trial":false,"path_per_floor":["M","M","?","$","M","R","E","?","T","R","E","T","E","$","R","B",null,"M","M","$","M","?","E","R","$","T","M","R","R","E"],"character_chosen":"DEFECT","items_purchased":["Strawberry","Loop"],"campfire_rested":2,"item_purchase_floors":[14,20],"current_hp_per_floor":[53,53,48,48,37,37,31,5,5,30,20,20,9,16,43,22,75,63,65,65,69,69,60,60,60,60,56,56,56,0],"gold":68,"neow_bonus":"TWENTY_PERCENT_HP_BONUS","is_prod":false,"is_daily":false,"chose_seed":false,"campfire_upgraded":4,"win_rate":0,"timestamp":1545845762,"path_taken":["M","M","?","$","M","R","E","?","T","R","E","?","E","$","R","BOSS","M","M","?","?","?","E","R","$","T","M","R","R","E"],"build_version":"2018-12-20","purchased_purges":2,"victory":false,"max_hp_per_floor":[85,85,85,85,85,85,85,85,85,85,85,85,85,92,92,92,92,92,92,92,92,92,92,92,92,92,92,92,92,92],"card_choices":[{"not_picked":["Scrape","Barrage"],"picked":"Coolheaded","floor":1.0},{"not_picked":["Conserve Battery","Capacitor"],"picked":"Cold Snap","floor":2.0},{"not_picked":["Gash","Turbo"],"picked":"Self Repair","floor":5.0},{"not_picked":["Sweeping Beam","Turbo"],"picked":"Core Surge","floor":7.0},{"not_picked":["Gash","FTL"],"picked":"Conserve Battery","floor":11.0},{"not_picked":["Compile Driver","Chaos"],"picked":"Doom and Gloom","floor":13.0},{"not_picked":["Fission","Machine Learning"],"picked":"Echo Form","floor":16.0},{"not_picked":["Leap","Cold Snap"],"picked":"Conserve Battery","floor":18.0},{"not_picked":["Cold Snap","Barrage"],"picked":"Hologram","floor":19.0},{"not_picked":["Streamline+1","Aggregate"],"picked":"Biased Cognition","floor":21.0},{"not_picked":["Storm","Static Discharge","Steam Power"],"picked":"SKIP","floor":23.0},{"not_picked":["Turbo","Sweeping Beam"],"picked":"Hologram","floor":27.0}],"player_experience":681156,"relics_obtained":[{"floor":7.0,"key":"Calipers"},{"floor":9.0,"key":"Ornamental Fan"},{"floor":11.0,"key":"Potion Belt"},{"floor":12.0,"key":"DataDisk"},{"floor":13.0,"key":"Orichalcum"},{"floor":23.0,"key":"Meat on the Bone"},{"floor":26.0,"key":"Blood Vial"}],"event_choices":[{"damage_healed":0.0,"max_hp_gain":0.0,"max_hp_loss":0.0,"gold_gain":0.0,"event_name":"Scrap Ooze","player_choice":"Success","floor":3.0,"gold_loss":0.0,"damage_taken":5.0,"relics_obtained":["WingedGreaves"]},{"damage_healed":0.0,"max_hp_gain":0.0,"max_hp_loss":0.0,"gold_gain":0.0,"event_name":"Shining Light","player_choice":"Entered Light","floor":8.0,"gold_loss":0.0,"damage_taken":26.0,"cards_upgraded":["Cold Snap","Defend_B"]},{"damage_healed":0.0,"max_hp_gain":0.0,"max_hp_loss":0.0,"gold_gain":0.0,"event_name":"Vampires","player_choice":"Ignored","floor":22.0,"gold_loss":0.0,"damage_taken":0.0}],"is_beta":false,"boss_relics":[{"not_picked":["Eternal Feather","Cursed Key"],"picked":"Empty Cage"}],"items_purged_floors":[4,25],"is_endless":false,"potions_floor_spawned":[1,7,13,16,18,23,27],"killed_by":"Slavers","ascension_level":15}