{"gold_per_floor":[112,112,10,35,35,76,96,119,172,213,213,213,213,237,237,365,365,390,390,141,165,181,220,241,276,301,301,1,19,34,48,48,48],"floor_reached":33,"playtime":1325,"items_purged":["Strike_R"],"score":374,"play_id":"1bc82d96-5e00-45f0-9a05-27d82f48ab33","local_time":"20190202113433","is_ascension_mode":false,"campfire_choices":[{"data":"Bash","floor":11,"key":"SMITH"},{"data":"Heavy Blade","floor":15,"key":"SMITH"},{"floor":27,"key":"REST"},{"floor":32,"key":"REST"}],"neow_cost":"NONE","seed_source_timestamp":464869670094482,"circlet_count":0,"master_deck":["Strike_R","Strike_R","Strike_R","Strike_R","Defend_R","Defend_R","Defend_R","Defend_R","Bash+1","Armaments","Flame Barrier","Clothesline","Double Tap","Flame Barrier","Heavy Blade+1","Power Through","Feed","Reaper","Shrug It Off","Bludgeon","Perfected Strike","Body Slam+1","Limit Break","Shrug It Off","Spot Weakness","Armaments+1"],"relics":["Burning Blood","NeowsBlessing","Golden Idol","Paper Frog","Bronze Scales","Bag of Marbles","Torii","Vajra","Runic Pyramid","Molten Egg 2","Singing Bowl","Pen Nib","Ice Cream"],"potions_floor_usage":[10,14,21,21,22,25,30,33],"damage_taken":[{"damage":0,"enemies":"Small Slimes","floor":1,"turns":1},{"damage":0,"enemies":"Jaw Worm","floor":4,"turns":1},{"damage":0,"enemies":"Lagavulin","floor":6,"turns":1},{"damage":0,"enemies":"Cultist","floor":7,"turns":2},{"damage":5,"enemies":"Red Slaver","floor":8,"turns":4},{"damage":17,"enemies":"Gremlin Nob","floor":10,"turns":5},{"damage":23,"enemies":"Large Slime","floor":14,"turns":5},{"damage":38,"enemies":"Hexaghost","floor":16,"turns":11},{"damage":6,"enemies":"Chosen","floor":18,"turns":4},{"damage":0,"enemies":"2 Thieves","floor":21,"turns":4},{"damage":28,"enemies":"Centurion and Healer","floor":22,"turns":5},{"damage":31,"enemies":"Slavers","floor":23,"turns":6},{"damage":17,"enemies":"3 Cultists","floor":24,"turns":5},{"damage":21,"enemies":"Book of Stabbing","floor":25,"turns":3},{"damage":40,"enemies":"Sentry and Sphere","floor":29,"turns":7},{"damage":17,"enemies":"Centurion and Healer","floor":30,"turns":6},{"damage":21,"enemies":"Shelled Parasite and Fungi","floor":31,"turns":3},{"damage":60,"enemies":"Champ","floor":33,"turns":8}],"seed_played":"5155226004703539713","potions_obtained":[{"floor":6,"key":"EssenceOfSteel"},{"floor":10,"key":"SteroidPotion"},{"floor":18,"key":"Fire Potion"},{"floor":23,"key":"Ancient Potion"},{"floor":24,"key":"AttackPotion"},{"floor":29,"key":"EssenceOfSteel"}],"is_trial":false,"path_per_floor":["M","?","$","M","$","E","M","M","T","E","R","T","?","M","R","B",null,"M","?","$","M","M","E","M","E","T","R","$","M","M","M","R","B"],"character_chosen":"IRONCLAD","items_purchased":["Flame Barrier","Clothesline","Block Potion","Strength Potion","Bludgeon","Ice Cream"],"campfire_rested":2,"item_purchase_floors":[3,3,20,20,20,28],"current_hp_per_floor":[80,80,80,80,80,80,80,80,80,69,69,69,69,52,52,20,80,84,84,84,88,66,44,36,21,21,49,49,19,23,13,44,0],"gold":48,"neow_bonus":"THREE_ENEMY_KILL","is_prod":false,"is_daily":false,"chose_seed":false,"campfire_upgraded":2,"win_rate":0,"timestamp":1549125273,"path_taken":["M","?","$","M","$","E","M","M","T","E","R","?","?","M","R","BOSS","M","?","$","M","M","E","M","E","T","R","?","M","?","M","R","BOSS"],"build_version":"2019-01-23","purchased_purges":1,"victory":false,"max_hp_per_floor":[80,80,80,80,80,80,80,80,80,80,80,80,80,80,80,80,80,84,84,84,88,88,91,94,94,94,94,94,98,101,106,106,106],"card_choices":[{"not_picked":["Ghostly Armor","Blood for Blood"],"picked":"Armaments","floor":1},{"not_picked":["Carnage","Sword Boomerang","Anger"],"picked":"SKIP","floor":4},{"not_picked":["Havoc","Thunderclap"],"picked":"Double Tap","floor":6},{"not_picked":["Rupture","Evolve"],"picked":"Flame Barrier","floor":7},{"not_picked":["Uppercut","Twin Strike"],"picked":"Heavy Blade","floor":8},{"not_picked":["Clothesline","Armaments"],"picked":"Power Through","floor":10},{"not_picked":["Pommel Strike","Evolve"],"picked":"Feed","floor":14},{"not_picked":["Bludgeon","Offering"],"picked":"Reaper","floor":16},{"not_picked":["Wild Strike","Clothesline+1"],"picked":"Shrug It Off","floor":18},{"not_picked":["Body Slam","Warcry+1"],"picked":"Perfected Strike","floor":21},{"not_picked":["Havoc","Twin Strike","Burning Pact+1"],"picked":"SKIP","floor":22},{"not_picked":["Flex","Feel No Pain+1"],"picked":"Body Slam","floor":23},{"not_picked":["Perfected Strike+1","Dual Wield+1"],"picked":"Limit Break","floor":24},{"not_picked":["Rupture","Clash+1"],"picked":"Shrug It Off","floor":25},{"not_picked":["Flex+1","Clothesline+1"],"picked":"Spot Weakness","floor":29},{"not_picked":["Body Slam+1","Disarm+1"],"picked":"Armaments+1","floor":30},{"not_picked":["Clothesline+1","Evolve+1","Second Wind+1"],"picked":"Singing Bowl","floor":31}],"player_experience":36624,"relics_obtained":[{"floor":6,"key":"Paper Frog"},{"floor":9,"key":"Bronze Scales"},{"floor":10,"key":"Bag of Marbles"},{"floor":12,"key":"Torii"},{"floor":23,"key":"Molten Egg 2"},{"floor":25,"key":"Singing Bowl"},{"floor":26,"key":"Pen Nib"}],"event_choices":[{"damage_healed":0,"gold_gain":0,"player_choice":"Take Wound","damage_taken":0,"relics_obtained":["Golden Idol"],"max_hp_gain":0,"max_hp_loss":0,"event_name":"Golden Idol","floor":2,"gold_loss":0,"cards_obtained":["Injury"]},{"damage_healed":0,"gold_gain":0,"player_choice":"Box","damage_taken":0,"relics_obtained":["Vajra"],"max_hp_gain":0,"max_hp_loss":0,"event_name":"Big Fish","floor":13,"gold_loss":0,"cards_obtained":["Regret"]},{"cards_removed":["Regret","Injury"],"damage_healed":0,"gold_gain":0,"player_choice":"Removed Curses","damage_taken":0,"max_hp_gain":0,"max_hp_loss":0,"event_name":"Fountain of Cleansing","floor":19,"gold_loss":0}],"is_beta":false,"boss_relics":[{"not_picked":["Coffee Dripper","Calling Bell"],"picked":"Runic Pyramid"}],"items_purged_floors":[20],"is_endless":false,"potions_floor_spawned":[6,10,18,23,24,29],"killed_by":"Champ","ascension_level":0}