{"gold_per_floor":[111,124,143,143,143,143,169,184,184,211,227,257,274,290,290,290],"floor_reached":16,"playtime":1345,"items_purged":[],"score":149,"play_id":"30391a72-5012-4399-bbf2-b9ead814e269","local_time":"20190202160238","is_ascension_mode":true,"campfire_choices":[{"data":"Neutralize","floor":6,"key":"SMITH"},{"data":"Cloak And Dagger","floor":15,"key":"SMITH"}],"neow_cost":"NONE","seed_source_timestamp":316822754878084,"circlet_count":0,"master_deck":["Defend_G+1","Defend_G","Defend_G","Defend_G","Defend_G","Strike_G","Strike_G","Strike_G","Strike_G","Strike_G","Survivor+1","Neutralize+1","Dagger Spray","Infinite Blades","Cloak And Dagger+1","Flying Knee","PiercingWail","Poisoned Stab","Leg Sweep","Corpse Explosion+1","Footwork","Crippling Poison+1"],"relics":["Ring of the Snake","War Paint","Meat on the Bone","Letter Opener","Snake Skull","Toxic Egg 2"],"potions_floor_usage":[7,12,12],"damage_taken":[{"damage":2,"enemies":"2 Louse","floor":1,"turns":3},{"damage":4,"enemies":"Jaw Worm","floor":2,"turns":5},{"damage":1,"enemies":"Cultist","floor":3,"turns":4},{"damage":16,"enemies":"Gremlin Nob","floor":7,"turns":5},{"damage":3,"enemies":"Blue Slaver","floor":8,"turns":5},{"damage":6,"enemies":"3 Sentries","floor":10,"turns":6},{"damage":2,"enemies":"3 Louse","floor":11,"turns":4},{"damage":22,"enemies":"Lagavulin","floor":12,"turns":6},{"damage":3,"enemies":"Looter","floor":13,"turns":3},{"damage":0,"enemies":"Blue Slaver","floor":14,"turns":3},{"damage":43,"enemies":"Slime Boss","floor":16,"turns":6}],"seed_played":"-1625045565482811513","potions_obtained":[{"floor":0,"key":"Strength Potion"},{"floor":0,"key":"Weak Potion"},{"floor":0,"key":"Poison Potion"},{"floor":8,"key":"Weak Potion"},{"floor":14,"key":"EssenceOfSteel"}],"is_trial":false,"path_per_floor":["M","M","M","?","T","R","E","M","T","E","M","E","M","M","R","B"],"character_chosen":"THE_SILENT","items_purchased":[],"campfire_rested":0,"item_purchase_floors":[],"current_hp_per_floor":[68,64,63,68,68,68,52,49,49,43,41,31,40,40,40,0],"gold":290,"neow_bonus":"THREE_SMALL_POTIONS","is_prod":false,"is_daily":false,"chose_seed":false,"campfire_upgraded":2,"win_rate":0,"timestamp":1549144958,"path_taken":["M","M","M","?","?","R","E","M","T","E","?","E","M","M","R","BOSS"],"build_version":"2019-01-23","purchased_purges":0,"victory":false,"max_hp_per_floor":[70,70,70,75,75,75,75,75,75,75,75,75,75,75,75,75],"card_choices":[{"not_picked":["Deadly Poison","Sucker Punch"],"picked":"Dagger Spray","floor":1},{"not_picked":["Riddle With Holes","Bane"],"picked":"Infinite Blades","floor":2},{"not_picked":["Dagger Spray","Dash"],"picked":"Cloak And Dagger","floor":3},{"not_picked":["Outmaneuver","Deflect"],"picked":"Flying Knee","floor":7},{"not_picked":["Blade Dance","Acrobatics"],"picked":"PiercingWail","floor":8},{"not_picked":["Dagger Spray","Terror"],"picked":"Poisoned Stab","floor":10},{"not_picked":["Terror","Predator"],"picked":"Leg Sweep","floor":11},{"not_picked":["Deflect","Dodge and Roll"],"picked":"Corpse Explosion","floor":12},{"not_picked":["PiercingWail+1","All Out Attack"],"picked":"Footwork","floor":13},{"not_picked":["Bane","Burst+1"],"picked":"Crippling Poison+1","floor":14}],"player_experience":443298,"relics_obtained":[{"floor":5,"key":"War Paint"},{"floor":7,"key":"Meat on the Bone"},{"floor":9,"key":"Letter Opener"},{"floor":10,"key":"Snake Skull"},{"floor":12,"key":"Toxic Egg 2"}],"event_choices":[{"damage_healed":0,"gold_gain":0,"player_choice":"Donut","damage_taken":0,"max_hp_gain":5,"max_hp_loss":0,"event_name":"Big Fish","floor":4,"gold_loss":0}],"is_beta":false,"boss_relics":[],"items_purged_floors":[],"is_endless":false,"potions_floor_spawned":[3,8,10,11,14],"killed_by":"Slime Boss","ascension_level":4}