{"gold_per_floor":[111,9,19,35,50,109,109,135,183,199,219,247,264,280,280,358,358,377,377,377,76,76,105,105,131,131,165,179,0,16,35,35,107,107,127,140,140,153,165,165,197,197,245,245],"floor_reached":44,"playtime":4424,"items_purged":["Strike_R","Strike_R+1"],"score":1001,"play_id":"4346a5ec-6e93-40c7-9c64-2839b2b2539f","local_time":"20190117182603","is_ascension_mode":true,"campfire_choices":[{"data":"Uppercut","floor":7.0,"key":"SMITH"},{"data":"Disarm","floor":15,"key":"SMITH"},{"floor":24,"key":"REST"},{"floor":32,"key":"REST"},{"floor":40,"key":"REST"},{"floor":42,"key":"REST"}],"neow_cost":"PERCENT_DAMAGE","seed_source_timestamp":173658246064600,"circlet_count":0,"master_deck":["AscendersBane","Strike_R+1","Strike_R+1","Defend_R+1","Defend_R+1","Defend_R+1","Defend_R+1","Bash","Armaments","True Grit","Clothesline","Disarm+1","Uppercut+1","Headbutt","Corruption","Shockwave","Offering","Shrug It Off+1","Disarm","Rupture","Evolve+1","Offering","Inflame","Barricade","Parasite","Metallicize"],"special_seed":0,"relics":["Burning Blood","Incense Burner","Tiny Chest","Pear","Anchor","Orichalcum","Fusion Hammer","Membership Card","Mercury Hourglass","The Courier","Matryoshka","Regal Pillow","Black Star","Vajra","Mummified Hand","Blue Candle","Blood Vial"],"potions_floor_usage":[16,20,20,23,23,33,33,33,38,44],"damage_taken":[{"damage":1.0,"enemies":"Cultist","floor":1.0,"turns":4.0},{"damage":3.0,"enemies":"2 Louse","floor":3.0,"turns":5.0},{"damage":1.0,"enemies":"Small Slimes","floor":4.0,"turns":5.0},{"damage":4.0,"enemies":"Looter","floor":5.0,"turns":5.0},{"damage":36.0,"enemies":"3 Sentries","floor":6.0,"turns":13.0},{"damage":10.0,"enemies":"Gremlin Nob","floor":8.0,"turns":4.0},{"damage":1.0,"enemies":"Blue Slaver","floor":10.0,"turns":4.0},{"damage":0.0,"enemies":"Exordium Wildlife","floor":11.0,"turns":6.0},{"damage":7.0,"enemies":"Lagavulin","floor":12.0,"turns":9.0},{"damage":9,"enemies":"Large Slime","floor":13,"turns":9},{"damage":5,"enemies":"Blue Slaver","floor":14,"turns":4},{"damage":17,"enemies":"The Guardian","floor":16,"turns":15},{"damage":4,"enemies":"3 Byrds","floor":18,"turns":8},{"damage":20,"enemies":"Colosseum Slavers","floor":20,"turns":4},{"damage":4,"enemies":"Gremlin Leader","floor":23,"turns":6},{"damage":6,"enemies":"Book of Stabbing","floor":25,"turns":7},{"damage":12,"enemies":"Gremlin Leader","floor":27,"turns":10},{"damage":17,"enemies":"Spheric Guardian","floor":28,"turns":4},{"damage":0,"enemies":"Snake Plant","floor":30,"turns":6},{"damage":12,"enemies":"Snecko","floor":31,"turns":4},{"damage":60,"enemies":"Automaton","floor":33,"turns":13},{"damage":31,"enemies":"3 Darklings","floor":35,"turns":12},{"damage":12,"enemies":"Orb Walker","floor":36,"turns":5},{"damage":12,"enemies":"Writhing Mass","floor":38,"turns":8},{"damage":21,"enemies":"Sphere and 2 Shapes","floor":39,"turns":7},{"damage":7,"enemies":"Nemesis","floor":41,"turns":17},{"damage":85,"enemies":"Reptomancer","floor":44,"turns":3}],"seed_played":"-3316521217185375533","potions_obtained":[{"floor":3.0,"key":"GamblersBrew"},{"floor":11.0,"key":"EssenceOfSteel"},{"floor":12.0,"key":"PowerPotion"},{"floor":13,"key":"Swift Potion"},{"floor":18,"key":"Fire Potion"},{"floor":28,"key":"Energy Potion"},{"floor":35,"key":"Swift Potion"},{"floor":41,"key":"Ancient Potion"}],"is_trial":false,"path_per_floor":["M","$","M","M","M","E","R","E","T","M","M","E","M","M","R","B",null,"M","?","?","$","?","E","R","E","T","E","M","$","M","M","R","B",null,"M","M","?","M","M","R","E","R","T","E"],"character_chosen":"IRONCLAD","items_purchased":["AttackPotion","True Grit","Membership Card","Regen Potion","PowerPotion","Offering","Inflame","EntropicBrew"],"campfire_rested":4,"item_purchase_floors":[2,2,21,21,21,29,29,29],"current_hp_per_floor":[55,55,58,63,65,35,35,41,41,46,52,51,48,49,49,38,73,75,75,61,61,61,78,85,85,85,79,68,68,74,68,85,31,72,47,41,41,35,20,60,59,85,85,0],"gold":245,"neow_bonus":"ONE_RARE_RELIC","is_prod":false,"is_daily":false,"chose_seed":false,"campfire_upgraded":2,"win_rate":0,"timestamp":1547745963,"path_taken":["M","$","M","M","M","E","R","E","T","M","M","E","M","?","R","BOSS","M","?","?","$","?","E","R","E","T","E","M","$","M","M","R","BOSS","M","M","?","M","M","R","E","R","T","E"],"build_version":"2019-01-10","purchased_purges":2,"victory":false,"max_hp_per_floor":[75,75,75,75,75,75,75,85,85,85,85,85,85,85,85,85,85,85,85,85,85,85,85,85,85,85,85,85,85,85,85,85,85,85,85,85,85,85,85,85,85,85,85,85],"card_choices":[{"not_picked":["Pommel Strike","Havoc"],"picked":"Armaments","floor":1.0},{"not_picked":["Havoc","Ghostly Armor"],"picked":"Clothesline","floor":3.0},{"not_picked":["Perfected Strike","Reckless Charge","Ghostly Armor"],"picked":"SKIP","floor":4.0},{"not_picked":["Searing Blow","Pummel"],"picked":"Disarm","floor":5.0},{"not_picked":["Dual Wield","Searing Blow"],"picked":"Uppercut","floor":6.0},{"not_picked":["Heavy Blade","Armaments"],"picked":"Headbutt","floor":8.0},{"not_picked":["Sever Soul","Carnage","Bloodletting"],"picked":"SKIP","floor":10.0},{"not_picked":["Wild Strike","Pummel"],"picked":"Corruption","floor":11.0},{"not_picked":["Intimidate","Thunderclap","Headbutt"],"picked":"SKIP","floor":12.0},{"not_picked":["Intimidate","Dropkick","Clash"],"picked":"SKIP","floor":13},{"not_picked":["Iron Wave","Anger"],"picked":"Shockwave","floor":14},{"not_picked":["Berserk","Fiend Fire"],"picked":"Offering","floor":16},{"not_picked":["Clothesline","Warcry"],"picked":"Shrug It Off+1","floor":18},{"not_picked":["Perfected Strike","Shrug It Off"],"picked":"Disarm","floor":23},{"not_picked":["Headbutt","Pommel Strike","Anger+1"],"picked":"SKIP","floor":25},{"not_picked":["Heavy Blade","Combust"],"picked":"Rupture","floor":27},{"not_picked":["Pommel Strike","Power Through"],"picked":"Evolve+1","floor":28},{"not_picked":["Armaments","Sever Soul","Clothesline"],"picked":"SKIP","floor":30},{"not_picked":["Infernal Blade+1","Intimidate","Reckless Charge"],"picked":"SKIP","floor":31},{"not_picked":["Fiend Fire","Berserk"],"picked":"Barricade","floor":33},{"not_picked":["Searing Blow+1","Wild Strike","Cleave"],"picked":"SKIP","floor":35},{"not_picked":["Warcry","Blood for Blood","Thunderclap"],"picked":"SKIP","floor":36},{"not_picked":["Hemokinesis+1","Thunderclap","Anger"],"picked":"SKIP","floor":38},{"not_picked":["Warcry","Thunderclap"],"picked":"Metallicize","floor":39},{"not_picked":["Pommel Strike","Fire Breathing","Cleave"],"picked":"SKIP","floor":41}],"player_experience":913439,"relics_obtained":[{"floor":6.0,"key":"Tiny Chest"},{"floor":8.0,"key":"Pear"},{"floor":9.0,"key":"Anchor"},{"floor":12.0,"key":"Orichalcum"},{"floor":23,"key":"Mercury Hourglass"},{"floor":25,"key":"The Courier"},{"floor":26,"key":"Matryoshka"},{"floor":27,"key":"Regal Pillow"},{"floor":41,"key":"Vajra"},{"floor":41,"key":"Mummified Hand"},{"floor":43,"key":"Blue Candle"},{"floor":43,"key":"Blood Vial"}],"event_choices":[{"damage_healed":0,"gold_gain":0,"player_choice":"Ignored","damage_taken":0,"max_hp_gain":0,"max_hp_loss":0,"event_name":"Ghosts","floor":19,"gold_loss":0},{"damage_healed":0,"gold_gain":0,"player_choice":"Fight","damage_taken":0,"max_hp_gain":0,"max_hp_loss":0,"event_name":"Colosseum","floor":20,"gold_loss":0},{"damage_healed":0,"gold_gain":0,"player_choice":"Fled From Nobs","damage_taken":0,"max_hp_gain":0,"max_hp_loss":0,"event_name":"Colosseum","floor":20,"gold_loss":0},{"damage_healed":0,"gold_gain":0,"player_choice":"Simplicity","damage_taken":0,"max_hp_gain":0,"max_hp_loss":0,"event_name":"Back to Basics","floor":22,"gold_loss":0,"cards_upgraded":["Strike_R","Strike_R","Strike_R","Strike_R","Defend_R","Defend_R","Defend_R","Defend_R"]},{"cards_removed":["Strike_R"],"damage_healed":0,"gold_gain":0,"player_choice":"Removed Attack","damage_taken":0,"max_hp_gain":0,"max_hp_loss":0,"event_name":"Falling","floor":37,"gold_loss":0}],"is_beta":false,"boss_relics":[{"not_picked":["White Beast Statue","Tiny House"],"picked":"Fusion Hammer"},{"not_picked":["Runic Cube","Busted Crown"],"picked":"Black Star"}],"items_purged_floors":[21,29],"is_endless":false,"potions_floor_spawned":[3,5,6,11,12,13,14,18,20,28,31,35,41],"killed_by":"Reptomancer","ascension_level":15}