{"gold_per_floor":[119,137,137,155,169,195,195,225,296,296,312,340,6,6,6,111,111,128,112,52,64,64,64,64,76,76,76],"floor_reached":27,"playtime":2313,"items_purged":["Strike_G+1"],"score":268,"play_id":"bef378f8-0011-4b45-bbea-9a3971baf8fa","local_time":"20190203143402","is_ascension_mode":true,"campfire_choices":[{"data":"Burst","floor":7,"key":"SMITH"},{"floor":10,"key":"REST"},{"data":"After Image","floor":15,"key":"SMITH"},{"data":"RitualDagger","floor":23,"key":"SMITH"}],"neow_cost":"NONE","seed_source_timestamp":177678797532937,"circlet_count":0,"master_deck":["Defend_G","Defend_G","Defend_G","Defend_G","Defend_G","Strike_G+1","Survivor","Neutralize","Cloak And Dagger","Quick Slash","Cloak And Dagger","Blur","Burst+1","Accuracy","PiercingWail","Dagger Throw","Dodge and Roll","Footwork","Accuracy","Infinite Blades","Accuracy","After Image+1","Tools of the Trade","After Image+1","Die Die Die+1","Bane+1","Deadly Poison","Finisher","Dodge and Roll","RitualDagger+1","RitualDagger+1","Caltrops"],"relics":["Ring of the Snake","Pantograph","Unceasing Top","The Courier","Odd Mushroom","Astrolabe","Girya"],"potions_floor_usage":[6,6,8],"damage_taken":[{"damage":0,"enemies":"Small Slimes","floor":1,"turns":3},{"damage":0,"enemies":"2 Louse","floor":2,"turns":3},{"damage":0,"enemies":"Jaw Worm","floor":4,"turns":3},{"damage":0,"enemies":"Looter","floor":5,"turns":4},{"damage":19,"enemies":"Lagavulin","floor":6,"turns":9},{"damage":11,"enemies":"Gremlin Nob","floor":8,"turns":5},{"damage":3,"enemies":"3 Louse","floor":11,"turns":4},{"damage":8,"enemies":"The Mushroom Lair","floor":12,"turns":7},{"damage":22,"enemies":"Hexaghost","floor":16,"turns":11},{"damage":11,"enemies":"Shell Parasite","floor":18,"turns":7},{"damage":13,"enemies":"2 Thieves","floor":19,"turns":4},{"damage":1,"enemies":"Shelled Parasite and Fungi","floor":21,"turns":11},{"damage":18,"enemies":"Sentry and Sphere","floor":25,"turns":14},{"damage":27,"enemies":"Slavers","floor":27,"turns":1}],"seed_played":"-7003758566742031241","potions_obtained":[{"floor":1,"key":"GhostInAJar"},{"floor":2,"key":"Energy Potion"},{"floor":4,"key":"SteroidPotion"},{"floor":12,"key":"AttackPotion"}],"is_trial":false,"path_per_floor":["M","M","?","M","M","E","R","E","T","R","M","?","$","?","R","B",null,"M","M","$","M","?","R","?","M","T","E"],"character_chosen":"THE_SILENT","items_purchased":["Footwork","Accuracy","Infinite Blades","Accuracy","After Image"],"campfire_rested":1,"item_purchase_floors":[13,13,13,13,13],"current_hp_per_floor":[70,70,56,56,56,37,37,26,26,47,44,36,36,41,41,44,75,64,51,51,50,44,44,44,26,26,0],"gold":76,"neow_bonus":"THREE_CARDS","is_prod":false,"is_daily":false,"chose_seed":false,"campfire_upgraded":3,"win_rate":0,"timestamp":1549200842,"path_taken":["M","M","?","M","M","E","R","E","T","R","M","?","$","?","R","BOSS","M","M","$","M","?","R","?","M","T","E"],"build_version":"2019-01-23","purchased_purges":1,"victory":false,"max_hp_per_floor":[70,70,70,70,70,70,70,70,70,70,70,70,70,75,75,75,75,75,75,75,75,75,75,75,75,75,75],"card_choices":[{"not_picked":["Infinite Blades","Catalyst"],"picked":"Cloak And Dagger","floor":0},{"not_picked":["Caltrops","Dagger Spray"],"picked":"Quick Slash","floor":1},{"not_picked":["All Out Attack","Bane"],"picked":"Cloak And Dagger","floor":2},{"not_picked":["Slice","Endless Agony"],"picked":"Blur","floor":4},{"not_picked":["Prepared","Escape Plan"],"picked":"Burst","floor":5},{"not_picked":["Finisher","Adrenaline"],"picked":"Accuracy","floor":6},{"not_picked":["Slice","Blade Dance"],"picked":"PiercingWail","floor":8},{"not_picked":["Underhanded Strike","Poisoned Stab"],"picked":"Dagger Throw","floor":11},{"not_picked":["Poisoned Stab","Endless Agony"],"picked":"Dodge and Roll","floor":12},{"not_picked":["Burst","After Image"],"picked":"Tools of the Trade","floor":16},{"not_picked":["Dagger Spray","Deflect"],"picked":"Deadly Poison","floor":18},{"not_picked":["Blade Dance","Underhanded Strike"],"picked":"Finisher","floor":19},{"not_picked":["Prepared","Bane"],"picked":"Dodge and Roll","floor":21},{"not_picked":["Bane","Prepared"],"picked":"Caltrops","floor":25}],"player_experience":517976,"relics_obtained":[{"floor":6,"key":"Pantograph"},{"floor":8,"key":"Unceasing Top"},{"floor":9,"key":"The Courier"},{"floor":12,"key":"Odd Mushroom"},{"floor":26,"key":"Girya"}],"event_choices":[{"damage_healed":0,"gold_gain":0,"player_choice":"Entered Light","damage_taken":14,"max_hp_gain":0,"max_hp_loss":0,"event_name":"Shining Light","floor":3,"gold_loss":0,"cards_upgraded":["Strike_G","Strike_G"]},{"damage_healed":0,"gold_gain":0,"player_choice":"Fought Mushrooms","damage_taken":0,"max_hp_gain":0,"max_hp_loss":0,"event_name":"Mushrooms","floor":12,"gold_loss":0},{"damage_healed":0,"gold_gain":0,"player_choice":"Donut","damage_taken":0,"max_hp_gain":5,"max_hp_loss":0,"event_name":"Big Fish","floor":14,"gold_loss":0},{"damage_healed":0,"gold_gain":0,"player_choice":"Joined the Cult","damage_taken":6,"max_hp_gain":0,"max_hp_loss":0,"event_name":"Nest","floor":22,"gold_loss":0,"cards_obtained":["RitualDagger"]},{"damage_healed":0,"gold_gain":0,"player_choice":"Copied","damage_taken":0,"max_hp_gain":0,"max_hp_loss":0,"event_name":"Duplicator","floor":24,"gold_loss":0,"cards_obtained":["RitualDagger"]}],"is_beta":false,"boss_relics":[{"not_picked":["Ring of the Serpent","Lizard Tail"],"picked":"Astrolabe"}],"items_purged_floors":[20],"is_endless":false,"potions_floor_spawned":[1,2,4,12],"killed_by":"Slavers","ascension_level":4}