{"gold_per_floor":[111,129,140,153,166,166,200,211,237,77,177,25,40,50,50,121,121,137,12,12,26,26,26,52,64,76,13,37,49,61,73,85,171,183,213,238,302,314,23,23,35,35,58,70,85,85,95,112,112,112],"floor_reached":51,"playtime":3430,"items_purged":["Strike_B","Defend_B","Strike_B"],"score":1132,"play_id":"2a474eff-2cf2-4526-a196-ea198549ff57","local_time":"20190203031821","is_ascension_mode":true,"campfire_choices":[{"data":"Streamline","floor":6,"key":"SMITH"},{"data":"Capacitor","floor":15,"key":"SMITH"},{"data":"White Noise","floor":23,"key":"SMITH"},{"data":"Stack","floor":25,"key":"SMITH"},{"floor":32,"key":"REST"},{"floor":40,"key":"REST"},{"data":"Consume","floor":46,"key":"SMITH"},{"floor":49,"key":"REST"}],"neow_cost":"NONE","seed_source_timestamp":876982057482200,"circlet_count":0,"master_deck":["AscendersBane","Defend_B","Zap+1","Dualcast","Leap","Compile Driver","Streamline+1","White Noise+1","Stack+1","Cold Snap","Hologram","Capacitor+1","Hologram","Ball Lightning","Echo Form","Ball Lightning","BootSequence","Tempest","Cold Snap","Barrage","Go for the Eyes","Self Repair","Cold Snap","Double Energy","Blizzard","Consume+1","Turbo","Creative AI","Steam+1"],"relics":["FrozenCore","Bag of Preparation","Potion Belt","White Beast Statue","MawBank","PreservedInsect","Oddly Smooth Stone","Ice Cream","Bronze Scales"],"potions_floor_usage":[7,13,13,16,16,21,24,24,28,33,41,44,48,50,50,50],"damage_taken":[{"damage":1,"enemies":"Cultist","floor":1,"turns":3},{"damage":0,"enemies":"2 Louse","floor":2,"turns":1},{"damage":1,"enemies":"Small Slimes","floor":3,"turns":4},{"damage":12,"enemies":"2 Fungi Beasts","floor":4,"turns":3},{"damage":2,"enemies":"3 Louse","floor":5,"turns":3},{"damage":30,"enemies":"Lagavulin","floor":7,"turns":7},{"damage":8,"enemies":"Large Slime","floor":8,"turns":5},{"damage":0,"enemies":"Gremlin Gang","floor":13,"turns":2},{"damage":4,"enemies":"Red Slaver","floor":14,"turns":3},{"damage":0,"enemies":"Hexaghost","floor":16,"turns":8},{"damage":19,"enemies":"Chosen","floor":18,"turns":5},{"damage":19,"enemies":"Spheric Guardian","floor":21,"turns":4},{"damage":14,"enemies":"Gremlin Leader","floor":24,"turns":7},{"damage":9,"enemies":"Snake Plant","floor":28,"turns":4},{"damage":25,"enemies":"Champ","floor":33,"turns":12},{"damage":30,"enemies":"3 Darklings","floor":35,"turns":8},{"damage":0,"enemies":"3 Shapes","floor":36,"turns":6},{"damage":0,"enemies":"Maw","floor":41,"turns":9},{"damage":3,"enemies":"3 Darklings","floor":44,"turns":5},{"damage":19,"enemies":"4 Shapes","floor":45,"turns":5},{"damage":38,"enemies":"Spire Growth","floor":47,"turns":7},{"damage":9,"enemies":"Transient","floor":48,"turns":5},{"damage":47,"enemies":"Donu and Deca","floor":50,"turns":12}],"seed_played":"1963230134034929222","potions_obtained":[{"floor":1,"key":"Energy Potion"},{"floor":2,"key":"Fire Potion"},{"floor":4,"key":"Poison Potion"},{"floor":8,"key":"SkillPotion"},{"floor":13,"key":"FocusPotion"},{"floor":14,"key":"EssenceOfSteel"},{"floor":18,"key":"Block Potion"},{"floor":21,"key":"PowerPotion"},{"floor":24,"key":"Ancient Potion"},{"floor":28,"key":"Strength Potion"},{"floor":33,"key":"Strength Potion"},{"floor":35,"key":"PowerPotion"},{"floor":36,"key":"Ancient Potion"},{"floor":41,"key":"SteroidPotion"},{"floor":44,"key":"Dexterity Potion"},{"floor":45,"key":"Explosive Potion"},{"floor":48,"key":"SpeedPotion"}],"is_trial":false,"path_per_floor":["M","M","M","M","M","R","E","M","T","$","?","$","M","M","R","B",null,"M","$","?","M","?","R","E","R","T","?","M","?","?","$","R","B",null,"M","M","T","?","$","R","M","?","T","M","M","R","M","M","R","B",null],"character_chosen":"DEFECT","items_purchased":["Capacitor","Hologram","Explosive Potion","Ice Cream"],"campfire_rested":3,"item_purchase_floors":[10,10,12,39],"current_hp_per_floor":[67,67,66,54,52,52,22,14,14,14,14,14,14,10,10,10,59,40,40,40,21,46,46,32,32,32,32,23,23,23,23,45,20,61,31,38,38,38,38,60,67,67,67,75,63,63,39,37,59,12],"gold":112,"neow_bonus":"UPGRADE_CARD","is_prod":false,"is_daily":false,"chose_seed":false,"campfire_upgraded":5,"win_rate":0,"timestamp":1549163901,"path_taken":["M","?","M","M","?","R","E","M","T","$","?","$","?","M","R","BOSS","M","$","?","M","?","R","E","R","T","?","M","?","?","?","R","BOSS","M","?","?","?","$","R","M","?","T","M","M","R","M","M","R","BOSS"],"build_version":"2019-01-23","purchased_purges":3,"victory":true,"max_hp_per_floor":[75,75,75,75,75,75,75,75,75,75,75,75,75,75,75,75,75,75,75,75,75,75,75,75,75,75,75,75,75,75,75,75,75,75,75,75,75,75,75,75,75,75,75,75,75,75,75,75,75,75],"card_choices":[{"not_picked":["Skim","Fusion"],"picked":"Leap","floor":1},{"not_picked":["Barrage","Static Discharge"],"picked":"Compile Driver","floor":2},{"not_picked":["Chill","Recycle"],"picked":"Streamline","floor":3},{"not_picked":["Recycle","Turbo"],"picked":"White Noise","floor":4},{"not_picked":["Melter","Gash"],"picked":"Stack","floor":5},{"not_picked":["Leap","Thunder Strike"],"picked":"Cold Snap","floor":7},{"not_picked":["Hello World","Redo"],"picked":"Hologram","floor":8},{"not_picked":["Steam Power","Beam Cell","Aggregate"],"picked":"SKIP","floor":13},{"not_picked":["Steam","Gash"],"picked":"Ball Lightning","floor":14},{"not_picked":["Multi-Cast","Meteor Strike"],"picked":"Echo Form","floor":16},{"not_picked":["Tempest","Beam Cell"],"picked":"Ball Lightning","floor":18},{"not_picked":["Hologram","Rebound"],"picked":"Cold Snap","floor":21},{"not_picked":["Beam Cell","Streamline"],"picked":"Barrage","floor":24},{"not_picked":["Leap","Conserve Battery"],"picked":"Go for the Eyes","floor":28},{"not_picked":["Leap","Melter"],"picked":"Self Repair","floor":35},{"not_picked":["Compile Driver+1","Stack"],"picked":"Cold Snap","floor":36},{"not_picked":["Turbo","Stack"],"picked":"Double Energy","floor":41},{"not_picked":["Skim","Gash"],"picked":"Consume","floor":44},{"not_picked":["Streamline","Chill"],"picked":"Turbo","floor":45},{"not_picked":["Cold Snap+1","Sweeping Beam"],"picked":"Creative AI","floor":47},{"not_picked":["Redo","Scrape"],"picked":"Steam+1","floor":48}],"player_experience":248490,"relics_obtained":[{"floor":7,"key":"Bag of Preparation"},{"floor":9,"key":"Potion Belt"},{"floor":24,"key":"MawBank"},{"floor":26,"key":"PreservedInsect"},{"floor":37,"key":"Oddly Smooth Stone"},{"floor":43,"key":"Bronze Scales"}],"event_choices":[{"damage_healed":0,"gold_gain":100,"player_choice":"Pray","damage_taken":0,"max_hp_gain":0,"max_hp_loss":0,"event_name":"Golden Shrine","floor":11,"gold_loss":0},{"damage_healed":0,"gold_gain":0,"cards_transformed":["Defend_B","Strike_B"],"player_choice":"Became Test Subject","damage_taken":0,"max_hp_gain":0,"max_hp_loss":0,"event_name":"Drug Dealer","floor":20,"gold_loss":0,"cards_obtained":["BootSequence","Tempest"]},{"damage_healed":25,"gold_gain":0,"player_choice":"Heal","damage_taken":0,"max_hp_gain":0,"max_hp_loss":0,"event_name":"The Library","floor":22,"gold_loss":0},{"cards_removed":["Strike_B"],"damage_healed":0,"gold_gain":0,"player_choice":"Gave Gold","damage_taken":0,"max_hp_gain":0,"max_hp_loss":0,"event_name":"Beggar","floor":27,"gold_loss":75},{"damage_healed":0,"gold_gain":0,"player_choice":"Ignored","damage_taken":0,"max_hp_gain":0,"max_hp_loss":0,"event_name":"Vampires","floor":29,"gold_loss":0},{"damage_healed":0,"gold_gain":0,"player_choice":"Ignored","damage_taken":0,"max_hp_gain":0,"max_hp_loss":0,"event_name":"Ghosts","floor":30,"gold_loss":0},{"damage_healed":0,"gold_gain":0,"player_choice":"Ignored","damage_taken":0,"max_hp_gain":0,"max_hp_loss":0,"event_name":"Tomb of Lord Red Mask","floor":38,"gold_loss":0},{"damage_healed":0,"gold_gain":0,"cards_transformed":["Defend_B"],"player_choice":"Transformed","damage_taken":0,"max_hp_gain":0,"max_hp_loss":0,"event_name":"Transmorgrifier","floor":42,"gold_loss":0,"cards_obtained":["Blizzard"]}],"is_beta":false,"boss_relics":[{"not_picked":["Cursed Key","Snecko Eye"],"picked":"White Beast Statue"},{"not_picked":["Black Star","Runic Dome"],"picked":"FrozenCore"}],"items_purged_floors":[10,12,19],"is_endless":false,"potions_floor_spawned":[1,2,4,8,13,14,18,21,24,28,33,35,36,41,44,45,47,48],"ascension_level":13}