{"gold_per_floor":[118,293,293,293,305,365,365,384,462,476,476],"floor_reached":11,"playtime":419,"items_purged":[],"score":84,"play_id":"d2e339c8-f783-4aea-8d37-a35d649ed2c2","local_time":"20190203092053","is_ascension_mode":true,"campfire_choices":[{"floor":7,"key":"REST"}],"neow_cost":"NONE","seed_source_timestamp":160789043510872,"circlet_count":0,"master_deck":["Strike_B","Strike_B","Strike_B","Strike_B","Defend_B","Defend_B","Defend_B","Defend_B","Zap","Dualcast","Go for the Eyes","Regret","Hello World","Hologram","Darkness","Conserve Battery"],"relics":["Cracked Core","Centennial Puzzle","Tiny Chest","Symbiotic Virus"],"potions_floor_usage":[],"damage_taken":[{"damage":0,"enemies":"Cultist","floor":1,"turns":3},{"damage":2,"enemies":"Jaw Worm","floor":5,"turns":3},{"damage":55,"enemies":"Lagavulin","floor":6,"turns":7},{"damage":2,"enemies":"2 Louse","floor":8,"turns":2},{"damage":7,"enemies":"Exordium Wildlife","floor":10,"turns":5},{"damage":42,"enemies":"Gremlin Nob","floor":11,"turns":3}],"seed_played":"-3016930163875412571","potions_obtained":[{"floor":1,"key":"SneckoOil"}],"is_trial":false,"path_per_floor":["M","?","?","?","M","E","R","M","T","M","E"],"character_chosen":"DEFECT","items_purchased":[],"campfire_rested":1,"item_purchase_floors":[],"current_hp_per_floor":[82,82,82,82,80,25,49,47,47,40,0],"gold":476,"neow_bonus":"TEN_PERCENT_HP_BONUS","is_prod":false,"is_daily":false,"chose_seed":false,"campfire_upgraded":0,"win_rate":0,"timestamp":1549182053,"path_taken":["M","?","?","?","M","E","R","M","T","?","E"],"build_version":"2019-01-23","purchased_purges":0,"victory":false,"max_hp_per_floor":[82,82,82,82,82,82,82,82,82,82,82],"card_choices":[{"not_picked":["Aggregate","Recycle"],"picked":"Go for the Eyes","floor":1},{"not_picked":["Beam Cell","Leap"],"picked":"Hello World","floor":5},{"not_picked":["Ball Lightning","Leap"],"picked":"Hologram","floor":6},{"not_picked":["Scrape","Sweeping Beam"],"picked":"Darkness","floor":8},{"not_picked":["Hologram","Storm"],"picked":"Conserve Battery","floor":10}],"player_experience":511796,"relics_obtained":[{"floor":6,"key":"Tiny Chest"},{"floor":9,"key":"Symbiotic Virus"}],"event_choices":[{"damage_healed":0,"gold_gain":175,"player_choice":"AGREE","damage_taken":0,"max_hp_gain":0,"max_hp_loss":0,"event_name":"Liars Game","floor":2,"gold_loss":0,"cards_obtained":["Doubt"]},{"cards_removed":["Doubt"],"damage_healed":0,"gold_gain":0,"player_choice":"Forget","damage_taken":0,"max_hp_gain":0,"max_hp_loss":0,"event_name":"Living Wall","floor":3,"gold_loss":0},{"damage_healed":0,"gold_gain":0,"player_choice":"Box","damage_taken":0,"relics_obtained":["Centennial Puzzle"],"max_hp_gain":0,"max_hp_loss":0,"event_name":"Big Fish","floor":4,"gold_loss":0,"cards_obtained":["Regret"]}],"is_beta":false,"boss_relics":[],"items_purged_floors":[],"is_endless":false,"potions_floor_spawned":[1],"killed_by":"Gremlin Nob","ascension_level":3}