{"gold_per_floor":[115,115,125,144,144,144,171,189,262,262,297,347,366,27,27,27],"floor_reached":16,"playtime":1433,"items_purged":["Strike_G"],"score":204,"play_id":"1f262828-acd2-43ea-8298-fdca3580ede7","local_time":"20190118194820","is_ascension_mode":true,"campfire_choices":[{"floor":6.0,"key":"REST"},{"data":"Dash","floor":10.0,"key":"SMITH"},{"floor":15.0,"key":"REST"}],"neow_cost":"NONE","seed_source_timestamp":267800431914252,"circlet_count":0,"master_deck":["AscendersBane","Defend_G","Defend_G","Defend_G","Defend_G+1","Defend_G","Strike_G+1","Strike_G","Strike_G","Strike_G","Survivor","Neutralize+1","Dash+1","Skewer"],"special_seed":0,"relics":["Ring of the Snake","Pen Nib","Torii","Singing Bowl","Bag of Preparation","Pantograph"],"potions_floor_usage":[16],"damage_taken":[{"damage":3.0,"enemies":"2 Louse","floor":1.0,"turns":4.0},{"damage":0.0,"enemies":"Small Slimes","floor":3.0,"turns":3.0},{"damage":6.0,"enemies":"Jaw Worm","floor":4.0,"turns":4.0},{"damage":18.0,"enemies":"3 Sentries","floor":7.0,"turns":14.0},{"damage":10.0,"enemies":"Lots of Slimes","floor":8.0,"turns":7.0},{"damage":18.0,"enemies":"Lagavulin","floor":11.0,"turns":9.0},{"damage":0.0,"enemies":"Blue Slaver","floor":13.0,"turns":5.0},{"damage":52,"enemies":"Slime Boss","floor":16,"turns":7}],"seed_played":"3629108965336658907","potions_obtained":[{"floor":1.0,"key":"Swift Potion"},{"floor":8.0,"key":"Poison Potion"},{"floor":11.0,"key":"Energy Potion"}],"is_trial":false,"path_per_floor":["M","?","M","M","?","R","E","M","T","R","E","?","M","$","R","B"],"character_chosen":"THE_SILENT","items_purchased":["Pantograph"],"campfire_rested":2,"item_purchase_floors":[14],"current_hp_per_floor":[56,36,36,30,30,49,31,21,21,21,3,3,5,5,25,0],"gold":27,"neow_bonus":"RANDOM_COMMON_RELIC","is_prod":false,"is_daily":false,"chose_seed":false,"campfire_upgraded":1,"win_rate":0,"timestamp":1547837300,"path_taken":["M","?","M","M","?","R","E","M","T","R","E","?","M","$","R","BOSS"],"build_version":"2019-01-17v2","purchased_purges":1,"victory":false,"max_hp_per_floor":[66,66,66,66,66,66,66,66,66,66,66,66,68,68,68,68],"card_choices":[{"not_picked":["Dodge and Roll","Dagger Spray"],"picked":"Dash","floor":1.0},{"not_picked":["Prepared","Acrobatics","Bane"],"picked":"SKIP","floor":3.0},{"not_picked":["Sucker Punch","Dodge and Roll","Quick Slash"],"picked":"SKIP","floor":4.0},{"not_picked":["Blur","Catalyst"],"picked":"Skewer","floor":7.0},{"not_picked":["Bane","Dagger Spray","Cloak And Dagger"],"picked":"SKIP","floor":8.0},{"not_picked":["Predator","Cloak And Dagger","Deadly Poison"],"picked":"Singing Bowl","floor":13.0}],"player_experience":944294,"relics_obtained":[{"floor":7.0,"key":"Torii"},{"floor":9.0,"key":"Singing Bowl"},{"floor":11.0,"key":"Bag of Preparation"}],"event_choices":[{"damage_healed":0.0,"max_hp_gain":0.0,"max_hp_loss":0.0,"gold_gain":0.0,"event_name":"Shining Light","player_choice":"Entered Light","floor":2.0,"gold_loss":0.0,"damage_taken":20.0,"cards_upgraded":["Strike_G","Defend_G"]},{"damage_healed":0.0,"max_hp_gain":0.0,"max_hp_loss":0.0,"gold_gain":0.0,"event_name":"Living Wall","player_choice":"Grow","floor":5.0,"gold_loss":0.0,"damage_taken":0.0,"cards_upgraded":["Neutralize"]},{"damage_healed":0.0,"max_hp_gain":0.0,"max_hp_loss":0.0,"gold_gain":50.0,"event_name":"Golden Wing","player_choice":"Gained Gold","floor":12.0,"gold_loss":0.0,"damage_taken":0.0}],"is_beta":false,"boss_relics":[],"items_purged_floors":[14],"is_endless":false,"potions_floor_spawned":[1,8,11],"killed_by":"Slime Boss","ascension_level":17}