{"gold_per_floor":[117,117,117,137,37,37,69,69,93,123,150,164,164,77,77,155,155,135,135,135,47,63,63],"floor_reached":23,"playtime":899,"items_purged":["Strike_G"],"score":351,"play_id":"cc1ecb5b-a5db-449d-bfa8-37b78fc52e36","local_time":"20190203225000","is_ascension_mode":true,"campfire_choices":[{"data":"Deadly Poison","floor":6.0,"key":"SMITH"},{"data":"Neutralize","floor":8.0,"key":"SMITH"},{"data":"Deadly Poison","floor":13.0,"key":"SMITH"},{"data":"Footwork","floor":15.0,"key":"SMITH"}],"neow_cost":"NONE","seed_source_timestamp":9649817705700,"circlet_count":0,"master_deck":["AscendersBane","Defend_G","Defend_G","Defend_G","Defend_G","Defend_G","Strike_G","Strike_G","Strike_G","Strike_G","Survivor","Neutralize+1","Cloak And Dagger","Tools of the Trade","Flying Knee","Deadly Poison+1","PiercingWail","Well Laid Plans","Deadly Poison+1","Footwork+1","Malaise","Leg Sweep","Backstab"],"special_seed":0,"relics":["Ring of the Serpent","Strawberry","Dream Catcher","Meat on the Bone","Bag of Preparation"],"potions_floor_usage":[23,23],"damage_taken":[{"damage":3.0,"enemies":"Small Slimes","floor":1.0,"turns":4.0},{"damage":1.0,"enemies":"2 Louse","floor":4.0,"turns":4.0},{"damage":11.0,"enemies":"Lagavulin","floor":7.0,"turns":6.0},{"damage":21.0,"enemies":"3 Sentries","floor":10.0,"turns":13.0},{"damage":0.0,"enemies":"Cultist","floor":12.0,"turns":3.0},{"damage":4.0,"enemies":"Hexaghost","floor":16.0,"turns":10.0},{"damage":7,"enemies":"2 Thieves","floor":18,"turns":4},{"damage":4,"enemies":"Spheric Guardian","floor":22,"turns":6},{"damage":48,"enemies":"Slavers","floor":23,"turns":8}],"seed_played":"3482078163935394276","potions_obtained":[{"floor":1.0,"key":"AttackPotion"},{"floor":4.0,"key":"Swift Potion"},{"floor":16.0,"key":"Energy Potion"},{"floor":22,"key":"Dexterity Potion"}],"is_trial":false,"path_per_floor":["M","?","?","M","$","R","E","R","T","E","T","M","R","$","R","B",null,"M","?","?","$","M","E"],"character_chosen":"THE_SILENT","items_purchased":["Deadly Poison","Footwork","Backstab"],"campfire_rested":0,"item_purchase_floors":[5,14,21],"current_hp_per_floor":[56,61,61,60,60,60,56,56,56,35,35,47,47,47,47,43,69,62,40,40,40,48,0],"gold":63,"neow_bonus":"THREE_CARDS","is_prod":false,"is_daily":false,"chose_seed":false,"campfire_upgraded":4,"win_rate":0,"timestamp":1549227000,"path_taken":["M","?","?","?","$","R","E","R","T","E","?","?","R","?","R","BOSS","M","?","?","$","M","E"],"build_version":"2019-01-23","purchased_purges":1,"victory":false,"max_hp_per_floor":[66,71,71,71,71,71,78,78,78,78,78,78,78,78,78,78,78,78,83,83,83,83,83],"card_choices":[{"not_picked":["Masterful Stab","Expertise"],"picked":"Cloak And Dagger","floor":0.0},{"not_picked":["Eviscerate","Acrobatics","Bane"],"picked":"SKIP","floor":1.0},{"not_picked":["Backflip","Quick Slash"],"picked":"Flying Knee","floor":4.0},{"not_picked":["Night Terror","Leg Sweep"],"picked":"PiercingWail","floor":7.0},{"not_picked":["Concentrate","Blur"],"picked":"Well Laid Plans","floor":10.0},{"not_picked":["Well Laid Plans","Flechettes"],"picked":"Deadly Poison","floor":12.0},{"not_picked":["Adrenaline","After Image"],"picked":"Malaise","floor":16.0},{"not_picked":["Dodge and Roll","Acrobatics"],"picked":"Leg Sweep","floor":18},{"not_picked":["Dagger Throw","Finisher","Dodge and Roll"],"picked":"SKIP","floor":22}],"player_experience":589716,"relics_obtained":[{"floor":7.0,"key":"Strawberry"},{"floor":9.0,"key":"Dream Catcher"},{"floor":10.0,"key":"Meat on the Bone"},{"floor":11.0,"key":"Bag of Preparation"}],"event_choices":[{"damage_healed":0.0,"max_hp_gain":5.0,"max_hp_loss":0.0,"gold_gain":0.0,"event_name":"Big Fish","player_choice":"Donut","floor":2.0,"gold_loss":0.0,"damage_taken":0.0},{"damage_healed":0.0,"max_hp_gain":0.0,"max_hp_loss":0.0,"gold_gain":0.0,"event_name":"Match and Keep!","player_choice":"1 cards matched","floor":3.0,"gold_loss":0.0,"damage_taken":0.0,"cards_obtained":["Tools of the Trade"]},{"damage_healed":0,"gold_gain":0,"player_choice":"Shed Blood","damage_taken":27,"max_hp_gain":5,"max_hp_loss":0,"event_name":"Forgotten Altar","floor":19,"gold_loss":0},{"damage_healed":0,"gold_gain":0,"player_choice":"Ignored","damage_taken":0,"max_hp_gain":0,"max_hp_loss":0,"event_name":"Ghosts","floor":20,"gold_loss":0}],"is_beta":false,"boss_relics":[{"not_picked":["Astrolabe","Ectoplasm"],"picked":"Ring of the Serpent"}],"items_purged_floors":[5],"is_endless":false,"potions_floor_spawned":[1,4,16,18,22],"killed_by":"Slavers","ascension_level":16}