{"gold_per_floor":[116,116,116,56,71,71,96,112,112,122,152,164,164,27,27,147,147,166,180,0,0,0,0,14,14,14,39,39,79,79,98,98,98],"floor_reached":33,"playtime":2394,"items_purged":["Strike_B","Strike_B"],"score":305,"play_id":"f9fc19e6-e373-4965-a487-892f88ff8fa5","local_time":"20190203140639","is_ascension_mode":true,"campfire_choices":[{"floor":6,"key":"RECALL"},{"data":"Capacitor","floor":15,"key":"SMITH"},{"floor":23,"key":"REST"},{"floor":25,"key":"REST"},{"floor":32,"key":"REST"}],"neow_cost":"NONE","seed_source_timestamp":21808897313764,"circlet_count":0,"master_deck":["Strike_B","Strike_B","Defend_B","Defend_B","Defend_B","Defend_B","Zap","Dualcast","Static Discharge+1","Cold Snap","Leap","Streamline","Barrage","Glacier","Capacitor+1","Buffer","Coolheaded","Redo+1","Electrodynamics","Ball Lightning","Necronomicurse","Stack+1","Echo Form"],"relics":["Cracked Core","The Courier","Peace Pipe","Golden Idol","Black Star","Nloth\u0027s Gift","Bottled Lightning","Necronomicon","Gremlin Horn","Dodecahedron"],"potions_floor_usage":[29,29,29,33],"damage_taken":[{"damage":0,"enemies":"Jaw Worm","floor":1,"turns":1},{"damage":0,"enemies":"Small Slimes","floor":5,"turns":1},{"damage":0,"enemies":"Lagavulin","floor":7,"turns":1},{"damage":0,"enemies":"Cultist","floor":8,"turns":4},{"damage":5,"enemies":"Blue Slaver","floor":10,"turns":3},{"damage":0,"enemies":"Large Slime","floor":12,"turns":5},{"damage":27,"enemies":"Hexaghost","floor":16,"turns":8},{"damage":33,"enemies":"2 Thieves","floor":18,"turns":4},{"damage":17,"enemies":"3 Byrds","floor":19,"turns":6},{"damage":25,"enemies":"Cultist and Chosen","floor":24,"turns":9},{"damage":10,"enemies":"Centurion and Healer","floor":27,"turns":9},{"damage":7,"enemies":"Gremlin Leader","floor":29,"turns":5},{"damage":10,"enemies":"Snecko","floor":31,"turns":4},{"damage":33,"enemies":"Collector","floor":33,"turns":6}],"seed_played":"8102104217287353881","potions_obtained":[{"floor":8,"key":"SkillPotion"},{"floor":10,"key":"Fire Potion"},{"floor":12,"key":"Ancient Potion"},{"floor":31,"key":"Energy Potion"}],"is_trial":false,"path_per_floor":["M","?","?","$","M","R","E","M","T","M","?","M","?","$","R","B",null,"M","M","?","$","?","R","M","R","T","M","?","E","?","M","R","B"],"character_chosen":"DEFECT","items_purchased":["Capacitor"],"campfire_rested":3,"item_purchase_floors":[14],"current_hp_per_floor":[75,68,68,68,68,68,68,68,68,63,63,63,45,45,45,18,75,42,25,25,25,25,47,22,44,44,34,18,11,11,1,23,0],"gold":98,"neow_bonus":"THREE_ENEMY_KILL","is_prod":false,"is_daily":false,"chose_seed":false,"campfire_upgraded":1,"win_rate":0,"timestamp":1549199199,"path_taken":["M","?","?","$","M","R","E","?","T","M","?","M","?","$","R","BOSS","M","M","?","$","?","R","M","R","T","?","?","E","?","M","R","BOSS"],"build_version":"2019-01-23","purchased_purges":2,"victory":false,"max_hp_per_floor":[75,75,75,75,75,75,75,75,75,75,75,75,75,75,75,75,75,75,75,75,75,75,75,75,75,75,75,75,75,75,75,75,75],"card_choices":[{"not_picked":["Conserve Battery","Sunder"],"picked":"Static Discharge","floor":1},{"not_picked":["Sweeping Beam","Auto Shields"],"picked":"Cold Snap","floor":5},{"not_picked":["Blizzard","Glacier"],"picked":"Leap","floor":7},{"not_picked":["Conserve Battery","Turbo"],"picked":"Streamline","floor":8},{"not_picked":["Genetic Algorithm","Rebound"],"picked":"Barrage","floor":10},{"not_picked":["Hologram","Multi-Cast"],"picked":"Glacier","floor":12},{"not_picked":["Core Surge","Hyperbeam"],"picked":"Buffer","floor":16},{"not_picked":["Sweeping Beam","Go for the Eyes"],"picked":"Coolheaded","floor":18},{"not_picked":["Sweeping Beam","Streamline"],"picked":"Redo+1","floor":19},{"not_picked":["Beam Cell+1","Force Field"],"picked":"Electrodynamics","floor":24},{"not_picked":["Storm","Compile Driver+1"],"picked":"Ball Lightning","floor":27},{"not_picked":["Beam Cell","Recycle"],"picked":"Stack+1","floor":29},{"not_picked":["Streamline","Fission"],"picked":"Echo Form","floor":31}],"player_experience":90920,"relics_obtained":[{"floor":7,"key":"Peace Pipe"},{"floor":26,"key":"Bottled Lightning"},{"floor":28,"key":"Necronomicon"},{"floor":29,"key":"Gremlin Horn"},{"floor":29,"key":"Dodecahedron"}],"event_choices":[{"damage_healed":0,"gold_gain":0,"player_choice":"Success","damage_taken":7,"relics_obtained":["The Courier"],"max_hp_gain":0,"max_hp_loss":0,"event_name":"Scrap Ooze","floor":2,"gold_loss":0},{"damage_healed":0,"gold_gain":0,"player_choice":"Upgraded","damage_taken":0,"max_hp_gain":0,"max_hp_loss":0,"event_name":"Upgrade Shrine","floor":3,"gold_loss":0,"cards_upgraded":["Static Discharge"]},{"damage_healed":0,"gold_gain":30,"player_choice":"Searched \u00271\u0027 times","damage_taken":0,"max_hp_gain":0,"max_hp_loss":0,"event_name":"Dead Adventurer","floor":11,"gold_loss":0},{"damage_healed":0,"gold_gain":0,"player_choice":"Take Damage","damage_taken":18,"relics_obtained":["Golden Idol"],"max_hp_gain":0,"max_hp_loss":0,"event_name":"Golden Idol","floor":13,"gold_loss":0},{"damage_healed":0,"gold_gain":0,"player_choice":"Paid Fearfully","damage_taken":0,"max_hp_gain":0,"max_hp_loss":0,"event_name":"Masked Bandits","floor":20,"gold_loss":180},{"damage_healed":0,"gold_gain":0,"player_choice":"Traded Relic","damage_taken":0,"relics_obtained":["Nloth\u0027s Gift"],"max_hp_gain":0,"max_hp_loss":0,"event_name":"N\u0027loth","floor":22,"relics_lost":["NeowsBlessing"],"gold_loss":0},{"damage_healed":0,"gold_gain":0,"player_choice":"Obtained Book","damage_taken":16,"max_hp_gain":0,"max_hp_loss":0,"event_name":"Cursed Tome","floor":28,"gold_loss":0}],"is_beta":false,"boss_relics":[{"not_picked":["Cursed Key","Calling Bell"],"picked":"Black Star"}],"items_purged_floors":[4,14],"is_endless":false,"potions_floor_spawned":[8,10,12,18,27,31],"killed_by":"Collector","ascension_level":1}