{"gold_per_floor":[111,286,361,379,379,379,397,397,397,409,428,461,461,73,73,168,168,185,139,238,238,238,238,271,271,321,35,60,0],"floor_reached":29,"playtime":1220,"items_purged":["Strike_B","Writhe"],"score":283,"play_id":"98f57d00-de52-494e-8f92-7dc6913274d0","local_time":"20180713001515","is_ascension_mode":true,"campfire_choices":[{"data":"Fusion","floor":6,"key":"SMITH"},{"floor":13,"key":"REST"},{"data":"Steam","floor":15,"key":"SMITH"},{"data":"Gash","floor":23,"key":"SMITH"},{"floor":25,"key":"REST"}],"neow_cost":"NONE","seed_source_timestamp":9675605712819,"circlet_count":0,"master_deck":["Strike_B","Strike_B","Strike_B","Defend_B","Defend_B","Defend_B","Defend_B","Zap","Dualcast","Cold Snap","Fusion+1","Redo","Barrage","Steam+1","Gash+1","Cold Snap","Static Discharge","Melter","Fission","Gash","Leap","BootSequence","Apotheosis"],"relics":["Cracked Core","Matryoshka","Orichalcum","Question Card","Boot","Frozen Eye","Cursed Key","Bronze Scales","Art of War","Regal Pillow","Singing Bowl","Potion Belt"],"potions_floor_usage":[12,12,16,16],"damage_taken":[{"damage":5,"enemies":"Small Slimes","floor":1,"turns":3},{"damage":2,"enemies":"Jaw Worm","floor":4,"turns":4},{"damage":9,"enemies":"2 Louse","floor":7,"turns":2},{"damage":5,"enemies":"2 Fungi Beasts","floor":10,"turns":3},{"damage":0,"enemies":"Large Slime","floor":11,"turns":5},{"damage":14,"enemies":"Lagavulin","floor":12,"turns":7},{"damage":45,"enemies":"The Guardian","floor":16,"turns":12},{"damage":10,"enemies":"Spheric Guardian","floor":18,"turns":4},{"damage":55,"enemies":"Slavers","floor":24,"turns":4},{"damage":15,"enemies":"Book of Stabbing","floor":28,"turns":5},{"damage":21,"enemies":"2 Thieves","floor":29,"turns":2}],"seed_played":"-2413916930812831468","potions_obtained":[{"floor":1,"key":"PowerPotion"},{"floor":7,"key":"Weak Potion"},{"floor":11,"key":"Regen Potion"},{"floor":12,"key":"SpeedPotion"},{"floor":18,"key":"GamblersBrew"},{"floor":28,"key":"SteroidPotion"}],"is_trial":false,"path_per_floor":["M","?","?","M","?","R","M","T","T","M","M","E","R","$","R","B",null,"M","$","?","?","?","R","E","R","T","$","E"],"character_chosen":"DEFECT","items_purchased":["Static Discharge","Melter","Frozen Eye","Leap","Apotheosis"],"campfire_rested":2,"item_purchase_floors":[14,14,14,19,27],"current_hp_per_floor":[70,70,59,57,50,50,41,41,41,36,36,37,59,59,59,14,75,65,65,65,65,65,65,10,32,32,32,19,0],"gold":0,"neow_bonus":"THREE_CARDS","is_prod":false,"is_daily":false,"chose_seed":false,"campfire_upgraded":3,"win_rate":0,"timestamp":1531437315,"path_taken":["M","?","?","M","?","R","?","?","T","M","M","E","R","$","R","BOSS","M","?","?","?","?","R","E","R","T","?","E","M"],"build_version":"2018-07-05","purchased_purges":2,"victory":false,"max_hp_per_floor":[75,75,75,75,75,75,75,75,75,75,75,75,75,75,75,75,75,75,75,75,75,75,75,75,75,75,75,77,77],"card_choices":[{"not_picked":["Redo","Compile Driver"],"picked":"Cold Snap","floor":0},{"not_picked":["Barrage","Compile Driver"],"picked":"Fusion","floor":1},{"not_picked":["Sunder","Heatsinks"],"picked":"Redo","floor":4},{"not_picked":["Reprogram","Redo"],"picked":"Barrage","floor":7},{"not_picked":["Reprogram","Redo","Stack"],"picked":"Steam","floor":10},{"not_picked":["Beam Cell","Defragment","Fusion"],"picked":"Gash","floor":11},{"not_picked":["Rebound","Beam Cell","Force Field"],"picked":"Cold Snap","floor":12},{"not_picked":["Core Surge","Seek","Biased Cognition"],"picked":"Fission","floor":16},{"not_picked":["Hologram+1","Sweeping Beam","Beam Cell"],"picked":"Gash","floor":18},{"not_picked":["Recycle","Sweeping Beam+1","Chill"],"picked":"BootSequence","floor":24},{"not_picked":["Lockon","Stack","Core Surge","Reprogram"],"picked":"Singing Bowl","floor":28}],"player_experience":226829,"relics_obtained":[{"floor":8,"key":"Matryoshka"},{"floor":9,"key":"Orichalcum"},{"floor":9,"key":"Question Card"},{"floor":12,"key":"Boot"},{"floor":24,"key":"Art of War"},{"floor":26,"key":"Regal Pillow"},{"floor":26,"key":"Singing Bowl"},{"floor":28,"key":"Potion Belt"}],"event_choices":[{"event_name":"Liars Game","player_choice":"agreed","floor":2,"damage_taken":0},{"event_name":"World of Goop","player_choice":"Gather Gold","floor":3,"damage_taken":0},{"event_name":"Golden Wing","player_choice":"Card Removal","floor":5,"damage_taken":0},{"event_name":"Nest","player_choice":"Stole From Cult","floor":20,"damage_taken":0},{"event_name":"The Mausoleum","player_choice":"Yes","floor":21,"damage_taken":0},{"event_name":"Drug Dealer","player_choice":"Ignored","floor":22,"damage_taken":0}],"boss_relics":[{"not_picked":["Fusion Hammer","Sozu"],"picked":"Cursed Key"}],"items_purged_floors":[14,27],"is_endless":false,"potions_floor_spawned":[1,7,11,12,18,28],"killed_by":"2 Thieves","ascension_level":2}