{"gold_per_floor":[111,31,31,31,4,4,4,4,55,55,74,100,110,121,121,121],"floor_reached":16,"playtime":661,"items_purged":[],"score":108,"play_id":"3b707937-172f-45d2-9fcc-8d051829781f","local_time":"20180703120340","is_ascension_mode":true,"campfire_choices":[{"floor":6,"key":"REST"},{"data":"Darkness","floor":8,"key":"SMITH"},{"data":"Go for the Eyes","floor":10,"key":"SMITH"},{"floor":15,"key":"REST"}],"neow_cost":"NONE","seed_source_timestamp":7509398617005,"circlet_count":0,"master_deck":["Strike_B","Strike_B","Strike_B","Defend_B","Defend_B","Defend_B","Defend_B","Zap","Dualcast","Cold Snap","Darkness+1","Go for the Eyes+1","Compile Driver","Capacitor","Genetic Algorithm","Redo"],"relics":["Cracked Core","Oddly Smooth Stone","Dodecahedron","Lantern","Letter Opener"],"potions_floor_usage":[12],"damage_taken":[{"damage":0,"enemies":"2 Louse","floor":1,"turns":2},{"damage":4,"enemies":"Jaw Worm","floor":11,"turns":2},{"damage":23,"enemies":"Gremlin Nob","floor":12,"turns":4},{"damage":6,"enemies":"Small Slimes","floor":13,"turns":3},{"damage":22,"enemies":"Gremlin Gang","floor":14,"turns":5},{"damage":47,"enemies":"Slime Boss","floor":16,"turns":6}],"seed_played":"-8305633190558630099","potions_obtained":[{"floor":1,"key":"Regen Potion"},{"floor":11,"key":"GamblersBrew"}],"is_trial":false,"path_per_floor":["M","$","?","?","$","R","?","R","T","R","M","E","M","M","R"],"character_chosen":"DEFECT","items_purchased":["Darkness","Go for the Eyes"],"campfire_rested":2,"item_purchase_floors":[2,5],"current_hp_per_floor":[75,75,57,57,57,75,75,75,75,75,71,53,47,25,47,0],"gold":121,"neow_bonus":"RANDOM_COMMON_RELIC","is_prod":false,"is_daily":false,"chose_seed":false,"campfire_upgraded":2,"win_rate":0,"timestamp":1530615820,"path_taken":["M","$","?","?","$","R","?","R","T","R","?","E","M","M","R","BOSS"],"build_version":"2018-06-28","purchased_purges":0,"victory":false,"max_hp_per_floor":[75,75,75,75,75,75,75,75,75,75,75,75,75,75,75,75],"card_choices":[{"not_picked":["Self Repair","Redo"],"picked":"Cold Snap","floor":1},{"not_picked":["Leap","Self Repair"],"picked":"Compile Driver","floor":11},{"not_picked":["Cold Snap","Rainbow"],"picked":"Capacitor","floor":12},{"not_picked":["Compile Driver","Gash"],"picked":"Genetic Algorithm","floor":13},{"not_picked":["Darkness","Barrage"],"picked":"Redo","floor":14}],"player_experience":216393,"relics_obtained":[{"floor":9,"key":"Lantern"},{"floor":12,"key":"Letter Opener"}],"event_choices":[{"event_name":"Scrap Ooze","player_choice":"success","floor":3,"damage_taken":18},{"event_name":"Purifier","player_choice":"One Purge","floor":4,"damage_taken":0},{"event_name":"The Cleric","player_choice":"Leave","floor":7,"damage_taken":0}],"boss_relics":[],"items_purged_floors":[],"is_endless":false,"potions_floor_spawned":[1,11],"killed_by":"Slime Boss","ascension_level":2}