{"gold_per_floor":[110,110,124,399,42,70,90,116,185,185,145,159,159,14,14,115,115,133,133,152,152,152,152],"floor_reached":23,"playtime":914,"items_purged":["Regret"],"score":278,"play_id":"9a5e93d9-a858-4655-936e-c93e5d9fc39c","local_time":"20190203110818","is_ascension_mode":true,"campfire_choices":[{"floor":10,"key":"REST"},{"floor":13,"key":"REST"},{"floor":15,"key":"RECALL"}],"neow_cost":"NONE","seed_source_timestamp":297755486543368,"circlet_count":0,"master_deck":["Strike_B+1","Strike_B+1","Strike_B+1","Strike_B+1","Defend_B+1","Defend_B+1","Defend_B+1","Defend_B+1","Dualcast","Consume+1","Ball Lightning","Discovery","Stack","Hologram","Echo Form","Conserve Battery","Rainbow","Conserve Battery","Leap+1","Defragment"],"relics":["Cracked Core","NeowsBlessing","Runic Capacitor","StoneCalendar","Juzu Bracelet","Potion Belt","Philosopher\u0027s Stone"],"potions_floor_usage":[7,16,16,16,16,16,16,16,23,23],"damage_taken":[{"damage":0,"enemies":"Cultist","floor":1,"turns":1},{"damage":0,"enemies":"Small Slimes","floor":3,"turns":1},{"damage":0,"enemies":"Lagavulin","floor":6,"turns":1},{"damage":0,"enemies":"Jaw Worm","floor":7,"turns":1},{"damage":22,"enemies":"Gremlin Nob","floor":8,"turns":4},{"damage":37,"enemies":"Lots of Slimes","floor":12,"turns":4},{"damage":22,"enemies":"Hexaghost","floor":16,"turns":7},{"damage":55,"enemies":"3 Byrds","floor":18,"turns":4},{"damage":0,"enemies":"Chosen","floor":20,"turns":5},{"damage":15,"enemies":"Slavers","floor":23,"turns":2}],"seed_played":"8502299265716526606","potions_obtained":[{"floor":1,"key":"Fire Potion"},{"floor":11,"key":"EntropicBrew"},{"floor":11,"key":"SteroidPotion"},{"floor":11,"key":"SneckoOil"},{"floor":12,"key":"GamblersBrew"},{"floor":16,"key":"Dexterity Potion"}],"is_trial":false,"path_per_floor":["M","?","M","?","$","E","M","E","T","R","?","M","R","$","R","B",null,"M","?","M","?","?","E"],"character_chosen":"DEFECT","items_purchased":["Runic Capacitor","Discovery","Potion Belt"],"campfire_rested":2,"item_purchase_floors":[5,5,14],"current_hp_per_floor":[75,75,75,75,75,75,75,53,53,75,75,38,60,60,60,53,70,15,15,15,15,15,0],"gold":152,"neow_bonus":"THREE_ENEMY_KILL","is_prod":false,"is_daily":false,"chose_seed":false,"campfire_upgraded":0,"win_rate":0,"timestamp":1549199298,"path_taken":["M","?","?","?","$","E","M","E","T","R","?","M","R","?","R","BOSS","M","?","M","?","?","E"],"build_version":"2019-01-23","purchased_purges":1,"victory":false,"max_hp_per_floor":[75,75,75,75,75,75,75,75,75,75,75,75,75,75,75,75,75,75,75,75,75,75,75],"card_choices":[{"not_picked":["Double Energy","Barrage"],"picked":"Consume","floor":1},{"not_picked":["Melter","BootSequence"],"picked":"Ball Lightning","floor":3},{"not_picked":["Rebound","Multi-Cast"],"picked":"Stack","floor":6},{"not_picked":["Doom and Gloom","Barrage"],"picked":"Hologram","floor":7},{"not_picked":["Melter","Hologram"],"picked":"Echo Form","floor":8},{"not_picked":["Glacier","White Noise"],"picked":"Conserve Battery","floor":12},{"not_picked":["Seek","Core Surge"],"picked":"Rainbow","floor":16},{"not_picked":["Ball Lightning","Glacier"],"picked":"Conserve Battery","floor":18},{"not_picked":["Genetic Algorithm","Doom and Gloom"],"picked":"Leap+1","floor":20}],"player_experience":105321,"relics_obtained":[{"floor":6,"key":"StoneCalendar"},{"floor":8,"key":"Juzu Bracelet"}],"event_choices":[{"damage_healed":0,"gold_gain":0,"player_choice":"Upgraded","damage_taken":0,"max_hp_gain":0,"max_hp_loss":0,"event_name":"Upgrade Shrine","floor":2,"gold_loss":0,"cards_upgraded":["Consume"]},{"damage_healed":0,"gold_gain":275,"player_choice":"Desecrate","damage_taken":0,"max_hp_gain":0,"max_hp_loss":0,"event_name":"Golden Shrine","floor":4,"gold_loss":0,"cards_obtained":["Regret"]},{"damage_healed":0,"gold_gain":0,"player_choice":"Bought 3 Potions","damage_taken":0,"max_hp_gain":0,"max_hp_loss":0,"event_name":"The Woman in Blue","floor":11,"gold_loss":0},{"damage_healed":0,"gold_gain":0,"player_choice":"Simplicity","damage_taken":0,"max_hp_gain":0,"max_hp_loss":0,"event_name":"Back to Basics","floor":19,"gold_loss":0,"cards_upgraded":["Strike_B","Strike_B","Strike_B","Strike_B","Defend_B","Defend_B","Defend_B","Defend_B"]},{"damage_healed":0,"gold_gain":0,"cards_transformed":["Zap"],"player_choice":"Transformed","damage_taken":0,"max_hp_gain":0,"max_hp_loss":0,"event_name":"Transmorgrifier","floor":21,"gold_loss":0,"cards_obtained":["Defragment"]},{"damage_healed":0,"gold_gain":0,"player_choice":"Ignored","damage_taken":0,"max_hp_gain":0,"max_hp_loss":0,"event_name":"Ghosts","floor":22,"gold_loss":0}],"is_beta":false,"boss_relics":[{"not_picked":["White Beast Statue","Nuclear Battery"],"picked":"Philosopher\u0027s Stone"}],"items_purged_floors":[5],"is_endless":false,"potions_floor_spawned":[1,12,16],"killed_by":"Slavers","ascension_level":5}