{"gold_per_floor":[116,116,64,64,74,102,102,131,131,131,142,156,170,180,180,180],"floor_reached":16,"playtime":630,"items_purged":[],"score":267,"play_id":"e89bc313-0f52-4f6b-9c41-dd5230cac8e5","local_time":"20190128214336","is_ascension_mode":true,"campfire_choices":[{"data":"Streamline","floor":7,"key":"SMITH"},{"floor":10,"key":"REST"},{"floor":15,"key":"REST"}],"neow_cost":"NONE","seed_source_timestamp":546322098102457,"circlet_count":0,"master_deck":["AscendersBane","Strike_B","Strike_B","Strike_B+1","Strike_B","Defend_B","Defend_B","Defend_B","Defend_B","Zap+1","Dualcast","Streamline+1","Genetic Algorithm","Double Energy","Fission","Sweeping Beam","Fusion"],"relics":["Cracked Core","NeowsBlessing","Shuriken","Gremlin Horn","Omamori","Bag of Marbles"],"potions_floor_usage":[8,12,16],"damage_taken":[{"damage":0,"enemies":"Jaw Worm","floor":1,"turns":1},{"damage":0,"enemies":"2 Louse","floor":5,"turns":1},{"damage":0,"enemies":"3 Sentries","floor":6,"turns":1},{"damage":20,"enemies":"Lagavulin","floor":8,"turns":7},{"damage":0,"enemies":"Small Slimes","floor":11,"turns":2},{"damage":3,"enemies":"Exordium Wildlife","floor":12,"turns":4},{"damage":9,"enemies":"Red Slaver","floor":13,"turns":2},{"damage":0,"enemies":"3 Louse","floor":14,"turns":2},{"damage":53,"enemies":"Slime Boss","floor":16,"turns":7}],"seed_played":"777049585772365703","potions_obtained":[{"floor":6,"key":"Energy Potion"},{"floor":8,"key":"Regen Potion"},{"floor":13,"key":"Swift Potion"}],"is_trial":false,"path_per_floor":["M","?","$","?","M","E","R","E","T","R","M","M","M","M","R","B"],"character_chosen":"DEFECT","items_purchased":["Streamline"],"campfire_rested":2,"item_purchase_floors":[3],"current_hp_per_floor":[64,43,43,32,32,32,32,12,12,33,33,39,30,30,51,0],"gold":180,"neow_bonus":"THREE_ENEMY_KILL","is_prod":false,"is_daily":false,"chose_seed":false,"campfire_upgraded":1,"win_rate":0,"timestamp":1548708216,"path_taken":["M","?","$","?","M","E","R","E","T","R","M","M","M","M","R","BOSS"],"build_version":"2019-01-23","purchased_purges":0,"victory":false,"max_hp_per_floor":[71,71,71,71,71,71,71,71,71,71,71,71,71,71,71,71],"card_choices":[{"not_picked":["Redo","Coolheaded","Beam Cell"],"picked":"SKIP","floor":1},{"not_picked":["Ball Lightning","Hello World"],"picked":"Genetic Algorithm","floor":5},{"not_picked":["Rainbow","Go for the Eyes"],"picked":"Double Energy","floor":6},{"not_picked":["Rebound","Go for the Eyes"],"picked":"Fission","floor":8},{"not_picked":["Heatsinks","Gash","Rebound"],"picked":"SKIP","floor":11},{"not_picked":["Blizzard","Auto Shields"],"picked":"Sweeping Beam","floor":12},{"not_picked":["Streamline","Ball Lightning"],"picked":"Fusion","floor":13},{"not_picked":["Reprogram","Scrape","Loop"],"picked":"SKIP","floor":14}],"player_experience":1051464,"relics_obtained":[{"floor":6,"key":"Gremlin Horn"},{"floor":8,"key":"Omamori"},{"floor":9,"key":"Bag of Marbles"}],"event_choices":[{"damage_healed":0,"gold_gain":0,"player_choice":"Entered Light","damage_taken":21,"max_hp_gain":0,"max_hp_loss":0,"event_name":"Shining Light","floor":2,"gold_loss":0,"cards_upgraded":["Strike_B","Zap"]},{"damage_healed":0,"gold_gain":0,"player_choice":"Success","damage_taken":11,"relics_obtained":["Shuriken"],"max_hp_gain":0,"max_hp_loss":0,"event_name":"Scrap Ooze","floor":4,"gold_loss":0}],"is_beta":false,"boss_relics":[],"items_purged_floors":[],"is_endless":false,"potions_floor_spawned":[6,8,13],"killed_by":"Slime Boss","ascension_level":19}