{"gold_per_floor":[112,112,112,122,134,168,168,182,206,223,223,235,247,263,263,363,363,377,377,75,90,113,113],"floor_reached":23,"playtime":2346,"items_purged":[],"score":220,"play_id":"2237feaa-52dd-4218-9ccf-de73f8f7d2b8","local_time":"20190124173222","is_ascension_mode":false,"campfire_choices":[{"floor":7,"key":"REST"},{"floor":15,"key":"REST"}],"neow_cost":"NONE","seed_source_timestamp":1295984055903589,"circlet_count":0,"master_deck":["Defend_G","Defend_G","Defend_G","Defend_G","Defend_G","Strike_G","Strike_G","Strike_G","Strike_G","Strike_G","Survivor+1","Neutralize","Dagger Spray","Distraction","Well Laid Plans","Infinite Blades","Poisoned Stab","Underhanded Strike","Deadly Poison","Envenom","Backstab","Tactician","PiercingWail","Poisoned Stab"],"relics":["Ring of the Snake","Lantern","Potion Belt","Snake Skull","Eternal Feather","Pear","Centennial Puzzle"],"potions_floor_usage":[6,16,16,16,16,23],"damage_taken":[{"damage":0,"enemies":"Small Slimes","floor":1,"turns":4},{"damage":0,"enemies":"Jaw Worm","floor":4,"turns":5},{"damage":0,"enemies":"Cultist","floor":5,"turns":5},{"damage":50,"enemies":"Lagavulin","floor":6,"turns":12},{"damage":14,"enemies":"Exordium Thugs","floor":8,"turns":6},{"damage":5,"enemies":"Exordium Wildlife","floor":10,"turns":5},{"damage":0,"enemies":"3 Louse","floor":12,"turns":3},{"damage":1,"enemies":"Blue Slaver","floor":13,"turns":5},{"damage":15,"enemies":"Exordium Wildlife","floor":14,"turns":5},{"damage":48,"enemies":"The Guardian","floor":16,"turns":9},{"damage":5,"enemies":"Chosen","floor":18,"turns":5},{"damage":24,"enemies":"2 Thieves","floor":21,"turns":4},{"damage":57,"enemies":"Sentry and Sphere","floor":23,"turns":7}],"seed_played":"-4953916395848585634","potions_obtained":[{"floor":5,"key":"SkillPotion"},{"floor":6,"key":"Explosive Potion"},{"floor":10,"key":"GhostInAJar"},{"floor":12,"key":"AttackPotion"},{"floor":13,"key":"Energy Potion"},{"floor":16,"key":"Fruit Juice"}],"is_trial":false,"path_per_floor":["M","?","?","M","M","E","R","M","T","M","?","M","M","M","R","B",null,"M","?","$","M","T","M"],"character_chosen":"THE_SILENT","items_purchased":["Pear","PiercingWail"],"campfire_rested":2,"item_purchase_floors":[20,20],"current_hp_per_floor":[70,70,67,67,67,17,38,24,24,19,70,70,69,54,70,22,70,65,65,75,51,51,0],"gold":113,"neow_bonus":"UPGRADE_CARD","is_prod":false,"is_daily":false,"chose_seed":false,"campfire_upgraded":0,"win_rate":0.0,"timestamp":1548358342,"path_taken":["M","?","?","M","M","E","R","?","T","M","?","M","?","M","R","BOSS","M","?","?","M","?","M"],"build_version":"2019-01-23","purchased_purges":0,"victory":false,"max_hp_per_floor":[70,70,70,70,70,70,70,70,70,70,70,70,70,70,70,70,70,70,70,80,80,80,85],"card_choices":[{"not_picked":["Blade Dance","Noxious Fumes"],"picked":"Dagger Spray","floor":1},{"not_picked":["Dagger Spray","Sucker Punch"],"picked":"Distraction","floor":4},{"not_picked":["Flechettes","Riddle With Holes"],"picked":"Well Laid Plans","floor":5},{"not_picked":["Backstab","Prepared"],"picked":"Infinite Blades","floor":6},{"not_picked":["Deflect","Underhanded Strike"],"picked":"Poisoned Stab","floor":8},{"not_picked":["Dagger Spray","Quick Slash"],"picked":"Dash","floor":10},{"not_picked":["Outmaneuver","PiercingWail"],"picked":"Underhanded Strike","floor":12},{"not_picked":["Prepared","Finisher"],"picked":"Deadly Poison","floor":13},{"not_picked":["Deflect","Endless Agony"],"picked":"Footwork","floor":14},{"not_picked":["After Image","Adrenaline"],"picked":"Envenom","floor":16},{"not_picked":["Choke","Blur"],"picked":"Backstab","floor":18},{"not_picked":["Choke+1","Outmaneuver"],"picked":"Poisoned Stab","floor":21}],"player_experience":17120,"relics_obtained":[{"floor":6,"key":"Potion Belt"},{"floor":9,"key":"Snake Skull"},{"floor":22,"key":"Centennial Puzzle"}],"event_choices":[{"damage_healed":0,"gold_gain":0,"player_choice":"Leave","damage_taken":0,"max_hp_gain":0,"max_hp_loss":0,"event_name":"The Cleric","floor":2,"gold_loss":0},{"damage_healed":0,"gold_gain":0,"player_choice":"Success","damage_taken":3,"relics_obtained":["Lantern"],"max_hp_gain":0,"max_hp_loss":0,"event_name":"Scrap Ooze","floor":3,"gold_loss":0},{"cards_removed":["Dash"],"damage_healed":51,"gold_gain":0,"player_choice":"Offered Uncommon","damage_taken":0,"max_hp_gain":0,"max_hp_loss":0,"event_name":"Bonfire Elementals","floor":11,"gold_loss":0},{"damage_healed":0,"gold_gain":0,"cards_transformed":["Footwork"],"player_choice":"Transformed","damage_taken":0,"max_hp_gain":0,"max_hp_loss":0,"event_name":"Transmorgrifier","floor":19,"gold_loss":0,"cards_obtained":["Tactician"]}],"is_beta":false,"boss_relics":[{"not_picked":["HoveringKite","Calling Bell"],"picked":"Eternal Feather"}],"items_purged_floors":[],"is_endless":false,"potions_floor_spawned":[5,6,10,12,13,16],"killed_by":"Sentry and Sphere","ascension_level":0}