{"gold_per_floor":[114,127,127,139,64,64,76,107,107,107],"floor_reached":10,"playtime":438,"items_purged":[],"score":133,"play_id":"d1dd3801-8fda-4655-91ef-f8fed295f6a2","local_time":"20190128212245","is_ascension_mode":true,"campfire_choices":[{"data":"Zap","floor":6,"key":"SMITH"}],"neow_cost":"NONE","seed_source_timestamp":545263250183399,"circlet_count":0,"master_deck":["AscendersBane","Strike_B","Strike_B","Strike_B","Defend_B","Defend_B","Defend_B","Defend_B","Zap+1","Dualcast","Genetic Algorithm","Streamline","Genetic Algorithm"],"relics":["Cracked Core","Bag of Marbles","Ginger","Turnip"],"potions_floor_usage":[7,8,10],"damage_taken":[{"damage":5,"enemies":"2 Louse","floor":1,"turns":4},{"damage":5,"enemies":"Small Slimes","floor":2,"turns":3},{"damage":0,"enemies":"Cultist","floor":4,"turns":3},{"damage":6,"enemies":"Looter","floor":7,"turns":3},{"damage":35,"enemies":"Lagavulin","floor":8,"turns":7},{"damage":34,"enemies":"Gremlin Nob","floor":10,"turns":3}],"seed_played":"1600407947200827483","potions_obtained":[{"floor":1,"key":"AttackPotion"},{"floor":2,"key":"Weak Potion"},{"floor":7,"key":"Regen Potion"}],"is_trial":false,"path_per_floor":["M","M","?","M","?","R","M","E","T","E"],"character_chosen":"DEFECT","items_purchased":[],"campfire_rested":0,"item_purchase_floors":[],"current_hp_per_floor":[59,54,54,54,54,54,48,13,13,0],"gold":107,"neow_bonus":"RANDOM_COMMON_RELIC","is_prod":false,"is_daily":false,"chose_seed":false,"campfire_upgraded":1,"win_rate":0,"timestamp":1548706965,"path_taken":["M","M","?","M","?","R","M","E","T","E"],"build_version":"2019-01-23","purchased_purges":0,"victory":false,"max_hp_per_floor":[71,71,71,71,71,71,71,71,71,71],"card_choices":[{"not_picked":["Chaos","Barrage","Rebound"],"picked":"SKIP","floor":1},{"not_picked":["Streamline","FTL"],"picked":"Genetic Algorithm","floor":2},{"not_picked":["Conserve Battery","Stack","Recycle"],"picked":"SKIP","floor":4},{"not_picked":["Fusion","Compile Driver"],"picked":"Streamline","floor":7},{"not_picked":["Streamline","Core Surge"],"picked":"Genetic Algorithm","floor":8}],"player_experience":1050446,"relics_obtained":[{"floor":8,"key":"Ginger"},{"floor":9,"key":"Turnip"}],"event_choices":[{"damage_healed":0,"gold_gain":0,"player_choice":"Ignored","damage_taken":0,"max_hp_gain":0,"max_hp_loss":0,"event_name":"Liars Game","floor":3,"gold_loss":0},{"cards_removed":["Strike_B"],"damage_healed":0,"gold_gain":0,"player_choice":"Card Removal","damage_taken":0,"max_hp_gain":0,"max_hp_loss":0,"event_name":"The Cleric","floor":5,"gold_loss":75}],"is_beta":false,"boss_relics":[],"items_purged_floors":[],"is_endless":false,"potions_floor_spawned":[1,2,7],"killed_by":"Gremlin Nob","ascension_level":19}