{"gold_per_floor":[111,111,127,52,70,102,102,112,112,123,123,140,215,232,232,232],"floor_reached":16,"playtime":1007,"items_purged":["Injury"],"score":125,"play_id":"0a019892-fc07-49dd-8cdf-8007b91565b9","local_time":"20190108175442","is_ascension_mode":true,"campfire_choices":[{"data":"1","floor":11,"key":"LIFT"},{"data":"2","floor":15,"key":"LIFT"}],"neow_cost":"CURSE","seed_source_timestamp":581177548195695,"circlet_count":0,"master_deck":["Strike_B","Defend_B","Defend_B","Defend_B","Defend_B","Zap+1","Dualcast","Electrodynamics","Glacier","Hologram","Gash","Steam","Loop","All For One","Coolheaded","Glacier"],"relics":["Cracked Core","Girya","Emotion Chip"],"potions_floor_usage":[12,12],"damage_taken":[{"damage":6,"enemies":"2 Louse","floor":1,"turns":4},{"damage":7,"enemies":"Small Slimes","floor":3,"turns":4},{"damage":1,"enemies":"Cultist","floor":5,"turns":3},{"damage":7,"enemies":"Lagavulin","floor":6,"turns":8},{"damage":2,"enemies":"Large Slime","floor":8,"turns":4},{"damage":0,"enemies":"3 Louse","floor":10,"turns":3},{"damage":18,"enemies":"Exordium Thugs","floor":12,"turns":4},{"damage":0,"enemies":"Blue Slaver","floor":14,"turns":4},{"damage":30,"enemies":"The Guardian","floor":16,"turns":8}],"seed_played":"-8476102203018994376","potions_obtained":[{"floor":5,"key":"SneckoOil"},{"floor":8,"key":"SteroidPotion"},{"floor":12,"key":"Fruit Juice"}],"is_trial":false,"path_per_floor":["M","?","M","$","M","E","?","M","T","M","R","M","?","M","R","B"],"character_chosen":"DEFECT","items_purchased":[],"campfire_rested":0,"item_purchase_floors":[],"current_hp_per_floor":[69,69,62,62,61,54,54,52,52,52,52,39,28,28,28,0],"gold":232,"neow_bonus":"TRANSFORM_TWO_CARDS","is_prod":false,"is_daily":false,"chose_seed":false,"campfire_upgraded":0,"win_rate":0,"timestamp":1546991682,"path_taken":["M","?","M","$","M","E","?","?","T","M","R","M","?","M","R","BOSS"],"build_version":"2019-01-03v4","purchased_purges":1,"victory":false,"max_hp_per_floor":[75,75,75,75,75,75,75,75,75,75,75,80,80,80,80,80],"card_choices":[{"not_picked":["Stack","Compile Driver"],"picked":"Hologram","floor":1},{"not_picked":["Rebound","Stack"],"picked":"Gash","floor":3},{"not_picked":["Auto Shields","Skim"],"picked":"Steam","floor":5},{"not_picked":["Conserve Battery","Hologram"],"picked":"Loop","floor":6},{"not_picked":["Beam Cell","Undo"],"picked":"All For One","floor":8},{"not_picked":["Cold Snap","Stack"],"picked":"Coolheaded","floor":10},{"not_picked":["Turbo","Reinforced Body","Static Discharge"],"picked":"SKIP","floor":12},{"not_picked":["Steam Power","Chaos"],"picked":"Glacier","floor":14}],"player_experience":155086,"relics_obtained":[{"floor":6,"key":"Girya"},{"floor":9,"key":"Emotion Chip"}],"event_choices":[{"cards_removed":["Strike_B"],"damage_healed":0,"gold_gain":0,"player_choice":"Forget","damage_taken":0,"max_hp_gain":0,"max_hp_loss":0,"event_name":"Living Wall","floor":2,"gold_loss":0},{"damage_healed":0,"gold_gain":0,"player_choice":"Upgraded","damage_taken":0,"max_hp_gain":0,"max_hp_loss":0,"event_name":"Upgrade Shrine","floor":7,"gold_loss":0,"cards_upgraded":["Zap"]},{"damage_healed":0,"gold_gain":75,"player_choice":"Gather Gold","damage_taken":11,"max_hp_gain":0,"max_hp_loss":0,"event_name":"World of Goop","floor":13,"gold_loss":0}],"is_beta":false,"boss_relics":[],"items_purged_floors":[4],"is_endless":false,"potions_floor_spawned":[5,8,12],"killed_by":"The Guardian","ascension_level":4}