{"gold_per_floor":[112,124,141,25,25,25,57,57,84,99,99,111,153,183,195,283,295,326,9,19,32,82,112,92,123,193,193,220,237,237,250,250,250],"floor_reached":33,"playtime":2716,"items_purged":[],"score":630,"play_id":"20a1b7ae-92af-4a67-b0ce-3b6f761c2055","local_time":"20190203123051","is_ascension_mode":true,"campfire_choices":[{"data":"Dagger Spray","floor":6,"key":"SMITH"},{"data":"Glass Knife","floor":12,"key":"SMITH"},{"data":"Predator","floor":15,"key":"SMITH"},{"data":"Wraith Form v2","floor":27,"key":"SMITH"},{"data":"Neutralize","floor":30,"key":"SMITH"},{"data":"1","floor":32,"key":"LIFT"}],"neow_cost":"NONE","seed_source_timestamp":1046257994109956,"circlet_count":0,"master_deck":["AscendersBane","Defend_G","Defend_G","Defend_G","Defend_G","Defend_G","Strike_G","Strike_G","Strike_G","Strike_G","Survivor","Neutralize+1","Cloak And Dagger","Quick Slash+1","Dagger Spray+1","Infinite Blades","Predator+1","Deflect","Glass Knife+1","Backflip","Calculated Gamble","Wraith Form v2+1","Well Laid Plans","Backflip","PiercingWail","PiercingWail","Noxious Fumes+1","Dash+1"],"relics":["Ring of the Snake","Bag of Marbles","Omamori","MawBank","StoneCalendar","Snecko Eye","OrangePellets","Blue Candle","Girya","Meat on the Bone","Toxic Egg 2"],"potions_floor_usage":[21,25,31,33],"damage_taken":[{"damage":0,"enemies":"Cultist","floor":1,"turns":5},{"damage":0,"enemies":"Small Slimes","floor":2,"turns":4},{"damage":1,"enemies":"2 Louse","floor":3,"turns":3},{"damage":12,"enemies":"3 Sentries","floor":7,"turns":7},{"damage":5,"enemies":"Large Slime","floor":10,"turns":5},{"damage":1,"enemies":"Gremlin Nob","floor":13,"turns":3},{"damage":0,"enemies":"2 Fungi Beasts","floor":14,"turns":1},{"damage":24,"enemies":"Slime Boss","floor":16,"turns":7},{"damage":1,"enemies":"Spheric Guardian","floor":18,"turns":5},{"damage":1,"enemies":"2 Thieves","floor":20,"turns":3},{"damage":9,"enemies":"Cultist and Chosen","floor":21,"turns":6},{"damage":5,"enemies":"Gremlin Leader","floor":23,"turns":7},{"damage":4,"enemies":"Book of Stabbing","floor":25,"turns":7},{"damage":10,"enemies":"Slavers","floor":28,"turns":7},{"damage":4,"enemies":"Centurion and Healer","floor":29,"turns":5},{"damage":1,"enemies":"Shelled Parasite and Fungi","floor":31,"turns":4},{"damage":72,"enemies":"Automaton","floor":33,"turns":12}],"seed_played":"-4262179357961008284","potions_obtained":[{"floor":2,"key":"SmokeBomb"},{"floor":7,"key":"SpeedPotion"},{"floor":16,"key":"SteroidPotion"},{"floor":23,"key":"Explosive Potion"},{"floor":25,"key":"Poison Potion"}],"is_trial":false,"path_per_floor":["M","?","?","M","?","?","?","M"],"character_chosen":"THE_SILENT","items_purchased":["Infinite Blades","Predator","OrangePellets","Well Laid Plans","Backflip"],"campfire_rested":0,"item_purchase_floors":[4,4,19,19,19],"current_hp_per_floor":[65,65,64,64,64,64,52,52,52,47,36,36,35,35,35,11,57,56,56,55,46,46,41,41,37,37,37,39,47,47,46,46,0],"gold":250,"neow_bonus":"TEN_PERCENT_HP_BONUS","is_prod":false,"is_daily":false,"chose_seed":false,"campfire_upgraded":5,"win_rate":0,"timestamp":1549189851,"path_taken":["M","M","?","$","?","R","E","?","T","?","?","R","E","M","R","BOSS","M","$","M","M","?","E","?","E","T","R","E","M","R","?","R","BOSS"],"build_version":"2019-01-23","purchased_purges":0,"victory":false,"max_hp_per_floor":[72,72,72,72,72,72,72,72,72,72,72,72,72,72,72,72,72,72,72,72,72,72,72,72,72,72,72,72,72,72,72,72,72],"card_choices":[{"not_picked":["Acrobatics","Accuracy"],"picked":"Cloak And Dagger","floor":1},{"not_picked":["Bane","Prepared"],"picked":"Quick Slash","floor":2},{"not_picked":["Blur","Riddle With Holes"],"picked":"Dagger Spray","floor":3},{"not_picked":["Flechettes","Quick Slash"],"picked":"Deflect","floor":7},{"not_picked":["Predator","Cloak And Dagger"],"picked":"Glass Knife","floor":10},{"not_picked":["Slice","Heel Hook"],"picked":"Backflip","floor":13},{"not_picked":["Blade Dance","Catalyst"],"picked":"Calculated Gamble","floor":14},{"not_picked":["A Thousand Cuts","Die Die Die"],"picked":"Wraith Form v2","floor":16},{"not_picked":["Heel Hook","Blade Dance","Poisoned Stab"],"picked":"SKIP","floor":18},{"not_picked":["Blur","Distraction"],"picked":"PiercingWail","floor":20},{"not_picked":["Cloak And Dagger","Acrobatics","Riddle With Holes"],"picked":"SKIP","floor":21},{"not_picked":["Escape Plan","Acrobatics"],"picked":"PiercingWail","floor":23},{"not_picked":["Storm of Steel","Concentrate"],"picked":"Noxious Fumes+1","floor":25},{"not_picked":["Prepared","Underhanded Strike"],"picked":"Dash+1","floor":28},{"not_picked":["Dagger Throw+1","Infinite Blades","Dagger Spray"],"picked":"SKIP","floor":29},{"not_picked":["Prepared+1","Endless Agony","Underhanded Strike"],"picked":"SKIP","floor":31}],"player_experience":1157717,"relics_obtained":[{"floor":7,"key":"Bag of Marbles"},{"floor":9,"key":"Omamori"},{"floor":13,"key":"StoneCalendar"},{"floor":23,"key":"Blue Candle"},{"floor":25,"key":"Girya"},{"floor":26,"key":"Meat on the Bone"},{"floor":28,"key":"Toxic Egg 2"}],"event_choices":[{"cards_removed":["Strike_G"],"damage_healed":0,"gold_gain":0,"player_choice":"Forget","damage_taken":0,"max_hp_gain":0,"max_hp_loss":0,"event_name":"Living Wall","floor":5,"gold_loss":0},{"damage_healed":0,"gold_gain":0,"player_choice":"Forge","damage_taken":0,"max_hp_gain":0,"max_hp_loss":0,"event_name":"Accursed Blacksmith","floor":8,"gold_loss":0,"cards_upgraded":["Quick Slash"]},{"damage_healed":0,"gold_gain":0,"player_choice":"Success","damage_taken":11,"relics_obtained":["MawBank"],"max_hp_gain":0,"max_hp_loss":0,"event_name":"Scrap Ooze","floor":11,"gold_loss":0},{"damage_healed":0,"gold_gain":50,"player_choice":"Stole From Cult","damage_taken":0,"max_hp_gain":0,"max_hp_loss":0,"event_name":"Nest","floor":22,"gold_loss":0},{"damage_healed":0,"gold_gain":0,"player_choice":"Bought 1 Potion","damage_taken":0,"max_hp_gain":0,"max_hp_loss":0,"event_name":"The Woman in Blue","floor":24,"gold_loss":0}],"is_beta":false,"boss_relics":[{"not_picked":["Astrolabe","Velvet Choker"],"picked":"Snecko Eye"}],"items_purged_floors":[],"is_endless":false,"potions_floor_spawned":[2,7,16,23,25],"killed_by":"Automaton","ascension_level":20}