{"gold_per_floor":[119,131,149,164,174,174,194,229,304,304,319,346,346,381,381,485,485,500,518,535,535,6,6,41,41,41,68,0,0,27,47,47,145,145,165,178,278,278,293,293,304,304],"floor_reached":42,"playtime":3450,"items_purged":["Multi-Cast"],"score":555,"play_id":"077b707f-9019-46ee-b1d6-5933ae69cf28","local_time":"20190124193120","is_ascension_mode":false,"campfire_choices":[{"data":"Self Repair","floor":6,"key":"SMITH"},{"floor":10,"key":"REST"},{"floor":13,"key":"REST"},{"floor":15,"key":"REST"},{"floor":23,"key":"REST"},{"floor":25,"key":"REST"},{"floor":32,"key":"REST"},{"floor":40,"key":"REST"}],"neow_cost":"NONE","seed_source_timestamp":1302019166171487,"circlet_count":0,"master_deck":["Strike_B","Strike_B","Strike_B","Strike_B","Defend_B","Defend_B","Defend_B","Defend_B","Zap","Dualcast","Rainbow","Self Repair+1","Cold Snap","Ball Lightning","Genetic Algorithm","Redo","FTL","Ball Lightning","Go for the Eyes","Electrodynamics","Machine Learning","Leap+1","Loop","Melter","BootSequence","Gash","Ball Lightning","Double Energy+1","Static Discharge","Amplify","Go for the Eyes","Cold Snap+1","FTL","Gash","Blizzard","Redo+1","All For One","Gash+1","Auto Shields+1","Thunder Strike"],"relics":["Cracked Core","Blood Vial","Mercury Hourglass","Oddly Smooth Stone","WingedGreaves","Black Star","Bag of Marbles","Torii","Potion Belt","Centennial Puzzle","Gremlin Horn","Boot","Happy Flower","Girya","Bottled Tornado","Orrery","Unceasing Top"],"potions_floor_usage":[31,33,33,33,33],"damage_taken":[{"damage":4,"enemies":"Jaw Worm","floor":1,"turns":5},{"damage":0,"enemies":"2 Louse","floor":2,"turns":4},{"damage":1,"enemies":"Small Slimes","floor":3,"turns":4},{"damage":12,"enemies":"Exordium Wildlife","floor":4,"turns":3},{"damage":13,"enemies":"Gremlin Gang","floor":5,"turns":5},{"damage":3,"enemies":"Looter","floor":7,"turns":4},{"damage":24,"enemies":"3 Sentries","floor":8,"turns":6},{"damage":5,"enemies":"3 Louse","floor":11,"turns":2},{"damage":16,"enemies":"Gremlin Nob","floor":12,"turns":3},{"damage":14,"enemies":"3 Sentries","floor":14,"turns":3},{"damage":0,"enemies":"Slime Boss","floor":16,"turns":5},{"damage":17,"enemies":"2 Thieves","floor":18,"turns":4},{"damage":0,"enemies":"Chosen","floor":19,"turns":4},{"damage":26,"enemies":"Snake Plant","floor":20,"turns":5},{"damage":35,"enemies":"Slavers","floor":24,"turns":4},{"damage":1,"enemies":"Gremlin Leader","floor":27,"turns":5},{"damage":56,"enemies":"Book of Stabbing","floor":30,"turns":6},{"damage":18,"enemies":"3 Cultists","floor":31,"turns":3},{"damage":20,"enemies":"Collector","floor":33,"turns":8},{"damage":43,"enemies":"3 Darklings","floor":35,"turns":5},{"damage":8,"enemies":"Orb Walker","floor":36,"turns":3},{"damage":0,"enemies":"Mind Bloom Boss Battle","floor":37,"turns":4},{"damage":26,"enemies":"3 Darklings","floor":39,"turns":4},{"damage":1,"enemies":"Sphere and 2 Shapes","floor":41,"turns":3},{"damage":63,"enemies":"Reptomancer","floor":42,"turns":6}],"seed_played":"-8650750621503892804","potions_obtained":[{"floor":1,"key":"LiquidBronze"},{"floor":2,"key":"GamblersBrew"},{"floor":4,"key":"Ancient Potion"},{"floor":7,"key":"Ancient Potion"},{"floor":30,"key":"PowerPotion"},{"floor":31,"key":"Dexterity Potion"},{"floor":33,"key":"Fire Potion"},{"floor":36,"key":"SpeedPotion"},{"floor":39,"key":"Energy Potion"},{"floor":41,"key":"Energy Potion"}],"is_trial":false,"path_per_floor":["M","M","M","M","M","R","M","E","T","R","M","E","R","E","R","B",null,"M","M","M","?","$","R","E","R","T","E","?","$","E","M","R","B",null,"M","M","?","?","M","R","M","E"],"character_chosen":"DEFECT","items_purchased":["Bag of Marbles","Torii"],"campfire_rested":7,"item_purchase_floors":[22,22],"current_hp_per_floor":[71,75,75,70,64,64,71,57,57,75,70,66,75,61,75,75,75,68,75,59,59,59,75,40,62,62,73,73,73,29,23,45,37,75,42,46,48,48,34,56,57,0],"gold":304,"neow_bonus":"ONE_RANDOM_RARE_CARD","is_prod":false,"is_daily":false,"chose_seed":false,"campfire_upgraded":1,"win_rate":0.0,"timestamp":1548365480,"path_taken":["M","M","M","M","M","R","M","E","T","R","M","E","R","E","R","BOSS","M","M","M","?","$","R","E","R","T","E","?","$","E","M","R","BOSS","M","M","?","?","?","R","M","E"],"build_version":"2019-01-23","purchased_purges":1,"victory":false,"max_hp_per_floor":[75,75,75,75,75,75,75,75,75,75,75,75,75,75,75,75,75,75,75,75,75,75,75,75,75,75,75,75,75,75,75,75,75,75,75,75,75,75,75,75,75,75],"card_choices":[{"not_picked":["Storm","Gash"],"picked":"Self Repair","floor":1},{"not_picked":["Aggregate","Skim"],"picked":"Cold Snap","floor":2},{"not_picked":["Streamline","Steam Power"],"picked":"Ball Lightning","floor":3},{"not_picked":["Chaos","Barrage"],"picked":"Genetic Algorithm","floor":4},{"not_picked":["Reinforced Body","Stack"],"picked":"Redo","floor":5},{"not_picked":["Hello World","Steam Power"],"picked":"Multi-Cast","floor":7},{"not_picked":["Chaos","Melter"],"picked":"FTL","floor":8},{"not_picked":["Hologram","Blizzard"],"picked":"Ball Lightning","floor":11},{"not_picked":["Fusion","All For One"],"picked":"Go for the Eyes","floor":12},{"not_picked":["Leap","Darkness"],"picked":"Electrodynamics","floor":14},{"not_picked":["Rainbow","Amplify"],"picked":"Machine Learning","floor":16},{"not_picked":["Cold Snap","Stack"],"picked":"Leap+1","floor":18},{"not_picked":["Sunder+1","Barrage"],"picked":"Loop","floor":19},{"not_picked":["Sweeping Beam","Chaos"],"picked":"Melter","floor":20},{"not_picked":["Go for the Eyes","Streamline"],"picked":"Gash","floor":24},{"not_picked":["Genetic Algorithm","Reboot"],"picked":"Ball Lightning","floor":27},{"not_picked":["Hello World","Turbo"],"picked":"Double Energy+1","floor":30},{"not_picked":["Compile Driver+1","Barrage"],"picked":"Static Discharge","floor":31},{"not_picked":["Meteor Strike","Electrodynamics"],"picked":"Amplify","floor":33},{"not_picked":["Turbo+1","Reinforced Body"],"picked":"Go for the Eyes","floor":34},{"not_picked":["Turbo+1","Compile Driver"],"picked":"Cold Snap+1","floor":34},{"not_picked":["Barrage","Compile Driver"],"picked":"FTL","floor":34},{"not_picked":["Hologram+1","Compile Driver"],"picked":"Gash","floor":34},{"not_picked":["Skim","Steam"],"picked":"Blizzard","floor":34},{"not_picked":["Steam+1","Lockon+1"],"picked":"Redo+1","floor":35},{"not_picked":["Coolheaded+1","Barrage+1"],"picked":"All For One","floor":36},{"not_picked":["Sunder","Compile Driver"],"picked":"Gash+1","floor":37},{"not_picked":["Chaos","Coolheaded"],"picked":"Auto Shields+1","floor":39},{"not_picked":["Hologram","Capacitor"],"picked":"Thunder Strike","floor":41}],"player_experience":22880,"relics_obtained":[{"floor":8,"key":"Blood Vial"},{"floor":9,"key":"Mercury Hourglass"},{"floor":12,"key":"Oddly Smooth Stone"},{"floor":14,"key":"WingedGreaves"},{"floor":24,"key":"Potion Belt"},{"floor":24,"key":"Centennial Puzzle"},{"floor":26,"key":"Gremlin Horn"},{"floor":27,"key":"Boot"},{"floor":27,"key":"Happy Flower"},{"floor":30,"key":"Girya"},{"floor":30,"key":"Bottled Tornado"},{"floor":37,"key":"Unceasing Top"}],"event_choices":[{"damage_healed":0,"gold_gain":0,"player_choice":"Read","damage_taken":0,"max_hp_gain":0,"max_hp_loss":0,"event_name":"The Library","floor":21,"gold_loss":0,"cards_obtained":["BootSequence"]},{"damage_healed":0,"gold_gain":0,"player_choice":"Paid Fearfully","damage_taken":0,"max_hp_gain":0,"max_hp_loss":0,"event_name":"Masked Bandits","floor":28,"gold_loss":68},{"damage_healed":0,"gold_gain":0,"player_choice":"Fight","damage_taken":0,"max_hp_gain":0,"max_hp_loss":0,"event_name":"MindBloom","floor":37,"gold_loss":0},{"damage_healed":0,"gold_gain":0,"player_choice":"Ignored","damage_taken":0,"max_hp_gain":0,"max_hp_loss":0,"event_name":"NoteForYourself","floor":38,"gold_loss":0}],"is_beta":false,"boss_relics":[{"not_picked":["Eternal Feather","White Beast Statue"],"picked":"Black Star"},{"not_picked":["Coffee Dripper","Velvet Choker"],"picked":"Orrery"}],"items_purged_floors":[22],"is_endless":false,"potions_floor_spawned":[1,2,4,7,16,19,30,31,33,36,39,41],"killed_by":"Reptomancer","ascension_level":0}