{"gold_per_floor":[117,134,144,144,144,144,179,179,233,233,250,300,300,85,85,159,159,175,191,241,241,241,267,267,182,182,182],"floor_reached":27,"playtime":2720,"items_purged":["Strike_R"],"score":397,"play_id":"0ab73a3a-0bb4-4342-94fc-cf7b59ea5153","local_time":"20190130231408","is_ascension_mode":true,"campfire_choices":[{"data":"Clothesline","floor":6.0,"key":"SMITH"},{"data":"Anger","floor":8.0,"key":"SMITH"},{"data":"Havoc","floor":10.0,"key":"SMITH"},{"data":"Whirlwind","floor":13.0,"key":"SMITH"},{"data":"Combust","floor":15.0,"key":"SMITH"},{"data":"Ghostly","floor":24,"key":"SMITH"}],"neow_cost":"NONE","seed_source_timestamp":722400727127216,"circlet_count":0,"master_deck":["AscendersBane","Strike_R+1","Strike_R+1","Strike_R+1","Defend_R+1","Defend_R+1","Defend_R+1","Defend_R+1","Bash+1","Clothesline+1","Anger+1","Shrug It Off","Havoc+1","Whirlwind+1","Combust+1","Limit Break","Corruption","Pommel Strike","Ghostly+1","Ghostly","Ghostly","Shrug It Off"],"special_seed":0,"relics":["Burning Blood","NeowsBlessing","Omamori","Strawberry","Mark of Pain","Mummified Hand","Sundial","Vajra"],"potions_floor_usage":[19,23],"damage_taken":[{"damage":0.0,"enemies":"Cultist","floor":1.0,"turns":1.0},{"damage":0.0,"enemies":"2 Louse","floor":2.0,"turns":1.0},{"damage":0.0,"enemies":"Small Slimes","floor":3.0,"turns":1.0},{"damage":17.0,"enemies":"3 Sentries","floor":7.0,"turns":10.0},{"damage":1.0,"enemies":"3 Louse","floor":11.0,"turns":4.0},{"damage":27.0,"enemies":"Hexaghost","floor":16.0,"turns":8.0},{"damage":11.0,"enemies":"2 Thieves","floor":18.0,"turns":2.0},{"damage":23,"enemies":"Spheric Guardian","floor":19,"turns":4},{"damage":14,"enemies":"Slavers","floor":23,"turns":8},{"damage":33,"enemies":"Cultist and Chosen","floor":27,"turns":6}],"seed_played":"2365112752644494492","potions_obtained":[{"floor":1.0,"key":"SkillPotion"},{"floor":2.0,"key":"BloodPotion"},{"floor":16.0,"key":"SteroidPotion"},{"floor":18.0,"key":"EssenceOfSteel"},{"floor":23,"key":"SpeedPotion"}],"is_trial":false,"path_per_floor":["M","M","M","?","?","R","E","R","T","R","M","?","R","$","R","B",null,"M","M","?","?","?","E","R","?","T","M"],"character_chosen":"IRONCLAD","items_purchased":["LiquidBronze","Combust"],"campfire_rested":0,"item_purchase_floors":[14,14],"current_hp_per_floor":[74,75,75,75,68,68,57,57,64,64,69,61,61,61,61,40,72,67,58,58,58,41,33,33,33,33,0],"gold":182,"neow_bonus":"THREE_ENEMY_KILL","is_prod":false,"is_daily":false,"chose_seed":false,"campfire_upgraded":6,"win_rate":0,"timestamp":1548886448,"path_taken":["M","M","?","?","?","R","E","R","T","R","M","?","R","$","R","BOSS","M","?","?","?","?","E","R","?","T","M"],"build_version":"2019-01-23","purchased_purges":1,"victory":false,"max_hp_per_floor":[75,75,75,75,75,75,75,75,82,82,82,82,82,82,82,82,82,82,82,82,82,41,41,41,41,41,41],"card_choices":[{"not_picked":["Fire Breathing","Sever Soul"],"picked":"Clothesline","floor":1.0},{"not_picked":["Rage","Flex"],"picked":"Anger","floor":2.0},{"not_picked":["Flex","Pummel"],"picked":"Shrug It Off","floor":3.0},{"not_picked":["Exhume","Warcry"],"picked":"Havoc","floor":7.0},{"not_picked":["Heavy Blade","Fire Breathing"],"picked":"Whirlwind","floor":11.0},{"not_picked":["Immolate","Impervious"],"picked":"Limit Break","floor":16.0},{"not_picked":["Dual Wield","Perfected Strike"],"picked":"Corruption","floor":18.0},{"not_picked":["Warcry","Uppercut"],"picked":"Pommel Strike","floor":19},{"not_picked":["Twin Strike","Rampage+1"],"picked":"Shrug It Off","floor":23}],"player_experience":1107420,"relics_obtained":[{"floor":7.0,"key":"Omamori"},{"floor":9.0,"key":"Strawberry"},{"floor":23,"key":"Mummified Hand"},{"floor":26,"key":"Vajra"}],"event_choices":[{"damage_healed":0.0,"max_hp_gain":0.0,"max_hp_loss":0.0,"gold_gain":0.0,"event_name":"Living Wall","player_choice":"Grow","floor":4.0,"gold_loss":0.0,"damage_taken":0.0,"cards_upgraded":["Bash"]},{"cards_removed":["Strike_R"],"damage_healed":0.0,"max_hp_gain":0.0,"max_hp_loss":0.0,"gold_gain":0.0,"event_name":"Golden Wing","player_choice":"Card Removal","floor":5.0,"gold_loss":0.0,"damage_taken":7.0},{"damage_healed":0.0,"max_hp_gain":0.0,"max_hp_loss":0.0,"gold_gain":50.0,"event_name":"FaceTrader","player_choice":"Touch","floor":12.0,"gold_loss":0.0,"damage_taken":8.0},{"damage_healed":0,"gold_gain":50,"player_choice":"Stole From Cult","damage_taken":0,"max_hp_gain":0,"max_hp_loss":0,"event_name":"Nest","floor":20,"gold_loss":0},{"damage_healed":0,"gold_gain":0,"player_choice":"Simplicity","damage_taken":0,"max_hp_gain":0,"max_hp_loss":0,"event_name":"Back to Basics","floor":21,"gold_loss":0,"cards_upgraded":["Strike_R","Strike_R","Strike_R","Defend_R","Defend_R","Defend_R","Defend_R"]},{"damage_healed":0,"gold_gain":0,"player_choice":"Became a Ghost","damage_taken":0,"max_hp_gain":0,"max_hp_loss":41,"event_name":"Ghosts","floor":22,"gold_loss":0,"cards_obtained":["Ghostly","Ghostly","Ghostly"]},{"damage_healed":0,"gold_gain":0,"player_choice":"Obtained Relic","damage_taken":0,"relics_obtained":["Sundial"],"max_hp_gain":0,"max_hp_loss":0,"event_name":"Addict","floor":25,"gold_loss":85}],"is_beta":false,"boss_relics":[{"not_picked":["Black Blood","White Beast Statue"],"picked":"Mark of Pain"}],"items_purged_floors":[14],"is_endless":false,"potions_floor_spawned":[1,2,16,18,23],"killed_by":"Cultist and Chosen","ascension_level":15}