{"gold_per_floor":[13,13,27,37,37,37,64,78,127,140,152,164,182,213,213,213],"floor_reached":16,"playtime":1501,"items_purged":[],"score":209,"play_id":"8db17657-d7b2-430e-9562-10c4ad641708","local_time":"20181227152012","is_ascension_mode":true,"campfire_choices":[{"data":"Skewer","floor":6.0,"key":"SMITH"},{"floor":15.0,"key":"REST"}],"neow_cost":"NO_GOLD","seed_source_timestamp":335557218736306,"circlet_count":0,"master_deck":["AscendersBane","Defend_G","Defend_G","Defend_G","Defend_G","Defend_G","Strike_G","Strike_G","Strike_G","Strike_G","Survivor","Neutralize","Skewer+1","Terror","Poisoned Stab","All Out Attack","Dagger Spray","PiercingWail","Catalyst","Backflip","Footwork"],"special_seed":0,"relics":["Ring of the Snake","Calipers","Blue Candle","Juzu Bracelet","Blood Vial"],"potions_floor_usage":[],"damage_taken":[{"damage":2.0,"enemies":"Jaw Worm","floor":1.0,"turns":6.0},{"damage":4.0,"enemies":"2 Louse","floor":3.0,"turns":3.0},{"damage":1.0,"enemies":"Cultist","floor":4.0,"turns":4.0},{"damage":16.0,"enemies":"Lagavulin","floor":7.0,"turns":7.0},{"damage":10.0,"enemies":"Gremlin Gang","floor":8.0,"turns":4.0},{"damage":1.0,"enemies":"Exordium Wildlife","floor":10.0,"turns":3.0},{"damage":2.0,"enemies":"3 Louse","floor":11.0,"turns":3.0},{"damage":0.0,"enemies":"2 Fungi Beasts","floor":12.0,"turns":3.0},{"damage":1.0,"enemies":"Blue Slaver","floor":13.0,"turns":5.0},{"damage":15.0,"enemies":"3 Sentries","floor":14.0,"turns":6.0},{"damage":43,"enemies":"Slime Boss","floor":16,"turns":8}],"seed_played":"3667142639824082112","potions_obtained":[{"floor":1.0,"key":"Swift Potion"},{"floor":8.0,"key":"Ancient Potion"},{"floor":10.0,"key":"AttackPotion"},{"floor":11.0,"key":"Regen Potion"}],"is_trial":false,"path_per_floor":["M","?","M","M","?","R","E","M","T","M","M","M","M","E","R","B"],"character_chosen":"THE_SILENT","items_purchased":[],"campfire_rested":1,"item_purchase_floors":[],"current_hp_per_floor":[57,57,53,52,52,52,36,26,26,25,23,23,22,22,41,0],"gold":213,"neow_bonus":"ONE_RARE_RELIC","is_prod":false,"is_daily":false,"chose_seed":false,"campfire_upgraded":1,"win_rate":0,"timestamp":1545920412,"path_taken":["M","?","M","M","?","R","E","?","T","M","M","M","M","E","R","BOSS"],"build_version":"2018-12-20","purchased_purges":0,"victory":false,"max_hp_per_floor":[66,66,66,66,66,66,66,66,66,66,66,66,66,66,66,66],"card_choices":[{"not_picked":["Expertise","Escape Plan","Cloak And Dagger"],"picked":"SKIP","floor":1.0},{"not_picked":["Escape Plan","Caltrops"],"picked":"Terror","floor":3.0},{"not_picked":["Quick Slash","Cloak And Dagger"],"picked":"Poisoned Stab","floor":4.0},{"not_picked":["Infinite Blades","Terror"],"picked":"All Out Attack","floor":7.0},{"not_picked":["Quick Slash","Blur"],"picked":"Dagger Spray","floor":8.0},{"not_picked":["Catalyst","Backflip"],"picked":"PiercingWail","floor":10.0},{"not_picked":["Deflect","Choke"],"picked":"Catalyst","floor":11.0},{"not_picked":["Masterful Stab","PiercingWail"],"picked":"Backflip","floor":12.0},{"not_picked":["Phantasmal Killer","Bouncing Flask"],"picked":"Footwork","floor":13.0},{"not_picked":["Acrobatics","Choke","Blur"],"picked":"SKIP","floor":14.0}],"player_experience":711366,"relics_obtained":[{"floor":7.0,"key":"Blue Candle"},{"floor":9.0,"key":"Juzu Bracelet"},{"floor":14.0,"key":"Blood Vial"}],"event_choices":[{"damage_healed":0.0,"max_hp_gain":0.0,"max_hp_loss":0.0,"gold_gain":0.0,"cards_transformed":["Strike_G"],"event_name":"Living Wall","player_choice":"Change","floor":2.0,"gold_loss":0.0,"damage_taken":0.0,"cards_obtained":["Skewer"]},{"damage_healed":0.0,"max_hp_gain":0.0,"max_hp_loss":0.0,"gold_gain":0.0,"event_name":"Liars Game","player_choice":"Ignored","floor":5.0,"gold_loss":0.0,"damage_taken":0.0}],"is_beta":false,"boss_relics":[],"items_purged_floors":[],"is_endless":false,"potions_floor_spawned":[1,8,10,11],"killed_by":"Slime Boss","ascension_level":16}