{"gold_per_floor":[117,38,53,64,64,64,64,91,91,91,48,48,60,60,60,60],"floor_reached":16,"playtime":519,"items_purged":[],"score":185,"play_id":"c33cc941-da36-406a-a1bb-9e3f5c551946","local_time":"20190204012101","is_ascension_mode":true,"campfire_choices":[{"data":"1","floor":6,"key":"LIFT"},{"data":"2","floor":10,"key":"LIFT"},{"floor":15,"key":"REST"}],"neow_cost":"CURSE","seed_source_timestamp":19121838795800,"circlet_count":0,"master_deck":["AscendersBane","Defend_G","Defend_G","Defend_G","Defend_G","Defend_G","Strike_G","Strike_G","Strike_G","Strike_G","Strike_G","Survivor","Neutralize","Footwork","Deadly Poison","PiercingWail","All Out Attack","Accuracy","PiercingWail"],"relics":["Ring of the Snake","Girya","Shuriken","Meat on the Bone"],"potions_floor_usage":[16,16],"damage_taken":[{"damage":11,"enemies":"Small Slimes","floor":1,"turns":7},{"damage":8,"enemies":"2 Louse","floor":3,"turns":5},{"damage":1,"enemies":"Cultist","floor":4,"turns":4},{"damage":19,"enemies":"3 Sentries","floor":8,"turns":10},{"damage":1,"enemies":"Exordium Thugs","floor":11,"turns":6},{"damage":14,"enemies":"Exordium Wildlife","floor":13,"turns":5},{"damage":42,"enemies":"Slime Boss","floor":16,"turns":10}],"seed_played":"-8199401542868559521","potions_obtained":[{"floor":11,"key":"Block Potion"},{"floor":13,"key":"Fire Potion"}],"is_trial":false,"path_per_floor":["M","$","M","M","?","R","?","E","T","R","M","$","M","$","R","B"],"character_chosen":"THE_SILENT","items_purchased":["Footwork"],"campfire_rested":1,"item_purchase_floors":[2],"current_hp_per_floor":[48,48,40,39,32,32,32,13,13,13,24,24,22,22,41,0],"gold":60,"neow_bonus":"ONE_RARE_RELIC","is_prod":false,"is_daily":false,"chose_seed":false,"campfire_upgraded":0,"win_rate":0,"timestamp":1549236061,"path_taken":["M","$","M","M","?","R","?","E","T","R","M","$","?","?","R","BOSS"],"build_version":"2019-01-23","purchased_purges":0,"victory":false,"max_hp_per_floor":[66,66,66,66,66,66,66,66,66,66,66,66,66,66,66,66],"card_choices":[{"not_picked":["Dagger Throw","Acrobatics","Outmaneuver"],"picked":"SKIP","floor":1},{"not_picked":["Poisoned Stab","Blade Dance"],"picked":"Deadly Poison","floor":3},{"not_picked":["Quick Slash","Flying Knee"],"picked":"PiercingWail","floor":4},{"not_picked":["Heel Hook","Crippling Poison"],"picked":"Accuracy","floor":8},{"not_picked":["Dash","Tactician","Caltrops"],"picked":"SKIP","floor":11},{"not_picked":["Dash","Tactician","Caltrops"],"picked":"SKIP","floor":11},{"not_picked":["Skewer","Bullet Time"],"picked":"PiercingWail","floor":13}],"player_experience":598758,"relics_obtained":[{"floor":8,"key":"Shuriken"},{"floor":9,"key":"Meat on the Bone"}],"event_choices":[{"cards_removed":["Writhe"],"damage_healed":0,"gold_gain":0,"player_choice":"Card Removal","damage_taken":7,"max_hp_gain":0,"max_hp_loss":0,"event_name":"Golden Wing","floor":5,"gold_loss":0},{"damage_healed":0,"gold_gain":0,"player_choice":"1 cards matched","damage_taken":0,"max_hp_gain":0,"max_hp_loss":0,"event_name":"Match and Keep!","floor":7,"gold_loss":0,"cards_obtained":["All Out Attack"]}],"is_beta":false,"boss_relics":[],"items_purged_floors":[],"is_endless":false,"potions_floor_spawned":[11,13],"killed_by":"Slime Boss","ascension_level":17}