{"gold_per_floor":[126,155,178,190,202,241,253,293,305,317,339,370,28,89,89,164,164,174,190,115,115,128,128,155,168,218,218,218,231,243,273,273,348,348,358,62,62,82,96,131,181,181,261,294,294,138,138,155,155,155],"floor_reached":51,"playtime":5327,"items_purged":["Strike_B"],"score":1390,"play_id":"56c4de21-8088-4be5-8bef-f933233eb959","local_time":"20190116225909","is_ascension_mode":true,"campfire_choices":[{"data":"Hyperbeam","floor":7.0,"key":"SMITH"},{"data":"Zap","floor":10.0,"key":"SMITH"},{"floor":15.0,"key":"REST"},{"data":"Defragment","floor":23.0,"key":"SMITH"},{"data":"Machine Learning","floor":27.0,"key":"SMITH"},{"data":"Seek","floor":32.0,"key":"SMITH"},{"data":"Seek","floor":42,"key":"SMITH"},{"data":"Multi-Cast","floor":45,"key":"SMITH"},{"data":"Biased Cognition","floor":49,"key":"SMITH"}],"neow_cost":"NONE","seed_source_timestamp":102647029895069,"circlet_count":0,"master_deck":["AscendersBane","Defend_B","Defend_B","Defend_B","Defend_B","Zap+1","Dualcast","Gash","Coolheaded","Coolheaded","Hyperbeam+1","Glacier","Go for the Eyes+1","Defragment+1","Seek+1","Cold Snap+1","Seek+1","Cold Snap+1","Doom and Gloom+1","Force Field","Machine Learning+1","Self Repair","Ghostly","Ghostly","Ghostly","Gash+1","Amplify","Redo+1","Multi-Cast+1","Hologram+1","Loop","Recycle","Hologram+1","Darkness+1","Biased Cognition+1","Conserve Battery+1"],"special_seed":0,"relics":["Cracked Core","MawBank","Strawberry","Gremlin Horn","Orichalcum","Letter Opener","Molten Egg 2","DataDisk","Blood Vial","Velvet Choker","Anchor","Smiling Mask","Pear","White Beast Statue","OrangePellets","Toxic Egg 2","Gambling Chip","Symbiotic Virus","Bronze Scales"],"potions_floor_usage":[39,40,40,44],"damage_taken":[{"damage":0.0,"enemies":"2 Louse","floor":1.0,"turns":2.0},{"damage":7.0,"enemies":"Jaw Worm","floor":2.0,"turns":2.0},{"damage":12.0,"enemies":"Small Slimes","floor":3.0,"turns":5.0},{"damage":24.0,"enemies":"Lagavulin","floor":6.0,"turns":10.0},{"damage":4.0,"enemies":"Gremlin Nob","floor":8.0,"turns":3.0},{"damage":0.0,"enemies":"2 Fungi Beasts","floor":11.0,"turns":2.0},{"damage":0.0,"enemies":"Looter","floor":12.0,"turns":2.0},{"damage":3.0,"enemies":"3 Sentries","floor":14.0,"turns":4.0},{"damage":41.0,"enemies":"Slime Boss","floor":16.0,"turns":9.0},{"damage":0.0,"enemies":"Spheric Guardian","floor":18.0,"turns":3.0},{"damage":0.0,"enemies":"Shell Parasite","floor":19.0,"turns":6.0},{"damage":0.0,"enemies":"Snecko","floor":22.0,"turns":5.0},{"damage":0.0,"enemies":"Book of Stabbing","floor":24.0,"turns":8.0},{"damage":0.0,"enemies":"Centurion and Healer","floor":25.0,"turns":6.0},{"damage":0.0,"enemies":"Shelled Parasite and Fungi","floor":29.0,"turns":5.0},{"damage":0.0,"enemies":"3 Cultists","floor":30.0,"turns":3.0},{"damage":19.0,"enemies":"Slavers","floor":31.0,"turns":7.0},{"damage":29,"enemies":"Automaton","floor":33,"turns":16},{"damage":0,"enemies":"Orb Walker","floor":35,"turns":4},{"damage":0,"enemies":"3 Shapes","floor":38,"turns":3},{"damage":1,"enemies":"3 Darklings","floor":39,"turns":5},{"damage":24,"enemies":"Giant Head","floor":40,"turns":15},{"damage":2,"enemies":"2 Orb Walkers","floor":41,"turns":5},{"damage":0,"enemies":"Reptomancer","floor":44,"turns":9},{"damage":0,"enemies":"Sphere and 2 Shapes","floor":48,"turns":3},{"damage":14,"enemies":"Awakened One","floor":50,"turns":9}],"seed_played":"-8603212128005583520","potions_obtained":[{"floor":1.0,"key":"Weak Potion"},{"floor":6.0,"key":"Fire Potion"},{"floor":8.0,"key":"Ancient Potion"},{"floor":19.0,"key":"Ancient Potion"},{"floor":35,"key":"SkillPotion"},{"floor":38,"key":"GamblersBrew"},{"floor":39,"key":"Block Potion"},{"floor":40,"key":"Fire Potion"},{"floor":41,"key":"Fire Potion"},{"floor":44,"key":"SteroidPotion"}],"is_trial":false,"path_per_floor":["M","M","M","?","T","E","R","E","T","R","M","M","$","?","R","B",null,"M","M","?","?","M","R","E","M","T","R","?","M","M","E","R","B",null,"M","$","?","M","M","E","?","R","T","E","R","$","?","M","R","B",null],"character_chosen":"DEFECT","items_purchased":["DataDisk","Defragment","Seek","OrangePellets","Loop","Biased Cognition"],"campfire_rested":1,"item_purchase_floors":[13,13,13,36,36,46],"current_hp_per_floor":[64,57,45,47,47,23,23,19,19,19,19,19,19,18,41,2,59,61,63,63,63,65,65,67,69,69,69,39,39,39,37,37,17,41,49,49,49,49,48,32,39,39,39,48,48,48,48,49,49,35],"gold":155,"neow_bonus":"RANDOM_COMMON_RELIC","is_prod":false,"is_daily":false,"chose_seed":false,"campfire_upgraded":8,"win_rate":0,"timestamp":1547675949,"path_taken":["M","M","M","?","?","E","R","E","T","R","M","M","$","?","R","BOSS","M","M","?","?","M","R","E","M","T","R","?","?","M","E","R","BOSS","M","$","?","?","M","E","?","R","T","E","R","$","?","?","R","BOSS"],"build_version":"2019-01-10","purchased_purges":1,"victory":true,"max_hp_per_floor":[71,71,71,78,78,78,78,78,78,78,78,78,78,78,78,78,78,78,78,78,78,78,78,78,78,78,78,39,39,39,49,49,49,49,49,49,49,49,49,49,49,49,49,49,49,49,49,49,49,49],"card_choices":[{"not_picked":["Consume","Steam"],"picked":"Gash","floor":1.0},{"not_picked":["Loop","Rebound"],"picked":"Coolheaded","floor":2.0},{"not_picked":["Fusion","Static Discharge"],"picked":"Coolheaded","floor":3.0},{"not_picked":["Heatsinks","Beam Cell"],"picked":"Hyperbeam","floor":6.0},{"not_picked":["Darkness","Stack"],"picked":"Glacier","floor":8.0},{"not_picked":["Beam Cell+1","Steam","Consume"],"picked":"SKIP","floor":11.0},{"not_picked":["Beam Cell+1","Coolheaded"],"picked":"Go for the Eyes+1","floor":12.0},{"not_picked":["Ball Lightning+1","Steam"],"picked":"Cold Snap+1","floor":14.0},{"not_picked":["Amplify","All For One+1"],"picked":"Seek","floor":16.0},{"not_picked":["Skim","Darkness"],"picked":"Cold Snap+1","floor":18.0},{"not_picked":["Ball Lightning+1","Sweeping Beam+1"],"picked":"Doom and Gloom+1","floor":19.0},{"not_picked":["Leap","Ball Lightning+1","Barrage+1"],"picked":"SKIP","floor":22.0},{"not_picked":["Gash+1","Leap"],"picked":"Machine Learning","floor":24.0},{"not_picked":["Streamline+1","Undo"],"picked":"Self Repair","floor":25.0},{"not_picked":["Ball Lightning+1","Leap"],"picked":"Gash+1","floor":29.0},{"not_picked":["Genetic Algorithm","FTL+1"],"picked":"Amplify","floor":30.0},{"not_picked":["White Noise","Sweeping Beam+1"],"picked":"Redo+1","floor":31.0},{"not_picked":["Buffer","Amplify"],"picked":"Multi-Cast","floor":33},{"not_picked":["Leap","Barrage+1"],"picked":"Hologram+1","floor":35},{"not_picked":["Barrage+1","Stack+1"],"picked":"Recycle","floor":38},{"not_picked":["Ball Lightning+1","Sweeping Beam+1","Leap"],"picked":"SKIP","floor":39},{"not_picked":["Aggregate+1","Ball Lightning+1"],"picked":"Hologram","floor":40},{"not_picked":["Turbo+1","Compile Driver+1"],"picked":"Darkness+1","floor":41},{"not_picked":["Ball Lightning+1","Gash+1","Steam+1"],"picked":"SKIP","floor":44},{"not_picked":["Barrage+1","Stack+1"],"picked":"Conserve Battery+1","floor":48}],"player_experience":893172,"relics_obtained":[{"floor":5.0,"key":"Gremlin Horn"},{"floor":6.0,"key":"Orichalcum"},{"floor":8.0,"key":"Letter Opener"},{"floor":9.0,"key":"Molten Egg 2"},{"floor":24.0,"key":"Anchor"},{"floor":26.0,"key":"Smiling Mask"},{"floor":31.0,"key":"Pear"},{"floor":40,"key":"Toxic Egg 2"},{"floor":41,"key":"Gambling Chip"},{"floor":43,"key":"Symbiotic Virus"},{"floor":44,"key":"Bronze Scales"}],"event_choices":[{"damage_healed":0.0,"max_hp_gain":0.0,"max_hp_loss":0.0,"gold_gain":0.0,"event_name":"Scrap Ooze","player_choice":"Success","floor":4.0,"gold_loss":0.0,"damage_taken":5.0,"relics_obtained":["Strawberry"]},{"damage_healed":0.0,"max_hp_gain":0.0,"max_hp_loss":0.0,"gold_gain":30.0,"event_name":"Dead Adventurer","player_choice":"Searched \u00273\u0027 times","floor":14.0,"gold_loss":0.0,"damage_taken":0.0,"relics_obtained":["Blood Vial"]},{"cards_removed":["Strike_B"],"damage_healed":0.0,"max_hp_gain":0.0,"max_hp_loss":0.0,"gold_gain":0.0,"event_name":"Beggar","player_choice":"Gave Gold","floor":20.0,"gold_loss":75.0,"damage_taken":0.0},{"damage_healed":0.0,"max_hp_gain":0.0,"max_hp_loss":0.0,"gold_gain":0.0,"cards_transformed":["Strike_B","Strike_B"],"event_name":"Drug Dealer","player_choice":"Became Test Subject","floor":21.0,"gold_loss":0.0,"damage_taken":0.0,"cards_obtained":["Rainbow","Force Field"]},{"damage_healed":0.0,"max_hp_gain":0.0,"max_hp_loss":39.0,"gold_gain":0.0,"event_name":"Ghosts","player_choice":"Became a Ghost","floor":28.0,"gold_loss":0.0,"damage_taken":0.0,"cards_obtained":["Ghostly","Ghostly","Ghostly"]},{"damage_healed":0,"gold_gain":0,"player_choice":"Ignored","damage_taken":0,"max_hp_gain":0,"max_hp_loss":0,"event_name":"SecretPortal","floor":37,"gold_loss":0},{"damage_healed":0,"gold_gain":0,"player_choice":"Fight","damage_taken":0,"max_hp_gain":0,"max_hp_loss":0,"event_name":"Mysterious Sphere","floor":41,"gold_loss":0},{"cards_removed":["Rainbow"],"damage_healed":0,"gold_gain":0,"player_choice":"Card Removal","damage_taken":0,"max_hp_gain":0,"max_hp_loss":0,"event_name":"Wheel of Change","floor":47,"gold_loss":0}],"is_beta":false,"boss_relics":[{"not_picked":["Orrery","Tiny House"],"picked":"Velvet Choker"},{"not_picked":["Fusion Hammer","Cursed Key"],"picked":"White Beast Statue"}],"items_purged_floors":[36],"is_endless":false,"potions_floor_spawned":[1,6,8,14,19,24,30,35,38,39,40,41,44,48],"ascension_level":15}