{"gold_per_floor":[111,128,38,38,38,81,81,81,107,107,122,165,165,184,184,315,315,335,10,34,34],"floor_reached":21,"playtime":1048,"items_purged":[],"score":254,"play_id":"cb2f0c6a-78f1-4351-8f8e-5e86c20a0a2d","local_time":"20190131224234","is_ascension_mode":true,"campfire_choices":[{"floor":7,"key":"RECALL"},{"floor":10,"key":"REST"},{"floor":15,"key":"REST"}],"neow_cost":"NONE","seed_source_timestamp":80068287155225,"circlet_count":0,"master_deck":["Strike_B","Strike_B","Strike_B","Strike_B","Defend_B","Defend_B","Defend_B","Defend_B","Zap","Dualcast","Hologram","BootSequence","Go for the Eyes","FTL","Hello World","Cold Snap","Coolheaded","Coolheaded","Echo Form","Static Discharge","Storm","BootSequence"],"relics":["Cracked Core","NeowsBlessing","Golden Idol","Darkstone Periapt","Ancient Tea Set","Nuclear Battery","Shuriken"],"potions_floor_usage":[12,16,16],"damage_taken":[{"damage":0,"enemies":"Small Slimes","floor":1,"turns":1},{"damage":0,"enemies":"2 Louse","floor":2,"turns":1},{"damage":0,"enemies":"3 Sentries","floor":6,"turns":1},{"damage":0,"enemies":"Cultist","floor":11,"turns":3},{"damage":35,"enemies":"Lagavulin","floor":12,"turns":7},{"damage":0,"enemies":"3 Louse","floor":14,"turns":2},{"damage":43,"enemies":"Hexaghost","floor":16,"turns":9},{"damage":22,"enemies":"3 Byrds","floor":18,"turns":6},{"damage":15,"enemies":"Spheric Guardian","floor":20,"turns":5},{"damage":43,"enemies":"Shelled Parasite and Fungi","floor":21,"turns":5}],"seed_played":"684977935900141203","potions_obtained":[{"floor":2,"key":"Energy Potion"},{"floor":6,"key":"SteroidPotion"},{"floor":12,"key":"AttackPotion"},{"floor":18,"key":"Energy Potion"},{"floor":20,"key":"Weak Potion"}],"is_trial":false,"path_per_floor":["M","M","$","?","$","E","R","?","T","R","M","E","?","M","R","B",null,"M","$","M","M"],"character_chosen":"DEFECT","items_purchased":["Go for the Eyes","FTL","Shuriken","Storm"],"campfire_rested":2,"item_purchase_floors":[3,3,19,19],"current_hp_per_floor":[75,75,75,57,57,57,57,57,57,75,75,40,45,45,69,26,80,58,58,43,0],"gold":34,"neow_bonus":"THREE_ENEMY_KILL","is_prod":false,"is_daily":false,"chose_seed":false,"campfire_upgraded":0,"win_rate":0,"timestamp":1548981754,"path_taken":["M","M","$","?","$","E","R","?","T","R","M","E","?","M","R","BOSS","M","$","M","M"],"build_version":"2019-01-23","purchased_purges":0,"victory":false,"max_hp_per_floor":[75,75,75,75,75,75,75,75,75,75,75,75,80,80,80,80,80,80,80,80,80],"card_choices":[{"not_picked":["Barrage","Consume"],"picked":"Hologram","floor":1},{"not_picked":["Coolheaded","Gash"],"picked":"BootSequence","floor":2},{"not_picked":["All For One","Sweeping Beam"],"picked":"Hello World","floor":6},{"not_picked":["Steam","Auto Shields"],"picked":"Cold Snap","floor":11},{"not_picked":["Compile Driver","Chill"],"picked":"Coolheaded","floor":12},{"not_picked":["Stack","Turbo"],"picked":"Coolheaded","floor":14},{"not_picked":["Core Surge","Amplify"],"picked":"Echo Form","floor":16},{"not_picked":["Darkness","FTL"],"picked":"Static Discharge","floor":18},{"not_picked":["Skim","Tempest"],"picked":"BootSequence","floor":20}],"player_experience":97588,"relics_obtained":[{"floor":6,"key":"Darkstone Periapt"},{"floor":12,"key":"Ancient Tea Set"}],"event_choices":[{"damage_healed":0,"gold_gain":0,"player_choice":"Take Damage","damage_taken":18,"relics_obtained":["Golden Idol"],"max_hp_gain":0,"max_hp_loss":0,"event_name":"Golden Idol","floor":4,"gold_loss":0},{"damage_healed":0,"gold_gain":0,"player_choice":"Leave","damage_taken":0,"max_hp_gain":0,"max_hp_loss":0,"event_name":"The Cleric","floor":8,"gold_loss":0},{"damage_healed":0,"gold_gain":0,"player_choice":"Donut","damage_taken":0,"max_hp_gain":5,"max_hp_loss":0,"event_name":"Big Fish","floor":13,"gold_loss":0}],"is_beta":false,"boss_relics":[{"not_picked":["White Beast Statue","Orrery"],"picked":"Nuclear Battery"}],"items_purged_floors":[],"is_endless":false,"potions_floor_spawned":[2,6,12,18,20],"killed_by":"Shelled Parasite and Fungi","ascension_level":4}