{"gold_per_floor":[115,127,127,142,156,188,188,220,244,244,271,271,24,24,24,120,120,139,15,15,15,27,52,2,2,82,102,120,120,136,216,216,312,312,328,85,101,120,120,155,555,555,581,595,595,612,612,623,623,623],"floor_reached":51,"playtime":3335,"items_purged":["Defend_G","Strike_G","Strike_G"],"score":765,"play_id":"2731aefb-be6e-487c-811e-5c87546c13e4","local_time":"20190201121242","is_ascension_mode":false,"campfire_choices":[{"data":"Dagger Spray","floor":7,"key":"SMITH"},{"data":"Neutralize","floor":10,"key":"SMITH"},{"data":"Footwork","floor":12,"key":"SMITH"},{"data":"Blur","floor":15,"key":"SMITH"},{"data":"Noxious Fumes","floor":25,"key":"SMITH"},{"data":"Catalyst","floor":29,"key":"SMITH"},{"floor":32,"key":"REST"},{"data":"Noxious Fumes","floor":42,"key":"SMITH"},{"data":"Dagger Spray","floor":45,"key":"SMITH"},{"floor":49,"key":"REST"}],"neow_cost":"NONE","seed_source_timestamp":378742763522162,"circlet_count":0,"master_deck":["Defend_G","Defend_G","Defend_G","Strike_G","Strike_G","Survivor","Neutralize+1","Blade Dance","Dagger Spray+1","Iron Wave","Leg Sweep","Backflip","Dodge and Roll+1","Footwork+1","Blur+1","Noxious Fumes+1","Noxious Fumes+1","Dagger Spray+1","Catalyst+1","Poisoned Stab+1","Footwork+1","Bullet Time","Catalyst+1","Deadly Poison+1"],"relics":["Ring of the Snake","Smiling Mask","Lantern","Potion Belt","Dream Catcher","Lee\u0027s Waffle","Runic Pyramid","Pantograph","Frozen Egg 2","Gremlin Horn","Lizard Tail","DollysMirror","Bottled Tornado","Old Coin","Ancient Tea Set"],"potions_floor_usage":[8,16,16,28,30,46,50,50],"damage_taken":[{"damage":4,"enemies":"Cultist","floor":1,"turns":5},{"damage":0,"enemies":"Small Slimes","floor":2,"turns":4},{"damage":0,"enemies":"2 Louse","floor":4,"turns":3},{"damage":0,"enemies":"Looter","floor":5,"turns":5},{"damage":5,"enemies":"3 Sentries","floor":6,"turns":10},{"damage":21,"enemies":"Gremlin Nob","floor":8,"turns":4},{"damage":7,"enemies":"3 Sentries","floor":11,"turns":8},{"damage":76,"enemies":"Hexaghost","floor":16,"turns":27},{"damage":0,"enemies":"3 Byrds","floor":18,"turns":6},{"damage":5,"enemies":"Chosen","floor":22,"turns":6},{"damage":18,"enemies":"Gremlin Leader","floor":23,"turns":8},{"damage":1,"enemies":"Snake Plant","floor":27,"turns":7},{"damage":1,"enemies":"Shelled Parasite and Fungi","floor":28,"turns":5},{"damage":13,"enemies":"Centurion and Healer","floor":30,"turns":7},{"damage":38,"enemies":"Collector","floor":33,"turns":8},{"damage":9,"enemies":"Orb Walker","floor":35,"turns":7},{"damage":15,"enemies":"3 Darklings","floor":37,"turns":6},{"damage":6,"enemies":"Writhing Mass","floor":38,"turns":6},{"damage":0,"enemies":"Giant Head","floor":40,"turns":7},{"damage":1,"enemies":"Mind Bloom Boss Battle","floor":41,"turns":6},{"damage":9,"enemies":"Maw","floor":44,"turns":5},{"damage":13,"enemies":"4 Shapes","floor":46,"turns":5},{"damage":23,"enemies":"Spire Growth","floor":48,"turns":4},{"damage":74,"enemies":"Awakened One","floor":50,"turns":14}],"seed_played":"6943569791842677867","potions_obtained":[{"floor":5,"key":"Dexterity Potion"},{"floor":6,"key":"SteroidPotion"},{"floor":8,"key":"GhostInAJar"},{"floor":16,"key":"FearPotion"},{"floor":27,"key":"Energy Potion"},{"floor":28,"key":"Block Potion"},{"floor":30,"key":"SneckoOil"},{"floor":38,"key":"LiquidBronze"},{"floor":44,"key":"Explosive Potion"},{"floor":46,"key":"Block Potion"}],"is_trial":false,"path_per_floor":["M","M","?","M","M","E","R","E","T","R","E","R","$","?","R","B",null,"M","$","?","?","M","E","$","R","T","M","M","R","M","T","R","B",null,"M","$","M","M","?","E","?","R","T","M","R","M","?","M","R","B",null],"character_chosen":"THE_SILENT","items_purchased":["Lee\u0027s Waffle","Noxious Fumes","Dagger Spray","DollysMirror"],"campfire_rested":2,"item_purchase_floors":[13,19,19,36],"current_hp_per_floor":[73,73,73,73,73,68,68,47,47,47,40,40,84,84,84,8,84,84,84,84,84,79,61,61,61,61,60,59,59,46,46,71,46,84,75,75,60,54,54,54,78,78,78,69,69,56,56,33,58,9],"gold":623,"neow_bonus":"TEN_PERCENT_HP_BONUS","is_prod":false,"is_daily":false,"chose_seed":false,"campfire_upgraded":8,"win_rate":0,"timestamp":1549041162,"path_taken":["M","M","?","?","M","E","R","E","T","R","E","R","$","?","R","BOSS","M","$","?","?","M","E","?","R","T","?","M","R","?","?","R","BOSS","M","$","M","M","?","E","?","R","T","M","R","M","?","?","R","BOSS"],"build_version":"2019-01-23","purchased_purges":3,"victory":true,"max_hp_per_floor":[77,77,77,77,77,77,77,77,77,77,77,77,84,84,84,84,84,84,84,84,84,84,84,84,84,84,84,84,84,84,84,84,84,84,84,84,84,84,84,84,84,84,84,84,84,84,84,84,84,84],"card_choices":[{"not_picked":["Quick Slash","Underhanded Strike"],"picked":"Blade Dance","floor":1},{"not_picked":["Outmaneuver","PiercingWail"],"picked":"Dagger Spray","floor":2},{"not_picked":["Prepared","Distraction"],"picked":"Leg Sweep","floor":4},{"not_picked":["Distraction","Poisoned Stab"],"picked":"Backflip","floor":5},{"not_picked":["Deflect","Outmaneuver"],"picked":"Dodge and Roll","floor":6},{"not_picked":["Adrenaline","Quick Slash"],"picked":"Footwork","floor":8},{"not_picked":["Slice","Dodge and Roll"],"picked":"Blur","floor":11},{"not_picked":["Backflip","Eviscerate"],"picked":"Noxious Fumes","floor":18},{"not_picked":["Outmaneuver","Bane"],"picked":"Catalyst","floor":22},{"not_picked":["Doppelganger","Riddle With Holes","Deflect+1"],"picked":"SKIP","floor":23},{"not_picked":["Flying Knee","PiercingWail"],"picked":"Poisoned Stab+1","floor":27},{"not_picked":["Well Laid Plans+1","Heel Hook+1","Predator"],"picked":"SKIP","floor":28},{"not_picked":["Slice","Dagger Throw","Backflip"],"picked":"SKIP","floor":30},{"not_picked":["Outmaneuver+1","Backflip+1"],"picked":"Footwork+1","floor":32},{"not_picked":["Tools of the Trade+1","Glass Knife"],"picked":"Bullet Time","floor":33},{"not_picked":["Eviscerate+1","Well Laid Plans+1","Choke"],"picked":"SKIP","floor":35},{"not_picked":["Flying Knee","Eviscerate","Distraction"],"picked":"SKIP","floor":37},{"not_picked":["Acrobatics+1","Prepared","Deflect+1"],"picked":"SKIP","floor":38},{"not_picked":["Terror+1","Heel Hook+1"],"picked":"Deadly Poison+1","floor":40},{"not_picked":["Reflex","Riddle With Holes+1","Poisoned Stab+1"],"picked":"SKIP","floor":44},{"not_picked":["Footwork+1","Distraction+1","Blade Dance"],"picked":"SKIP","floor":46},{"not_picked":["Dodge and Roll","Tactician","Calculated Gamble"],"picked":"SKIP","floor":48}],"player_experience":21625,"relics_obtained":[{"floor":6,"key":"Smiling Mask"},{"floor":8,"key":"Lantern"},{"floor":9,"key":"Potion Belt"},{"floor":11,"key":"Dream Catcher"},{"floor":23,"key":"Pantograph"},{"floor":26,"key":"Frozen Egg 2"},{"floor":31,"key":"Gremlin Horn"},{"floor":40,"key":"Bottled Tornado"},{"floor":41,"key":"Old Coin"},{"floor":43,"key":"Ancient Tea Set"}],"event_choices":[{"cards_removed":["Strike_G"],"damage_healed":0,"gold_gain":0,"player_choice":"Took Card","damage_taken":0,"max_hp_gain":0,"max_hp_loss":0,"event_name":"NoteForYourself","floor":3,"gold_loss":0,"cards_obtained":["Iron Wave"]},{"damage_healed":0,"gold_gain":0,"player_choice":"Grow","damage_taken":0,"max_hp_gain":0,"max_hp_loss":0,"event_name":"Living Wall","floor":14,"gold_loss":0,"cards_upgraded":["Dodge and Roll"]},{"damage_healed":0,"gold_gain":0,"player_choice":"Ignored","damage_taken":0,"max_hp_gain":0,"max_hp_loss":0,"event_name":"Beggar","floor":20,"gold_loss":0},{"damage_healed":0,"gold_gain":0,"player_choice":"Ignored","damage_taken":0,"max_hp_gain":0,"max_hp_loss":0,"event_name":"Ghosts","floor":21,"gold_loss":0},{"damage_healed":0,"gold_gain":0,"player_choice":"Ignored","damage_taken":0,"max_hp_gain":0,"max_hp_loss":0,"event_name":"Tomb of Lord Red Mask","floor":39,"gold_loss":0},{"damage_healed":0,"gold_gain":0,"player_choice":"Fight","damage_taken":0,"max_hp_gain":0,"max_hp_loss":0,"event_name":"MindBloom","floor":41,"gold_loss":0},{"cards_removed":["Defend_G"],"damage_healed":0,"gold_gain":0,"player_choice":"Purged","damage_taken":0,"max_hp_gain":0,"max_hp_loss":0,"event_name":"Purifier","floor":47,"gold_loss":0}],"is_beta":false,"boss_relics":[{"not_picked":["White Beast Statue","Calling Bell"],"picked":"Runic Pyramid"},{"not_picked":["Eternal Feather","Velvet Choker"],"picked":"Lizard Tail"}],"items_purged_floors":[13,24,36],"is_endless":false,"potions_floor_spawned":[5,6,8,16,27,28,30,38,44,46],"ascension_level":0}