{"gold_per_floor":[114,132,132,148,158,158,190,190,259,292,0,0,0,12,12,112,112,123,123,150,150,3,3,13,33,80,109,109,123,123,139,139,235,235,248,263,282,140,160,160,171,182,182,82,82,82,101,147,147,147],"floor_reached":51,"playtime":3109,"items_purged":["Strike_G","Strike_G"],"score":679,"play_id":"52f2302e-eab1-4ee3-af05-c4ae2a5e6640","local_time":"20190120083444","is_ascension_mode":false,"campfire_choices":[{"data":"Dash","floor":6,"key":"SMITH"},{"floor":8,"key":"REST"},{"data":"1","floor":12,"key":"LIFT"},{"data":"2","floor":15,"key":"LIFT"},{"data":"3","floor":23,"key":"LIFT"},{"data":"After Image","floor":28,"key":"SMITH"},{"data":"Distraction","floor":32,"key":"SMITH"},{"floor":40,"key":"REST"},{"data":"Footwork","floor":46,"key":"SMITH"},{"data":"Leg Sweep","floor":49,"key":"SMITH"}],"neow_cost":"NONE","seed_source_timestamp":233559718963,"circlet_count":0,"master_deck":["Defend_G","Defend_G","Defend_G","Defend_G","Defend_G+1","Survivor+1","Neutralize+1","Dash+1","Distraction+1","Leg Sweep+1","Quick Slash","Predator+1","Cloak And Dagger","Dagger Spray+1","All Out Attack+1","Flying Knee+1","After Image+1","Slice+1","RitualDagger+1","Flying Knee+1","Choke+1","Backstab+1","Footwork+1","Cloak And Dagger","Quick Slash+1","Noxious Fumes+1","Flying Knee+1","Outmaneuver","Accuracy+1","Infinite Blades+1"],"relics":["Ring of the Snake","Girya","Molten Egg 2","Juzu Bracelet","Matryoshka","Ancient Tea Set","Busted Crown","Red Mask","Anchor","Dream Catcher","Frozen Egg 2","Orrery","Pen Nib","Thread and Needle","Whetstone"],"potions_floor_usage":[7,20,50,50],"damage_taken":[{"damage":0,"enemies":"Jaw Worm","floor":1,"turns":5},{"damage":0,"enemies":"2 Louse","floor":2,"turns":2},{"damage":0,"enemies":"Cultist","floor":4,"turns":5},{"damage":4,"enemies":"Red Slaver","floor":5,"turns":5},{"damage":11,"enemies":"Gremlin Nob","floor":7,"turns":4},{"damage":3,"enemies":"Lagavulin","floor":10,"turns":7},{"damage":0,"enemies":"Lots of Slimes","floor":14,"turns":1},{"damage":24,"enemies":"The Guardian","floor":16,"turns":12},{"damage":0,"enemies":"Spheric Guardian","floor":18,"turns":4},{"damage":0,"enemies":"Masked Bandits","floor":20,"turns":2},{"damage":0,"enemies":"Chosen","floor":24,"turns":2},{"damage":0,"enemies":"Snake Plant","floor":25,"turns":2},{"damage":0,"enemies":"Gremlin Leader","floor":27,"turns":4},{"damage":0,"enemies":"Cultist and Chosen","floor":29,"turns":4},{"damage":1,"enemies":"Centurion and Healer","floor":31,"turns":3},{"damage":33,"enemies":"Champ","floor":33,"turns":9},{"damage":0,"enemies":"Orb Walker","floor":35,"turns":3},{"damage":0,"enemies":"3 Shapes","floor":36,"turns":2},{"damage":26,"enemies":"Spire Growth","floor":37,"turns":5},{"damage":0,"enemies":"Jaw Worm Horde","floor":39,"turns":3},{"damage":0,"enemies":"Sphere and 2 Shapes","floor":41,"turns":2},{"damage":0,"enemies":"Maw","floor":42,"turns":6},{"damage":0,"enemies":"Transient","floor":47,"turns":5},{"damage":38,"enemies":"Time Eater","floor":50,"turns":11}],"seed_played":"-157053798262146542","potions_obtained":[{"floor":1,"key":"Fire Potion"},{"floor":2,"key":"Poison Potion"},{"floor":5,"key":"GhostInAJar"},{"floor":16,"key":"PowerPotion"},{"floor":24,"key":"Energy Potion"}],"is_trial":false,"path_per_floor":["M","M","?","M","M","R","E","R","T","E","$","R","?","M","R","B",null,"M","?","?","?","$","R","M","M","T","E","R","M","?","M","R","B",null,"M","M","M","$","M","R","M","M","T","$","?","R","M","T","R","B",null],"character_chosen":"THE_SILENT","items_purchased":["Matryoshka","All Out Attack+1","Backstab+1","Footwork","Accuracy+1"],"campfire_rested":2,"item_purchase_floors":[11,11,22,22,38],"current_hp_per_floor":[70,70,56,56,52,52,41,62,62,59,59,59,52,52,52,28,70,70,64,64,64,64,64,64,64,64,64,64,64,64,63,63,30,70,70,70,44,44,44,65,65,65,65,65,65,65,65,65,65,27],"gold":147,"neow_bonus":"TRANSFORM_CARD","is_prod":false,"is_daily":false,"chose_seed":false,"campfire_upgraded":5,"win_rate":0,"timestamp":1547994884,"path_taken":["M","M","?","M","M","R","E","R","T","E","$","R","?","M","R","BOSS","M","?","?","?","?","R","M","M","T","E","R","M","?","M","R","BOSS","M","M","M","$","M","R","M","M","T","?","?","R","M","?","R","BOSS"],"build_version":"2019-01-17v2","purchased_purges":2,"victory":true,"max_hp_per_floor":[70,70,70,70,70,70,70,70,70,70,70,70,70,70,70,70,70,70,70,70,70,70,70,70,70,70,70,70,70,70,70,70,70,70,70,70,70,70,70,70,70,70,70,70,70,70,70,70,70,70],"card_choices":[{"not_picked":["Outmaneuver","Sucker Punch"],"picked":"Distraction","floor":1},{"not_picked":["Outmaneuver","Underhanded Strike"],"picked":"Leg Sweep","floor":2},{"not_picked":["Masterful Stab","Calculated Gamble"],"picked":"Quick Slash","floor":4},{"not_picked":["Blade Dance","Underhanded Strike"],"picked":"Predator","floor":5},{"not_picked":["Flying Knee","Burst"],"picked":"Cloak And Dagger","floor":7},{"not_picked":["Cloak And Dagger","Outmaneuver"],"picked":"Dagger Spray+1","floor":10},{"not_picked":["Escape Plan","Outmaneuver"],"picked":"Flying Knee+1","floor":14},{"not_picked":["Bullet Time","Grand Finale+1"],"picked":"After Image","floor":16},{"not_picked":[],"picked":"Slice+1","floor":18},{"not_picked":[],"picked":"Flying Knee+1","floor":20},{"not_picked":[],"picked":"Cloak And Dagger","floor":24},{"not_picked":[],"picked":"Quick Slash+1","floor":25},{"not_picked":["Flechettes+1"],"picked":"SKIP","floor":27},{"not_picked":[],"picked":"Noxious Fumes+1","floor":29},{"not_picked":[],"picked":"Flying Knee+1","floor":31},{"not_picked":[],"picked":"Outmaneuver","floor":34},{"not_picked":["Deadly Poison"],"picked":"SKIP","floor":35},{"not_picked":["Storm of Steel"],"picked":"SKIP","floor":36},{"not_picked":["Predator+1"],"picked":"SKIP","floor":37},{"not_picked":["Deadly Poison"],"picked":"SKIP","floor":39},{"not_picked":[],"picked":"Infinite Blades+1","floor":41},{"not_picked":["Concentrate"],"picked":"SKIP","floor":42},{"not_picked":["Deflect"],"picked":"SKIP","floor":47}],"player_experience":285098,"relics_obtained":[{"floor":7,"key":"Girya"},{"floor":9,"key":"Molten Egg 2"},{"floor":10,"key":"Juzu Bracelet"},{"floor":20,"key":"Red Mask"},{"floor":26,"key":"Anchor"},{"floor":26,"key":"Dream Catcher"},{"floor":27,"key":"Frozen Egg 2"},{"floor":43,"key":"Pen Nib"},{"floor":43,"key":"Thread and Needle"},{"floor":48,"key":"Whetstone"}],"event_choices":[{"damage_healed":0,"gold_gain":0,"player_choice":"Entered Light","damage_taken":14,"max_hp_gain":0,"max_hp_loss":0,"event_name":"Shining Light","floor":3,"gold_loss":0,"cards_upgraded":["Survivor","Defend_G"]},{"damage_healed":0,"gold_gain":0,"player_choice":"Success","damage_taken":7,"relics_obtained":["Ancient Tea Set"],"max_hp_gain":0,"max_hp_loss":0,"event_name":"Scrap Ooze","floor":13,"gold_loss":0},{"damage_healed":0,"gold_gain":0,"player_choice":"Joined the Cult","damage_taken":6,"max_hp_gain":0,"max_hp_loss":0,"event_name":"Nest","floor":19,"gold_loss":0,"cards_obtained":["RitualDagger"]},{"damage_healed":0,"gold_gain":0,"player_choice":"Fought Bandits","damage_taken":0,"max_hp_gain":0,"max_hp_loss":0,"event_name":"Masked Bandits","floor":20,"gold_loss":0},{"damage_healed":0,"gold_gain":0,"cards_transformed":["Strike_G"],"player_choice":"Transformed","damage_taken":0,"max_hp_gain":0,"max_hp_loss":0,"event_name":"Transmorgrifier","floor":21,"gold_loss":0,"cards_obtained":["Choke"]},{"cards_removed":["Strike_G"],"damage_healed":0,"gold_gain":0,"player_choice":"Purged","damage_taken":0,"max_hp_gain":0,"max_hp_loss":0,"event_name":"Purifier","floor":30,"gold_loss":0},{"damage_healed":0,"gold_gain":0,"player_choice":"Ignored","damage_taken":0,"max_hp_gain":0,"max_hp_loss":0,"event_name":"Mysterious Sphere","floor":45,"gold_loss":0}],"is_beta":false,"boss_relics":[{"not_picked":["Lizard Tail","Ectoplasm"],"picked":"Busted Crown"},{"not_picked":["Velvet Choker","Calling Bell"],"picked":"Orrery"}],"items_purged_floors":[38,44],"is_endless":false,"potions_floor_spawned":[1,2,5,16,24,27,36,42],"ascension_level":0}