{"gold_per_floor":[113,113,113,124,140,174,174,18,71,81,81],"floor_reached":11,"playtime":658,"items_purged":["Regret"],"score":106,"play_id":"08a04982-0555-4a5e-94b3-8118f5d36fd2","local_time":"20181113180247","is_ascension_mode":true,"campfire_choices":[{"floor":7.0,"key":"REST"}],"neow_cost":"NONE","seed_source_timestamp":0,"circlet_count":0,"master_deck":["Defend_G","Defend_G","Defend_G","Defend_G","Defend_G","Strike_G","Strike_G","Strike_G","Strike_G","Survivor","Neutralize","Trip","Caltrops","Slice","Footwork","Unload","Well Laid Plans","Catalyst"],"special_seed":0,"relics":["Ring of the Snake","Lantern","Dead Branch","Tiny Chest"],"potions_floor_usage":[11],"damage_taken":[{"damage":2.0,"enemies":"2 Louse","floor":1.0,"turns":3.0},{"damage":5.0,"enemies":"Small Slimes","floor":4.0,"turns":5.0},{"damage":2.0,"enemies":"Jaw Worm","floor":5.0,"turns":4.0},{"damage":32.0,"enemies":"3 Sentries","floor":6.0,"turns":13.0},{"damage":7.0,"enemies":"Exordium Wildlife","floor":10.0,"turns":5.0},{"damage":34,"enemies":"Gremlin Nob","floor":11,"turns":3}],"seed_played":"3368758342425222440","potions_obtained":[{"floor":1.0,"key":"Dexterity Potion"},{"floor":5.0,"key":"SneckoOil"},{"floor":6.0,"key":"Block Potion"}],"is_trial":false,"path_per_floor":["M","?","?","M","M","E","R","$","T","M","E"],"character_chosen":"THE_SILENT","items_purchased":["Well Laid Plans"],"campfire_rested":1,"item_purchase_floors":[8],"current_hp_per_floor":[61,54,54,49,47,15,36,36,36,29,0],"gold":81,"neow_bonus":"RANDOM_COLORLESS","is_prod":false,"is_daily":false,"chose_seed":false,"campfire_upgraded":0,"win_rate":0,"timestamp":1542128567,"path_taken":["M","?","?","M","M","E","R","$","T","?","E"],"build_version":"2018-11-08","purchased_purges":1,"victory":false,"max_hp_per_floor":[70,70,70,70,70,70,70,70,70,70,70],"card_choices":[{"not_picked":["Dodge and Roll","Endless Agony"],"picked":"Caltrops","floor":1.0},{"not_picked":["Bane","Expertise"],"picked":"Slice","floor":4.0},{"not_picked":["Expertise","Dagger Throw"],"picked":"Footwork","floor":5.0},{"not_picked":["Flying Knee","Slice"],"picked":"Unload","floor":6.0},{"not_picked":["Sucker Punch","Tactician"],"picked":"Catalyst","floor":10.0}],"player_experience":499270,"relics_obtained":[{"floor":6.0,"key":"Dead Branch"},{"floor":9.0,"key":"Tiny Chest"}],"event_choices":[{"cards_removed":["Strike_G"],"damage_healed":0.0,"max_hp_gain":0.0,"max_hp_loss":0.0,"gold_gain":0.0,"event_name":"Golden Wing","player_choice":"Card Removal","floor":2.0,"gold_loss":0.0,"damage_taken":7.0},{"damage_healed":0.0,"max_hp_gain":0.0,"max_hp_loss":0.0,"gold_gain":0.0,"event_name":"Big Fish","player_choice":"Box","floor":3.0,"gold_loss":0.0,"damage_taken":0.0,"relics_obtained":["Lantern"],"cards_obtained":["Regret"]}],"is_beta":false,"boss_relics":[],"items_purged_floors":[8],"is_endless":false,"potions_floor_spawned":[1,5,6],"killed_by":"Gremlin Nob","ascension_level":9}