{"gold_per_floor":[117,131,147,147,160,160,193,207,255,267,267,286,311,340,340,340],"floor_reached":16,"playtime":751,"items_purged":[],"score":217,"play_id":"d35cf499-12c0-46ff-9b50-9bf77095aba8","local_time":"20190128215651","is_ascension_mode":true,"campfire_choices":[{"data":"Sword Boomerang","floor":6,"key":"SMITH"},{"data":"Bash","floor":11,"key":"SMITH"},{"floor":15,"key":"REST"}],"neow_cost":"NONE","seed_source_timestamp":546996973525705,"circlet_count":0,"master_deck":["AscendersBane","Strike_R","Strike_R","Strike_R","Strike_R","Strike_R","Defend_R","Defend_R","Defend_R","Defend_R","Bash+1","Metallicize","Sword Boomerang+1","Sword Boomerang","True Grit","Combust","Spot Weakness","Clothesline","Fiend Fire","Disarm"],"relics":["Burning Blood","Vajra","Dream Catcher","Happy Flower","Self Forming Clay","Odd Mushroom"],"potions_floor_usage":[5,7,8,13,16],"damage_taken":[{"damage":7,"enemies":"Small Slimes","floor":1,"turns":3},{"damage":2,"enemies":"Cultist","floor":2,"turns":4},{"damage":2,"enemies":"2 Louse","floor":3,"turns":3},{"damage":0,"enemies":"2 Fungi Beasts","floor":5,"turns":2},{"damage":16,"enemies":"Gremlin Nob","floor":7,"turns":4},{"damage":2,"enemies":"Large Slime","floor":8,"turns":3},{"damage":33,"enemies":"Exordium Wildlife","floor":10,"turns":5},{"damage":6,"enemies":"Looter","floor":12,"turns":2},{"damage":24,"enemies":"3 Sentries","floor":13,"turns":7},{"damage":17,"enemies":"The Mushroom Lair","floor":14,"turns":5},{"damage":48,"enemies":"Slime Boss","floor":16,"turns":7}],"seed_played":"-5246163274407345967","potions_obtained":[{"floor":1,"key":"BloodPotion"},{"floor":3,"key":"SpeedPotion"},{"floor":4,"key":"Explosive Potion"},{"floor":7,"key":"Explosive Potion"},{"floor":10,"key":"BloodPotion"},{"floor":14,"key":"EssenceOfSteel"}],"is_trial":false,"path_per_floor":["M","M","M","?","M","R","E","M","T","M","R","M","E","?","R","B"],"character_chosen":"IRONCLAD","items_purchased":[],"campfire_rested":1,"item_purchase_floors":[],"current_hp_per_floor":[67,71,75,75,75,75,65,69,69,42,42,42,31,20,42,0],"gold":340,"neow_bonus":"RANDOM_COMMON_RELIC","is_prod":false,"is_daily":false,"chose_seed":false,"campfire_upgraded":2,"win_rate":0,"timestamp":1548709011,"path_taken":["M","M","M","?","M","R","E","M","T","?","R","M","E","?","R","BOSS"],"build_version":"2019-01-23","purchased_purges":0,"victory":false,"max_hp_per_floor":[75,75,75,75,75,75,75,75,75,75,75,75,75,75,75,75],"card_choices":[{"not_picked":["Sword Boomerang","Heavy Blade"],"picked":"Metallicize","floor":1},{"not_picked":["Sentinel","Havoc"],"picked":"Sword Boomerang","floor":2},{"not_picked":["Sentinel","Body Slam"],"picked":"Sword Boomerang","floor":3},{"not_picked":["Perfected Strike","Second Wind"],"picked":"True Grit","floor":5},{"not_picked":["Iron Wave","Clash"],"picked":"Combust","floor":7},{"not_picked":["True Grit","Heavy Blade","Pommel Strike"],"picked":"SKIP","floor":8},{"not_picked":["Feel No Pain","Wild Strike"],"picked":"Spot Weakness","floor":10},{"not_picked":["Evolve","True Grit"],"picked":"Clothesline","floor":12},{"not_picked":["Wild Strike","Warcry","Corruption"],"picked":"SKIP","floor":13},{"not_picked":["Pommel Strike","Whirlwind"],"picked":"Fiend Fire","floor":14},{"not_picked":["Twin Strike","Flame Barrier"],"picked":"Disarm","floor":15}],"player_experience":1052094,"relics_obtained":[{"floor":7,"key":"Dream Catcher"},{"floor":9,"key":"Happy Flower"},{"floor":13,"key":"Self Forming Clay"},{"floor":14,"key":"Odd Mushroom"}],"event_choices":[{"damage_healed":0,"gold_gain":0,"player_choice":"Got Potions","damage_taken":0,"max_hp_gain":0,"max_hp_loss":0,"event_name":"Lab","floor":4,"gold_loss":0},{"damage_healed":0,"gold_gain":0,"player_choice":"Fought Mushrooms","damage_taken":0,"max_hp_gain":0,"max_hp_loss":0,"event_name":"Mushrooms","floor":14,"gold_loss":0}],"is_beta":false,"boss_relics":[],"items_purged_floors":[],"is_endless":false,"potions_floor_spawned":[1,3,7,10,14],"killed_by":"Slime Boss","ascension_level":18}