{"gold_per_floor":[112,112,112,56,69,102,114,139,164,174,174,199,199,209,209,285,285,303,318,30,30,30,30,80,80],"floor_reached":25,"playtime":1119,"items_purged":[],"score":476,"play_id":"7947e695-3aec-44d7-84c8-a703f8e6fada","local_time":"20190129164838","is_ascension_mode":true,"campfire_choices":[{"data":"Static Discharge","floor":11,"key":"SMITH"},{"floor":15,"key":"REST"},{"data":"Chill","floor":23,"key":"SMITH"}],"neow_cost":"NONE","seed_source_timestamp":614536564753565,"circlet_count":0,"master_deck":["AscendersBane","Strike_B","Defend_B+1","Defend_B","Defend_B+1","Defend_B","Zap+1","Dualcast","Static Discharge+1","Cold Snap","Blizzard","Genetic Algorithm","Chill+1","Ball Lightning","Electrodynamics+1","Cold Snap+1","Glacier+1","Redo+1","Coolheaded","Coolheaded","Pain"],"relics":["Cracked Core","NeowsBlessing","Juzu Bracelet","Vajra","War Paint","Question Card","Frozen Egg 2","Astrolabe","Toxic Egg 2","WarpedTongs"],"potions_floor_usage":[12,12,16,25],"damage_taken":[{"damage":0,"enemies":"Small Slimes","floor":1,"turns":1},{"damage":0,"enemies":"2 Louse","floor":5,"turns":1},{"damage":0,"enemies":"Gremlin Nob","floor":6,"turns":1},{"damage":0,"enemies":"Cultist","floor":7,"turns":3},{"damage":21,"enemies":"Lagavulin","floor":8,"turns":7},{"damage":4,"enemies":"2 Fungi Beasts","floor":10,"turns":3},{"damage":16,"enemies":"3 Sentries","floor":12,"turns":8},{"damage":9,"enemies":"Red Slaver","floor":14,"turns":4},{"damage":24,"enemies":"Hexaghost","floor":16,"turns":9},{"damage":3,"enemies":"Spheric Guardian","floor":18,"turns":6},{"damage":11,"enemies":"2 Thieves","floor":19,"turns":4},{"damage":47,"enemies":"Slavers","floor":25,"turns":4}],"seed_played":"-5662668608320004686","potions_obtained":[{"floor":8,"key":"SpeedPotion"},{"floor":10,"key":"Energy Potion"},{"floor":12,"key":"SkillPotion"},{"floor":14,"key":"Regen Potion"},{"floor":16,"key":"Energy Potion"}],"is_trial":false,"path_per_floor":["M","?","?","$","M","E","M","E","T","M","R","E","?","M","R","B",null,"M","M","$","?","?","R","?","E"],"character_chosen":"DEFECT","items_purchased":["Cold Snap","Toxic Egg 2"],"campfire_rested":1,"item_purchase_floors":[4,20],"current_hp_per_floor":[64,64,64,64,64,64,64,43,43,39,39,23,23,14,35,26,60,57,46,46,46,46,46,46,0],"gold":80,"neow_bonus":"THREE_ENEMY_KILL","is_prod":false,"is_daily":false,"chose_seed":false,"campfire_upgraded":2,"win_rate":0,"timestamp":1548776918,"path_taken":["M","?","?","$","?","E","M","E","T","M","R","E","?","M","R","BOSS","M","M","$","?","?","R","?","E"],"build_version":"2019-01-23","purchased_purges":0,"victory":false,"max_hp_per_floor":[71,71,71,71,71,71,71,71,71,71,71,71,71,71,71,71,71,71,71,71,71,71,71,71,71],"card_choices":[{"not_picked":["Hologram","Turbo"],"picked":"Static Discharge","floor":1},{"not_picked":["Turbo","Beam Cell"],"picked":"Blizzard","floor":5},{"not_picked":["Ball Lightning","Fusion"],"picked":"Genetic Algorithm","floor":6},{"not_picked":["Conserve Battery","Melter","FTL"],"picked":"SKIP","floor":7},{"not_picked":["Leap","Recycle","Reprogram"],"picked":"SKIP","floor":8},{"not_picked":["Reprogram","Barrage","Aggregate"],"picked":"SKIP","floor":10},{"not_picked":["Beam Cell","Hyperbeam"],"picked":"Chill","floor":12},{"not_picked":["Stack","Static Discharge+1","Rebound"],"picked":"Ball Lightning","floor":14},{"not_picked":["Reboot","Machine Learning+1","Fission"],"picked":"Electrodynamics+1","floor":16},{"not_picked":["Barrage","Cold Snap","Rip and Tear"],"picked":"Coolheaded","floor":18},{"not_picked":["Skim","Scrape","Hello World+1"],"picked":"Coolheaded","floor":19}],"player_experience":1061501,"relics_obtained":[{"floor":6,"key":"Juzu Bracelet"},{"floor":8,"key":"Vajra"},{"floor":9,"key":"War Paint"},{"floor":12,"key":"Question Card"}],"event_choices":[{"damage_healed":0,"gold_gain":0,"player_choice":"Ignored","damage_taken":0,"max_hp_gain":0,"max_hp_loss":0,"event_name":"Liars Game","floor":2,"gold_loss":0},{"damage_healed":0,"gold_gain":0,"player_choice":"Upgraded","damage_taken":0,"max_hp_gain":0,"max_hp_loss":0,"event_name":"Upgrade Shrine","floor":3,"gold_loss":0,"cards_upgraded":["Zap"]},{"damage_healed":0,"gold_gain":0,"player_choice":"Gave Potion","damage_taken":0,"relics_obtained":["Frozen Egg 2"],"max_hp_gain":0,"max_hp_loss":0,"event_name":"WeMeetAgain","floor":13,"gold_loss":0},{"damage_healed":0,"gold_gain":0,"player_choice":"Ignored","damage_taken":0,"max_hp_gain":0,"max_hp_loss":0,"event_name":"Cursed Tome","floor":21,"gold_loss":0},{"damage_healed":0,"gold_gain":0,"player_choice":"Rummage","damage_taken":0,"relics_obtained":["WarpedTongs"],"max_hp_gain":0,"max_hp_loss":0,"event_name":"Accursed Blacksmith","floor":22,"gold_loss":0,"cards_obtained":["Pain"]},{"damage_healed":0,"gold_gain":50,"player_choice":"Stole From Cult","damage_taken":0,"max_hp_gain":0,"max_hp_loss":0,"event_name":"Nest","floor":24,"gold_loss":0}],"is_beta":false,"boss_relics":[{"not_picked":["Runic Pyramid","Fusion Hammer"],"picked":"Astrolabe"}],"items_purged_floors":[],"is_endless":false,"potions_floor_spawned":[8,10,12,14,16],"killed_by":"Slavers","ascension_level":19}