{"gold_per_floor":[118,134,209,224,224,258,258,258,311,328,328],"floor_reached":11,"playtime":349,"items_purged":[],"score":117,"play_id":"37f63f5c-24a8-49fd-bd89-460b841b42a7","local_time":"20181209184608","is_ascension_mode":true,"campfire_choices":[{"data":"Shockwave","floor":7,"key":"SMITH"}],"neow_cost":"NONE","seed_source_timestamp":2488435234460982,"circlet_count":0,"master_deck":["AscendersBane","Strike_R","Strike_R","Strike_R","Strike_R+1","Strike_R","Defend_R","Defend_R","Defend_R","Defend_R","Bash","Headbutt+1","Shockwave+1","Thunderclap","Impervious"],"special_seed":0,"relics":["Burning Blood","NeowsBlessing","Pen Nib","Bag of Preparation"],"potions_floor_usage":[6],"damage_taken":[{"damage":0.0,"enemies":"Jaw Worm","floor":1.0,"turns":1.0},{"damage":0.0,"enemies":"Cultist","floor":2.0,"turns":1.0},{"damage":0,"enemies":"2 Louse","floor":4,"turns":1},{"damage":48,"enemies":"Lagavulin","floor":6,"turns":8},{"damage":9,"enemies":"Blue Slaver","floor":10,"turns":5},{"damage":20,"enemies":"3 Sentries","floor":11,"turns":2}],"seed_played":"3439578112980392565","potions_obtained":[{"floor":1.0,"key":"SkillPotion"},{"floor":10,"key":"GamblersBrew"}],"is_trial":false,"path_per_floor":["M","M","?","M","?","E","R","?","T","M","E"],"character_chosen":"IRONCLAD","items_purchased":[],"campfire_rested":0,"item_purchase_floors":[],"current_hp_per_floor":[78,80,72,78,78,36,36,20,20,17,0],"gold":328,"neow_bonus":"THREE_ENEMY_KILL","is_prod":false,"is_daily":false,"chose_seed":false,"campfire_upgraded":1,"win_rate":0,"timestamp":1544377568,"path_taken":["M","M","?","?","?","E","R","?","T","M","E"],"build_version":"2018-12-06","purchased_purges":0,"victory":false,"max_hp_per_floor":[80,80,80,80,80,80,80,80,80,80,80],"card_choices":[{"not_picked":["Burning Pact","Sword Boomerang"],"picked":"Headbutt","floor":1.0},{"not_picked":["Dual Wield","Second Wind"],"picked":"Shockwave","floor":2.0},{"not_picked":["Sever Soul","Rupture"],"picked":"Thunderclap","floor":4},{"not_picked":["Havoc","Sword Boomerang"],"picked":"Impervious","floor":6},{"not_picked":["Rupture","Havoc","Wild Strike"],"picked":"SKIP","floor":10}],"player_experience":527521,"relics_obtained":[{"floor":6,"key":"Pen Nib"},{"floor":9,"key":"Bag of Preparation"}],"event_choices":[{"damage_healed":0,"gold_gain":75,"player_choice":"Touch","damage_taken":8,"max_hp_gain":0,"max_hp_loss":0,"event_name":"FaceTrader","floor":3,"gold_loss":0},{"damage_healed":0,"gold_gain":0,"player_choice":"Ignored","damage_taken":0,"max_hp_gain":0,"max_hp_loss":0,"event_name":"Liars Game","floor":5,"gold_loss":0},{"damage_healed":0,"gold_gain":0,"player_choice":"Entered Light","damage_taken":16,"max_hp_gain":0,"max_hp_loss":0,"event_name":"Shining Light","floor":8,"gold_loss":0,"cards_upgraded":["Strike_R","Headbutt"]}],"is_beta":false,"boss_relics":[],"items_purged_floors":[],"is_endless":false,"potions_floor_spawned":[1,10],"killed_by":"3 Sentries","ascension_level":12}