{"gold_per_floor":[13,26,26,40,55,55,82,94,94,105,198,198,198,215,215,288,288,301,312,312,272,57,89,99,99,99,99,109,109,109],"floor_reached":30,"playtime":1548,"items_purged":["Strike_B"],"score":508,"play_id":"42f4b2d7-bc21-445f-a1aa-9eb882f10cee","local_time":"20190130004439","is_ascension_mode":true,"campfire_choices":[{"data":"Sweeping Beam","floor":6,"key":"SMITH"},{"floor":12,"key":"REST"},{"floor":15,"key":"REST"},{"floor":25,"key":"REST"},{"data":"Hyperbeam","floor":27,"key":"SMITH"}],"neow_cost":"NO_GOLD","seed_source_timestamp":642667593201975,"circlet_count":0,"master_deck":["AscendersBane","Strike_B","Strike_B","Strike_B","Defend_B","Defend_B","Defend_B","Defend_B","Zap+1","Dualcast","Sweeping Beam+1","Ball Lightning","Steam","Hyperbeam+1","Echo Form","Go for the Eyes","Steam","Defragment","Coolheaded","White Noise","Defragment+1"],"relics":["Cracked Core","Calipers","Letter Opener","Tiny Chest","Thread and Needle","Philosopher\u0027s Stone","Regal Pillow","Bronze Scales","Art of War"],"potions_floor_usage":[7,7,16,16,20,23,23,23,24,30],"damage_taken":[{"damage":8,"enemies":"2 Louse","floor":1,"turns":3},{"damage":0,"enemies":"Cultist","floor":2,"turns":3},{"damage":0,"enemies":"Jaw Worm","floor":4,"turns":2},{"damage":2,"enemies":"Gremlin Gang","floor":5,"turns":4},{"damage":15,"enemies":"Lagavulin","floor":7,"turns":7},{"damage":3,"enemies":"Blue Slaver","floor":8,"turns":3},{"damage":1,"enemies":"Looter","floor":10,"turns":2},{"damage":32,"enemies":"Gremlin Nob","floor":11,"turns":4},{"damage":14,"enemies":"Exordium Thugs","floor":14,"turns":4},{"damage":1,"enemies":"Slime Boss","floor":16,"turns":7},{"damage":24,"enemies":"Shell Parasite","floor":18,"turns":5},{"damage":20,"enemies":"3 Byrds","floor":19,"turns":3},{"damage":0,"enemies":"Snake Plant","floor":20,"turns":1},{"damage":8,"enemies":"Gremlin Leader","floor":23,"turns":8},{"damage":21,"enemies":"Centurion and Healer","floor":24,"turns":7},{"damage":53,"enemies":"Cultist and Chosen","floor":28,"turns":6},{"damage":8,"enemies":"Snake Plant","floor":30,"turns":1}],"seed_played":"2490357818287924193","potions_obtained":[{"floor":1,"key":"Fire Potion"},{"floor":5,"key":"SteroidPotion"},{"floor":8,"key":"SteroidPotion"},{"floor":10,"key":"Energy Potion"},{"floor":11,"key":"Ancient Potion"},{"floor":19,"key":"SmokeBomb"},{"floor":21,"key":"Regen Potion"},{"floor":21,"key":"EntropicBrew"},{"floor":24,"key":"Poison Potion"}],"is_trial":false,"path_per_floor":["M","M","?","M","M","R","E","M","T","M","?","R","?","M","R","B",null,"M","M","M","?","$","E","M","R","T","R","M","T","M"],"character_chosen":"DEFECT","items_purchased":["Defragment","Coolheaded"],"campfire_rested":3,"item_purchase_floors":[22,22],"current_hp_per_floor":[70,70,70,70,68,68,53,50,50,49,17,42,42,28,53,52,77,53,33,33,33,33,40,19,59,59,59,6,6,0],"gold":109,"neow_bonus":"TWENTY_PERCENT_HP_BONUS","is_prod":false,"is_daily":false,"chose_seed":false,"campfire_upgraded":2,"win_rate":0,"timestamp":1548805479,"path_taken":["M","M","?","M","?","R","E","M","T","?","?","R","?","M","R","BOSS","M","?","?","?","$","E","M","R","T","R","?","?","M"],"build_version":"2019-01-23","purchased_purges":1,"victory":false,"max_hp_per_floor":[85,85,85,85,85,85,85,85,85,85,85,85,85,85,85,85,85,85,85,85,85,85,85,85,85,85,85,85,85,85],"card_choices":[{"not_picked":["Recycle","Steam"],"picked":"Sweeping Beam","floor":1},{"not_picked":["Recycle","Rip and Tear"],"picked":"BootSequence","floor":2},{"not_picked":["Steam","Streamline","Leap"],"picked":"SKIP","floor":4},{"not_picked":["Steam","Streamline","Leap"],"picked":"SKIP","floor":4},{"not_picked":["Beam Cell","Conserve Battery","Streamline"],"picked":"SKIP","floor":5},{"not_picked":["Steam Power","Hologram"],"picked":"Ball Lightning","floor":7},{"not_picked":["Streamline","Gash"],"picked":"Steam","floor":8},{"not_picked":["Rip and Tear","White Noise"],"picked":"Hyperbeam","floor":10},{"not_picked":["Hologram","Steam Power","Rebound"],"picked":"SKIP","floor":14},{"not_picked":["Seek","Meteor Strike"],"picked":"Echo Form","floor":16},{"not_picked":["Loop","Turbo"],"picked":"Go for the Eyes","floor":18},{"not_picked":["Cold Snap","Beam Cell+1"],"picked":"Steam","floor":19},{"not_picked":["Static Discharge","Hologram","Beam Cell"],"picked":"SKIP","floor":23},{"not_picked":["Compile Driver","Ball Lightning+1"],"picked":"White Noise","floor":24},{"not_picked":["Cold Snap","Stack"],"picked":"Defragment+1","floor":28}],"player_experience":1083819,"relics_obtained":[{"floor":7,"key":"Calipers"},{"floor":9,"key":"Letter Opener"},{"floor":23,"key":"Regal Pillow"},{"floor":26,"key":"Bronze Scales"},{"floor":29,"key":"Art of War"}],"event_choices":[{"damage_healed":0,"gold_gain":0,"player_choice":"Upgraded","damage_taken":0,"max_hp_gain":0,"max_hp_loss":0,"event_name":"Upgrade Shrine","floor":3,"gold_loss":0,"cards_upgraded":["Zap"]},{"damage_healed":0,"gold_gain":0,"player_choice":"Searched \u00272\u0027 times","damage_taken":0,"relics_obtained":["Tiny Chest"],"max_hp_gain":0,"max_hp_loss":0,"event_name":"Dead Adventurer","floor":11,"gold_loss":0},{"cards_removed":["BootSequence"],"damage_healed":0,"gold_gain":0,"player_choice":"Gave Card","damage_taken":0,"relics_obtained":["Thread and Needle"],"max_hp_gain":0,"max_hp_loss":0,"event_name":"WeMeetAgain","floor":13,"gold_loss":0},{"damage_healed":0,"gold_gain":0,"player_choice":"Bought 3 Potions","damage_taken":0,"max_hp_gain":0,"max_hp_loss":0,"event_name":"The Woman in Blue","floor":21,"gold_loss":0}],"is_beta":false,"boss_relics":[{"not_picked":["Runic Pyramid","Runic Dome"],"picked":"Philosopher\u0027s Stone"}],"items_purged_floors":[22],"is_endless":false,"potions_floor_spawned":[1,5,8,10,11,14,19,20,24],"killed_by":"Snake Plant","ascension_level":20}