{"path_per_floor":["M","?","M","M","M","R","?","E","T","?","T","R","$","?","R"],"character_chosen":"IRONCLAD","items_purchased":["Transmutation","Blood Vial"],"gold_per_floor":[113,113,127,146,161,161,218,246,270,345,371,371,25,25,25],"floor_reached":16,"campfire_rested":1,"playtime":1378,"current_hp_per_floor":[80,80,79,80,80,80,68,50,50,39,39,63,63,63,63],"items_purged":[],"gold":25,"score":98,"play_id":"9a9150e4-738b-4c0d-92be-f3ba9fd31d6a","is_prod":false,"is_daily":false,"is_ascension_mode":false,"campfire_upgraded":2,"path_taken":["M","?","M","M","M","R","?","E","T","?","?","R","?","?","R","BOSS"],"build_version":"2018-02-12-PROD1","purchased_purges":0,"victory":false,"master_deck":["Strike_R","Strike_R","Strike_R","Strike_R","Strike_R","Defend_R","Defend_R","Defend_R","Defend_R","Bash","Flex+1","Battle Trance","Flex+1","Dropkick","Flex+1","Heavy Blade","Headbutt","Transmutation","Regret"],"max_hp_per_floor":[80,80,80,80,80,80,80,80,80,80,80,80,80,80,80],"relics":["Burning Blood","Centennial Puzzle","Mummified Hand","Orichalcum","Oddly Smooth Stone","Blood Vial","Letter Opener"],"card_choices":[{"not_picked":["Combust","Cleave"],"picked":"Flex"},{"not_picked":["Warcry","Metallicize"],"picked":"Battle Trance"},{"not_picked":["Cleave","Warcry"],"picked":"Flex"},{"not_picked":["Second Wind","Clash"],"picked":"Dropkick"},{"not_picked":["Clash","Armaments"],"picked":"Flex"},{"not_picked":["Sword Boomerang","Dropkick"],"picked":"Heavy Blade"},{"not_picked":["Burning Pact","Brutality"],"picked":"Headbutt"}],"player_experience":30494,"potions_floor_usage":[],"damage_taken":[{"damage":0,"enemies":"Cultist","floor":1,"turns":3},{"damage":7,"enemies":"Small Slimes","floor":3,"turns":4},{"damage":2,"enemies":"2 Louse","floor":4,"turns":2},{"damage":0,"enemies":"2 Fungi Beasts","floor":5,"turns":4},{"damage":18,"enemies":"Lagavulin Event","floor":7,"turns":3},{"damage":24,"enemies":"3 Sentries","floor":8,"turns":5},{"damage":67,"enemies":"Hexaghost","floor":16,"turns":9}],"event_choices":[{"event_name":"Living Wall","player_choice":"Grow","floor":2,"damage_taken":0},{"event_name":"Dead Adventurer","player_choice":"Searched \u00272\u0027 times","floor":7,"damage_taken":0},{"event_name":"World of Goop","player_choice":"Gather Gold","floor":10,"damage_taken":0},{"event_name":"Big Fish","player_choice":"Box","floor":14,"damage_taken":0}],"boss_relics":[],"potions_floor_spawned":[3,4],"seed_played":"8191990308939117037","killed_by":"Hexaghost","ascension_level":0,"is_trial":false}