{"gold_per_floor":[109,109,89,49,62,87,87,102,102,102,136,151,164,192,192,269,269,288,305,317,317,2,27,27,61,84,5,5,5],"floor_reached":29,"playtime":1927,"items_purged":["Strike_B"],"score":676,"play_id":"8921e642-433d-4d31-8d8e-8aac8b52f555","local_time":"20190125235039","is_ascension_mode":true,"campfire_choices":[{"data":"Zap","floor":7.0,"key":"SMITH"},{"data":"Sweeping Beam","floor":10.0,"key":"SMITH"},{"floor":15.0,"key":"REST"},{"floor":28,"key":"REST"}],"neow_cost":"NONE","seed_source_timestamp":293074234813949,"circlet_count":0,"master_deck":["AscendersBane","Strike_B","Strike_B","Defend_B","Defend_B","Defend_B","Defend_B","Zap+1","Dualcast","Sweeping Beam+1","BootSequence","Cold Snap","Echo Form","Seek+1","Steam+1","Glacier+1","Double Energy+1","Biased Cognition","Skim+1","Aggregate+1","Genetic Algorithm+1","Loop","Hologram+1","Glacier+1","Defragment"],"special_seed":0,"relics":["FrozenCore","NeowsBlessing","Pantograph","Toxic Egg 2","Dead Branch","Nloth\u0027s Gift","Membership Card","Lantern","Bag of Preparation","Orichalcum"],"potions_floor_usage":[23,29],"damage_taken":[{"damage":0.0,"enemies":"Jaw Worm","floor":1.0,"turns":1.0},{"damage":0.0,"enemies":"Small Slimes","floor":5.0,"turns":1.0},{"damage":0.0,"enemies":"Gremlin Nob","floor":6.0,"turns":1.0},{"damage":0.0,"enemies":"Cultist","floor":8.0,"turns":3.0},{"damage":12.0,"enemies":"Lagavulin","floor":11.0,"turns":8.0},{"damage":0.0,"enemies":"Blue Slaver","floor":12.0,"turns":4.0},{"damage":2.0,"enemies":"Red Slaver","floor":13.0,"turns":2.0},{"damage":30.0,"enemies":"Gremlin Nob","floor":14.0,"turns":4.0},{"damage":0.0,"enemies":"The Guardian","floor":16.0,"turns":11.0},{"damage":0.0,"enemies":"Shell Parasite","floor":18.0,"turns":6.0},{"damage":0.0,"enemies":"Spheric Guardian","floor":19.0,"turns":3.0},{"damage":5.0,"enemies":"Snake Plant","floor":20.0,"turns":5.0},{"damage":36,"enemies":"Slavers","floor":23,"turns":6},{"damage":15,"enemies":"Gremlin Leader","floor":25,"turns":6},{"damage":60,"enemies":"3 Cultists","floor":29,"turns":6}],"seed_played":"-4759117217335665441","potions_obtained":[{"floor":1.0,"key":"Poison Potion"},{"floor":3.0,"key":"EntropicBrew"},{"floor":16.0,"key":"Ancient Potion"},{"floor":18.0,"key":"Block Potion"},{"floor":19.0,"key":"Fire Potion"},{"floor":23,"key":"FearPotion"}],"is_trial":false,"path_per_floor":["M","?","?","$","M","E","R","M","T","R","E","M","M","E","R","B",null,"M","M","M","?","$","E","$","E","T","$","R","M"],"character_chosen":"DEFECT","items_purchased":["BootSequence","Membership Card","Genetic Algorithm+1","Loop","Defragment","Regen Potion"],"campfire_rested":2,"item_purchase_floors":[4,22,22,22,27,27],"current_hp_per_floor":[64,57,57,57,57,57,57,57,57,57,45,45,43,13,34,59,68,68,68,63,63,63,27,27,12,12,12,33,0],"gold":5,"neow_bonus":"THREE_ENEMY_KILL","is_prod":false,"is_daily":false,"chose_seed":false,"campfire_upgraded":2,"win_rate":0,"timestamp":1548456639,"path_taken":["M","?","?","$","M","E","R","?","T","R","E","M","M","E","R","BOSS","M","M","M","?","$","E","$","E","T","$","R","?"],"build_version":"2019-01-23","purchased_purges":1,"victory":false,"max_hp_per_floor":[71,71,71,71,71,71,71,71,71,71,71,71,71,71,71,71,71,71,71,71,71,71,71,71,71,71,71,71,71],"card_choices":[{"not_picked":["Melter","Barrage"],"picked":"Sweeping Beam","floor":1.0},{"not_picked":["Storm","Redo"],"picked":"Cold Snap","floor":5.0},{"not_picked":["Auto Shields","Gash","Turbo"],"picked":"SKIP","floor":6.0},{"not_picked":["Aggregate","Loop"],"picked":"Echo Form","floor":8.0},{"not_picked":["Scrape","Leap"],"picked":"Seek","floor":11.0},{"not_picked":["Gash","Streamline"],"picked":"Steam+1","floor":12.0},{"not_picked":["Beam Cell","Hello World"],"picked":"Glacier+1","floor":13.0},{"not_picked":["Ball Lightning","Cold Snap"],"picked":"Double Energy+1","floor":14.0},{"not_picked":["Hyperbeam","Amplify+1"],"picked":"Biased Cognition","floor":16.0},{"not_picked":["Heatsinks","Steam+1"],"picked":"Skim+1","floor":18.0},{"not_picked":["Steam+1","Darkness+1"],"picked":"Aggregate+1","floor":19.0},{"not_picked":["Barrage+1","Storm","Redo+1"],"picked":"SKIP","floor":20.0},{"not_picked":["Thunder Strike","Beam Cell+1"],"picked":"Hologram+1","floor":23},{"not_picked":["Scrape+1","Turbo+1"],"picked":"Glacier+1","floor":25}],"player_experience":1005256,"relics_obtained":[{"floor":6.0,"key":"Dodecahedron"},{"floor":9.0,"key":"Pantograph"},{"floor":11.0,"key":"Toxic Egg 2"},{"floor":14.0,"key":"Dead Branch"},{"floor":23,"key":"Lantern"},{"floor":25,"key":"Bag of Preparation"},{"floor":26,"key":"Orichalcum"}],"event_choices":[{"cards_removed":["Strike_B"],"damage_healed":0.0,"max_hp_gain":0.0,"max_hp_loss":0.0,"gold_gain":0.0,"event_name":"Golden Wing","player_choice":"Card Removal","floor":2.0,"gold_loss":0.0,"damage_taken":7.0},{"damage_healed":0.0,"max_hp_gain":0.0,"max_hp_loss":0.0,"gold_gain":0.0,"event_name":"The Woman in Blue","player_choice":"Bought 1 Potion","floor":3.0,"gold_loss":0.0,"damage_taken":0.0},{"damage_healed":0.0,"max_hp_gain":0.0,"max_hp_loss":0.0,"gold_gain":0.0,"event_name":"N\u0027loth","player_choice":"Traded Relic","floor":21.0,"relics_lost":["Dodecahedron"],"gold_loss":0.0,"damage_taken":0.0,"relics_obtained":["Nloth\u0027s Gift"]}],"is_beta":false,"boss_relics":[{"not_picked":["Fusion Hammer","Lizard Tail"],"picked":"FrozenCore"}],"items_purged_floors":[22],"is_endless":false,"potions_floor_spawned":[1,8,12,13,16,18,19,23],"killed_by":"3 Cultists","ascension_level":18}