{"gold_per_floor":[112,125,137,151,131,131,164,164,235,268,281,293,328,345,345,423,423,443,443,358,358,194,194],"floor_reached":23,"playtime":3833,"items_purged":["Strike_B"],"score":401,"play_id":"6443c248-de1c-4872-a51f-bf2c80a382af","local_time":"20190106202900","is_ascension_mode":true,"campfire_choices":[{"data":"Defragment","floor":6,"key":"SMITH"},{"data":"Coolheaded","floor":8,"key":"SMITH"},{"floor":15,"key":"REST"}],"neow_cost":"NONE","seed_source_timestamp":69077177563270,"circlet_count":0,"master_deck":["AscendersBane","Strike_B","Strike_B","Strike_B","Defend_B","Defend_B","Defend_B","Defend_B","Zap+1","Dualcast","Defragment+1","Cold Snap","Coolheaded+1","Conserve Battery","Reinforced Body","Multi-Cast","Redo","Ball Lightning","Self Repair"],"special_seed":0,"relics":["Cracked Core","Turnip","Bottled Tornado","Blood Vial","Ginger","Nuclear Battery","Molten Egg 2"],"potions_floor_usage":[11,13,13,16],"damage_taken":[{"damage":3,"enemies":"2 Louse","floor":1,"turns":3},{"damage":6,"enemies":"Cultist","floor":2,"turns":3},{"damage":4,"enemies":"Jaw Worm","floor":3,"turns":4},{"damage":0,"enemies":"Large Slime","floor":4,"turns":4},{"damage":19,"enemies":"3 Sentries","floor":7,"turns":10},{"damage":13,"enemies":"Lagavulin","floor":10,"turns":8},{"damage":3,"enemies":"2 Fungi Beasts","floor":11,"turns":4},{"damage":15,"enemies":"3 Louse","floor":12,"turns":3},{"damage":2,"enemies":"3 Sentries","floor":13,"turns":9},{"damage":0,"enemies":"Exordium Wildlife","floor":14,"turns":4},{"damage":18,"enemies":"Slime Boss","floor":16,"turns":11},{"damage":10,"enemies":"Chosen","floor":18,"turns":7},{"damage":18,"enemies":"Colosseum Slavers","floor":21,"turns":6},{"damage":43,"enemies":"Book of Stabbing","floor":23,"turns":3}],"seed_played":"-2687846205643079778","potions_obtained":[{"floor":1,"key":"SkillPotion"},{"floor":5,"key":"Fruit Juice"},{"floor":11,"key":"Block Potion"},{"floor":12,"key":"FocusPotion"},{"floor":14,"key":"Weak Potion"}],"is_trial":false,"path_per_floor":["M","M","M","M","?","R","E","R","T","E","M","M","E","M","R","B",null,"M","?","?","?","$","E"],"character_chosen":"DEFECT","items_purchased":["Self Repair"],"campfire_rested":1,"item_purchase_floors":[22],"current_hp_per_floor":[61,55,51,51,51,51,32,32,32,19,23,10,10,12,34,18,62,54,54,54,38,38,0],"gold":194,"neow_bonus":"UPGRADE_CARD","is_prod":false,"is_daily":false,"chose_seed":false,"campfire_upgraded":2,"win_rate":0,"timestamp":1546802940,"path_taken":["M","M","M","M","?","R","E","R","T","E","M","M","E","M","R","BOSS","M","?","?","?","$","E"],"build_version":"2019-01-03v4","purchased_purges":1,"victory":false,"max_hp_per_floor":[71,71,71,71,71,71,71,71,71,71,76,76,76,76,76,76,76,76,76,76,76,76,76],"card_choices":[{"not_picked":["Barrage","Double Energy"],"picked":"Defragment","floor":1},{"not_picked":["Leap","Rebound","Beam Cell"],"picked":"SKIP","floor":2},{"not_picked":["Barrage","Gash"],"picked":"Cold Snap","floor":3},{"not_picked":["Rebound","Loop"],"picked":"Coolheaded","floor":4},{"not_picked":["Heatsinks","Streamline"],"picked":"Conserve Battery","floor":7},{"not_picked":["Heatsinks","Stack","Rebound"],"picked":"SKIP","floor":10},{"not_picked":["Coolheaded","Undo"],"picked":"Reinforced Body","floor":11},{"not_picked":["Beam Cell","Compile Driver","Hologram"],"picked":"SKIP","floor":12},{"not_picked":["Reinforced Body","Streamline","Auto Shields"],"picked":"SKIP","floor":13},{"not_picked":["Hyperbeam","Lockon","Double Energy"],"picked":"SKIP","floor":14},{"not_picked":["All For One","Buffer"],"picked":"Multi-Cast","floor":16},{"not_picked":["Genetic Algorithm","Ball Lightning"],"picked":"Redo","floor":18}],"player_experience":761908,"relics_obtained":[{"floor":7,"key":"Turnip"},{"floor":9,"key":"Bottled Tornado"},{"floor":10,"key":"Blood Vial"},{"floor":13,"key":"Ginger"}],"event_choices":[{"damage_healed":0,"gold_gain":0,"player_choice":"Bought 1 Potion","damage_taken":0,"max_hp_gain":0,"max_hp_loss":0,"event_name":"The Woman in Blue","floor":5,"gold_loss":0},{"damage_healed":0,"gold_gain":0,"player_choice":"Read","damage_taken":0,"max_hp_gain":0,"max_hp_loss":0,"event_name":"The Library","floor":19,"gold_loss":0,"cards_obtained":["Ball Lightning"]},{"damage_healed":0,"gold_gain":0,"player_choice":"Obtained Relic","damage_taken":0,"relics_obtained":["Molten Egg 2"],"max_hp_gain":0,"max_hp_loss":0,"event_name":"Addict","floor":20,"gold_loss":85},{"damage_healed":0,"gold_gain":0,"player_choice":"Fight","damage_taken":0,"max_hp_gain":0,"max_hp_loss":0,"event_name":"Colosseum","floor":21,"gold_loss":0},{"damage_healed":0,"gold_gain":0,"player_choice":"Fled From Nobs","damage_taken":0,"max_hp_gain":0,"max_hp_loss":0,"event_name":"Colosseum","floor":21,"gold_loss":0}],"is_beta":false,"boss_relics":[{"not_picked":["Snecko Eye","Fusion Hammer"],"picked":"Nuclear Battery"}],"items_purged_floors":[22],"is_endless":false,"potions_floor_spawned":[1,11,12,14,21],"killed_by":"Book of Stabbing","ascension_level":18}