{"gold_per_floor":[117,117,292,367,367,367,400,400,400,435,455,30,30,30,30,131,131,142,142,22,35,4,4,15,15,40,50,50,60,60,0,0,100,100,118,133,146,66,66,79,99,99,122,122,141,141,158,158,158,158],"floor_reached":51,"playtime":2251,"items_purged":["Strike_G","Strike_G"],"score":778,"play_id":"1450bbea-2222-4955-b19f-78073c26abab","local_time":"20190131225959","is_ascension_mode":false,"campfire_choices":[{"floor":6.0,"key":"REST"},{"floor":8.0,"key":"REST"},{"data":"Neutralize","floor":13.0,"key":"SMITH"},{"data":"Footwork","floor":15.0,"key":"SMITH"},{"data":"Footwork","floor":23.0,"key":"SMITH"},{"data":"Noxious Fumes","floor":30.0,"key":"SMITH"},{"floor":32.0,"key":"REST"},{"data":"After Image","floor":42.0,"key":"SMITH"},{"data":"Footwork","floor":44.0,"key":"SMITH"},{"data":"Cloak And Dagger","floor":49.0,"key":"SMITH"}],"neow_cost":"PERCENT_DAMAGE","seed_source_timestamp":4487604183557,"circlet_count":0,"master_deck":["Defend_G","Defend_G","Defend_G","Defend_G","Defend_G","Survivor","Neutralize+1","Blade Dance","Backstab+1","Distraction","Blade Dance","Infinite Blades","Footwork+1","Infinite Blades","Burst","Crippling Poison+1","Footwork+1","Noxious Fumes+1","Footwork+1","Finisher+1","Noxious Fumes","Footwork+1","Cloak And Dagger+1","Cloak And Dagger","After Image+1","Outmaneuver+1","Parasite","Distraction+1","Dodge and Roll","Backflip"],"special_seed":0,"relics":["Ring of the Snake","Dead Branch","Regal Pillow","Oddly Smooth Stone","The Courier","Shuriken","WristBlade","Centennial Puzzle","Empty Cage","Whetstone","Omamori"],"potions_floor_usage":[50,50],"damage_taken":[{"damage":0.0,"enemies":"Small Slimes","floor":1.0,"turns":3.0},{"damage":33.0,"enemies":"Gremlin Nob","floor":7.0,"turns":6.0},{"damage":7.0,"enemies":"3 Sentries","floor":10.0,"turns":9.0},{"damage":0.0,"enemies":"Jaw Worm","floor":11.0,"turns":3.0},{"damage":5.0,"enemies":"The Guardian","floor":16.0,"turns":9.0},{"damage":0.0,"enemies":"3 Byrds","floor":18.0,"turns":4.0},{"damage":9.0,"enemies":"2 Thieves","floor":21.0,"turns":3.0},{"damage":10.0,"enemies":"Snake Plant","floor":24.0,"turns":4.0},{"damage":8.0,"enemies":"Shelled Parasite and Fungi","floor":27.0,"turns":6.0},{"damage":0.0,"enemies":"Sentry and Sphere","floor":29.0,"turns":6.0},{"damage":0.0,"enemies":"Automaton","floor":33.0,"turns":10.0},{"damage":15.0,"enemies":"Orb Walker","floor":35.0,"turns":5.0},{"damage":16.0,"enemies":"3 Shapes","floor":36.0,"turns":4.0},{"damage":12.0,"enemies":"Writhing Mass","floor":37.0,"turns":9.0},{"damage":16.0,"enemies":"4 Shapes","floor":40.0,"turns":7.0},{"damage":1.0,"enemies":"Spire Growth","floor":41.0,"turns":4.0},{"damage":0.0,"enemies":"Writhing Mass","floor":45.0,"turns":6.0},{"damage":7.0,"enemies":"Jaw Worm Horde","floor":47.0,"turns":7.0},{"damage":55,"enemies":"Time Eater","floor":50,"turns":13}],"seed_played":"2955996637865945448","potions_obtained":[{"floor":1.0,"key":"Swift Potion"},{"floor":11.0,"key":"Energy Potion"},{"floor":16.0,"key":"Swift Potion"},{"floor":18.0,"key":"Strength Potion"},{"floor":27.0,"key":"Swift Potion"},{"floor":29.0,"key":"Swift Potion"},{"floor":37.0,"key":"SteroidPotion"},{"floor":40.0,"key":"Poison Potion"},{"floor":41.0,"key":"GamblersBrew"},{"floor":47.0,"key":"SteroidPotion"}],"is_trial":false,"path_per_floor":["M","?","?","?","?","R","E","R","T","E","M","$","R","?","R","B",null,"M","?","$","M","$","R","M","$","T","M","?","M","R","$","R","B",null,"M","M","M","$","?","M","M","R","T","R","M","T","M","?","R","B",null],"character_chosen":"THE_SILENT","items_purchased":["Blade Dance","Infinite Blades","Shuriken","Footwork","Infinite Blades","Noxious Fumes","Footwork","Noxious Fumes"],"campfire_rested":3,"item_purchase_floors":[12,12,12,12,12,20,20,22],"current_hp_per_floor":[49,42,42,31,31,52,19,55,55,48,48,48,48,48,48,43,70,70,70,70,61,61,61,51,51,51,43,43,43,43,43,70,70,70,55,39,27,27,61,45,44,44,44,44,44,44,37,61,61,6],"gold":158,"neow_bonus":"ONE_RARE_RELIC","is_prod":false,"is_daily":false,"chose_seed":false,"campfire_upgraded":7,"win_rate":0,"timestamp":1548997199,"path_taken":["M","?","?","?","?","R","E","R","T","E","M","$","R","?","R","BOSS","M","?","$","?","$","R","M","?","T","M","?","?","R","$","R","BOSS","M","M","?","$","?","M","M","R","T","R","M","?","?","?","R","BOSS"],"build_version":"2019-01-23","purchased_purges":2,"victory":true,"max_hp_per_floor":[70,70,70,70,70,70,70,70,70,70,70,70,70,70,70,70,70,70,70,70,70,70,70,70,70,70,70,70,70,70,70,70,70,70,70,70,70,70,61,61,61,61,61,61,61,61,61,61,61,61],"card_choices":[{"not_picked":["Setup","Underhanded Strike","Deadly Poison"],"picked":"SKIP","floor":1.0},{"not_picked":["Expertise","Dagger Throw"],"picked":"Blade Dance","floor":7.0},{"not_picked":["Choke","Tactician"],"picked":"Backstab","floor":10.0},{"not_picked":["Escape Plan","Riddle With Holes"],"picked":"Distraction","floor":11.0},{"not_picked":["Corpse Explosion","Die Die Die"],"picked":"Burst","floor":16.0},{"not_picked":["Distraction","Poisoned Stab"],"picked":"Crippling Poison+1","floor":18.0},{"not_picked":["Prepared","Backflip"],"picked":"Finisher+1","floor":21.0},{"not_picked":["All Out Attack","Leg Sweep"],"picked":"Footwork","floor":24.0},{"not_picked":["Blade Dance","Dodge and Roll"],"picked":"Cloak And Dagger","floor":27.0},{"not_picked":["Bouncing Flask","Prepared"],"picked":"Cloak And Dagger","floor":29.0},{"not_picked":["Burst","Envenom"],"picked":"After Image","floor":33.0},{"not_picked":["Endless Agony+1","Masterful Stab"],"picked":"Outmaneuver+1","floor":35.0},{"not_picked":["Deadly Poison+1","Skewer","Underhanded Strike+1"],"picked":"SKIP","floor":36.0},{"not_picked":["Backflip+1","Expertise"],"picked":"Distraction+1","floor":37.0},{"not_picked":["Deflect","Poisoned Stab+1","Quick Slash+1"],"picked":"SKIP","floor":40.0},{"not_picked":["Masterful Stab","Sucker Punch","Flying Knee"],"picked":"SKIP","floor":41.0},{"not_picked":["Masterful Stab+1","Dagger Spray+1"],"picked":"Dodge and Roll","floor":45.0},{"not_picked":["Dagger Throw","Calculated Gamble"],"picked":"Backflip","floor":47.0}],"player_experience":682532,"relics_obtained":[{"floor":7.0,"key":"Regal Pillow"},{"floor":9.0,"key":"Oddly Smooth Stone"},{"floor":10.0,"key":"The Courier"},{"floor":26.0,"key":"Centennial Puzzle"},{"floor":43.0,"key":"Whetstone"},{"floor":46.0,"key":"Omamori"}],"event_choices":[{"cards_removed":["Strike_G"],"damage_healed":0.0,"max_hp_gain":0.0,"max_hp_loss":0.0,"gold_gain":0.0,"event_name":"Golden Wing","player_choice":"Card Removal","floor":2.0,"gold_loss":0.0,"damage_taken":7.0},{"damage_healed":0.0,"max_hp_gain":0.0,"max_hp_loss":0.0,"gold_gain":175.0,"event_name":"Liars Game","player_choice":"AGREE","floor":3.0,"gold_loss":0.0,"damage_taken":0.0,"cards_obtained":["Doubt"]},{"damage_healed":0.0,"max_hp_gain":0.0,"max_hp_loss":0.0,"gold_gain":75.0,"event_name":"World of Goop","player_choice":"Gather Gold","floor":4.0,"gold_loss":0.0,"damage_taken":11.0},{"cards_removed":["Doubt"],"damage_healed":0.0,"max_hp_gain":0.0,"max_hp_loss":0.0,"gold_gain":0.0,"event_name":"Living Wall","player_choice":"Forget","floor":5.0,"gold_loss":0.0,"damage_taken":0.0},{"damage_healed":0.0,"max_hp_gain":0.0,"max_hp_loss":0.0,"gold_gain":0.0,"event_name":"The Cleric","player_choice":"Leave","floor":14.0,"gold_loss":0.0,"damage_taken":0.0},{"damage_healed":0.0,"max_hp_gain":0.0,"max_hp_loss":0.0,"gold_gain":0.0,"event_name":"Duplicator","player_choice":"Copied","floor":19.0,"gold_loss":0.0,"damage_taken":0.0,"cards_obtained":["Footwork"]},{"damage_healed":0.0,"max_hp_gain":0.0,"max_hp_loss":0.0,"gold_gain":0.0,"event_name":"The Woman in Blue","player_choice":"Bought 0 Potions","floor":28.0,"gold_loss":0.0,"damage_taken":0.0},{"damage_healed":61.0,"max_hp_gain":0.0,"max_hp_loss":9.0,"gold_gain":0.0,"event_name":"The Moai Head","player_choice":"Heal","floor":39.0,"gold_loss":0.0,"damage_taken":0.0},{"damage_healed":24.0,"max_hp_gain":0.0,"max_hp_loss":0.0,"gold_gain":0.0,"event_name":"MindBloom","player_choice":"Heal","floor":48.0,"gold_loss":0.0,"damage_taken":0.0,"cards_obtained":["Doubt"]}],"is_beta":false,"boss_relics":[{"not_picked":["Runic Pyramid","Tiny House"],"picked":"WristBlade"},{"not_picked":["Orrery","Calling Bell"],"picked":"Empty Cage"}],"items_purged_floors":[31,38],"is_endless":false,"potions_floor_spawned":[1,11,16,18,27,29,37,40,41,47],"ascension_level":0}