{"gold_per_floor":[110,110,125,170,193,193,264,264,287,287,303,303,344,365,365,365],"floor_reached":16,"playtime":804,"items_purged":[],"score":127,"play_id":"7ec6575f-0a84-42e8-aa3b-3b3efa70d204","local_time":"20190130003914","is_ascension_mode":true,"campfire_choices":[{"data":"Zap","floor":6,"key":"SMITH"},{"floor":8,"key":"REST"},{"floor":10,"key":"RECALL"},{"floor":12,"key":"REST"},{"floor":15,"key":"REST"}],"neow_cost":"NONE","seed_source_timestamp":1755161306205948,"circlet_count":0,"master_deck":["Strike_B","Strike_B","Strike_B","Strike_B","Defend_B","Defend_B","Defend_B","Defend_B","Zap+1","Dualcast","Hologram","Injury","FTL","Melter","Stack","Redo","Storm","Buffer"],"relics":["Cracked Core","Ancient Tea Set","Golden Idol","Lantern","Tiny Chest","Pen Nib"],"potions_floor_usage":[7,11,13,16],"damage_taken":[{"damage":2,"enemies":"Jaw Worm","floor":1,"turns":3},{"damage":1,"enemies":"Cultist","floor":3,"turns":3},{"damage":2,"enemies":"Small Slimes","floor":5,"turns":2},{"damage":20,"enemies":"Gremlin Nob","floor":7,"turns":3},{"damage":15,"enemies":"Gremlin Gang","floor":11,"turns":4},{"damage":37,"enemies":"Lagavulin","floor":13,"turns":7},{"damage":3,"enemies":"Exordium Thugs","floor":14,"turns":4},{"damage":58,"enemies":"Hexaghost","floor":16,"turns":9}],"seed_played":"8829948829987633905","potions_obtained":[{"floor":3,"key":"Swift Potion"},{"floor":7,"key":"Strength Potion"},{"floor":11,"key":"Ancient Potion"},{"floor":14,"key":"Swift Potion"}],"is_trial":false,"path_per_floor":["M","?","M","T","M","R","E","R","T","R","M","R","E","M","R","B"],"character_chosen":"DEFECT","items_purchased":[],"campfire_rested":3,"item_purchase_floors":[],"current_hp_per_floor":[73,73,72,72,70,70,50,72,72,72,57,75,38,35,57,0],"gold":365,"neow_bonus":"RANDOM_COMMON_RELIC","is_prod":false,"is_daily":false,"chose_seed":false,"campfire_upgraded":1,"win_rate":0,"timestamp":1548815954,"path_taken":["M","?","M","?","M","R","E","R","T","R","M","R","E","M","R","BOSS"],"build_version":"2019-01-23","purchased_purges":0,"victory":false,"max_hp_per_floor":[75,75,75,75,75,75,75,75,75,75,75,75,75,75,75,75],"card_choices":[{"not_picked":["Rebound","Turbo"],"picked":"Hologram","floor":1},{"not_picked":["Recycle","Blizzard"],"picked":"FTL","floor":3},{"not_picked":["Biased Cognition","Coolheaded"],"picked":"Melter","floor":5},{"not_picked":["Steam","Storm"],"picked":"Stack","floor":7},{"not_picked":["Doom and Gloom","Steam Power"],"picked":"Redo","floor":11},{"not_picked":["Heatsinks","Beam Cell"],"picked":"Storm","floor":13},{"not_picked":["Rebound","Redo"],"picked":"Buffer","floor":14}],"player_experience":84780,"relics_obtained":[{"floor":4,"key":"Lantern"},{"floor":7,"key":"Tiny Chest"},{"floor":13,"key":"Pen Nib"}],"event_choices":[{"damage_healed":0,"gold_gain":0,"player_choice":"Take Wound","damage_taken":0,"relics_obtained":["Golden Idol"],"max_hp_gain":0,"max_hp_loss":0,"event_name":"Golden Idol","floor":2,"gold_loss":0,"cards_obtained":["Injury"]}],"is_beta":false,"boss_relics":[],"items_purged_floors":[],"is_endless":false,"potions_floor_spawned":[3,7,11,14],"killed_by":"Hexaghost","ascension_level":3}