{"gold_per_floor":[115,265,284,284,301,301,333,333,333,343,343,369,381,21,21,95,95,113,113,124,138,138,138,138,138,207,232,232,249,249,249,249,325,325,338,355,186,86,105,105,130,130,153,153,172,172,221,235,235,235],"floor_reached":51,"playtime":2217,"items_purged":["Strike_G","Strike_G"],"score":1252,"play_id":"6a628f10-1ab4-4591-af86-fe22a3483f16","local_time":"20190203233129","is_ascension_mode":true,"campfire_choices":[{"data":"Bane","floor":6.0,"key":"SMITH"},{"data":"Noxious Fumes","floor":8.0,"key":"SMITH"},{"data":"Footwork","floor":15.0,"key":"SMITH"},{"floor":23.0,"key":"REST"},{"floor":25.0,"key":"REST"},{"floor":28.0,"key":"REST"},{"data":"Crippling Poison","floor":32.0,"key":"SMITH"},{"floor":40.0,"key":"REST"},{"floor":42.0,"key":"REST"},{"data":"Well Laid Plans","floor":44.0,"key":"SMITH"},{"data":"Burst","floor":46.0,"key":"SMITH"},{"floor":49.0,"key":"REST"}],"neow_cost":"NONE","seed_source_timestamp":10588602840400,"circlet_count":0,"master_deck":["AscendersBane","Defend_G+1","Defend_G","Defend_G","Defend_G","Defend_G","Strike_G+1","Survivor","Neutralize+1","Footwork+1","Bane+1","Noxious Fumes+1","Well Laid Plans+1","Dagger Spray+1","Noxious Fumes+1","Crippling Poison+1","Burst","PiercingWail","Dodge and Roll","Burst+1","Blur","Corpse Explosion+1","Catalyst+1","Catalyst+1","Leg Sweep","Adrenaline","Leg Sweep"],"special_seed":0,"relics":["Ring of the Snake","Pear","Darkstone Periapt","MawBank","Letter Opener","DollysMirror","Philosopher\u0027s Stone","Nilry\u0027s Codex","Matryoshka","PreservedInsect","Strawberry","Orichalcum","Lizard Tail","Happy Flower","War Paint","Whetstone","Ninja Scroll"],"potions_floor_usage":[50,50],"damage_taken":[{"damage":1.0,"enemies":"Small Slimes","floor":1.0,"turns":4.0},{"damage":2.0,"enemies":"Jaw Worm","floor":3.0,"turns":8.0},{"damage":3.0,"enemies":"Cultist","floor":5.0,"turns":5.0},{"damage":23.0,"enemies":"Gremlin Nob","floor":7.0,"turns":5.0},{"damage":12.0,"enemies":"Exordium Wildlife","floor":10.0,"turns":6.0},{"damage":1.0,"enemies":"Large Slime","floor":12.0,"turns":8.0},{"damage":14.0,"enemies":"The Guardian","floor":16.0,"turns":9.0},{"damage":23.0,"enemies":"3 Byrds","floor":18.0,"turns":3.0},{"damage":11.0,"enemies":"Shell Parasite","floor":20.0,"turns":6.0},{"damage":1.0,"enemies":"Snake Plant","floor":21.0,"turns":4.0},{"damage":31.0,"enemies":"Slavers","floor":27.0,"turns":5.0},{"damage":8.0,"enemies":"Cultist and Chosen","floor":29.0,"turns":6.0},{"damage":14.0,"enemies":"Collector","floor":33.0,"turns":9.0},{"damage":15.0,"enemies":"Orb Walker","floor":35.0,"turns":6.0},{"damage":31.0,"enemies":"3 Shapes","floor":36.0,"turns":4.0},{"damage":8.0,"enemies":"Jaw Worm Horde","floor":39.0,"turns":3.0},{"damage":8.0,"enemies":"Reptomancer","floor":41.0,"turns":4.0},{"damage":0.0,"enemies":"3 Darklings","floor":45.0,"turns":4.0},{"damage":47.0,"enemies":"2 Orb Walkers","floor":47.0,"turns":4.0},{"damage":1.0,"enemies":"4 Shapes","floor":48.0,"turns":3.0},{"damage":27,"enemies":"Time Eater","floor":50,"turns":8}],"seed_played":"-7017233255928050391","potions_obtained":[{"floor":1.0,"key":"Regen Potion"},{"floor":10.0,"key":"SpeedPotion"},{"floor":12.0,"key":"GamblersBrew"},{"floor":16.0,"key":"Fire Potion"},{"floor":18.0,"key":"EssenceOfSteel"},{"floor":20.0,"key":"Weak Potion"},{"floor":29.0,"key":"Swift Potion"},{"floor":31.0,"key":"Poison Potion"},{"floor":36.0,"key":"Energy Potion"},{"floor":41.0,"key":"FearPotion"},{"floor":47.0,"key":"GhostInAJar"}],"is_trial":false,"path_per_floor":["M","?","M","?","M","R","E","R","T","M","T","M","?","$","R","B",null,"M","?","M","M","?","R","?","R","T","E","R","M","T","?","R","B",null,"M","M","$","$","M","R","E","R","T","R","M","R","?","M","R","B",null],"character_chosen":"THE_SILENT","items_purchased":["DollysMirror","Crippling Poison","Happy Flower"],"campfire_rested":6,"item_purchase_floors":[14,14,37],"current_hp_per_floor":[58,58,56,49,46,46,47,47,47,35,35,34,29,29,29,15,61,38,17,6,5,5,27,27,49,49,18,40,32,39,39,39,25,69,54,23,23,23,15,39,31,55,55,55,55,55,8,7,31,4],"gold":235,"neow_bonus":"UPGRADE_CARD","is_prod":false,"is_daily":false,"chose_seed":false,"campfire_upgraded":6,"win_rate":0,"timestamp":1549229489,"path_taken":["M","?","M","?","M","R","E","R","T","M","?","?","?","$","R","BOSS","M","?","M","M","?","R","?","R","T","E","R","?","?","?","R","BOSS","M","M","?","$","?","R","E","R","T","R","M","R","?","M","R","BOSS"],"build_version":"2019-01-23","purchased_purges":2,"victory":true,"max_hp_per_floor":[66,66,66,66,66,66,76,76,76,76,76,76,76,76,76,76,76,76,76,76,76,76,76,76,76,76,76,76,76,83,83,83,83,83,83,83,83,83,83,83,83,83,83,83,83,83,83,83,83,83],"card_choices":[{"not_picked":["Endless Agony","Dagger Throw"],"picked":"Footwork","floor":1.0},{"not_picked":["Distraction","Cloak And Dagger"],"picked":"Bane","floor":3.0},{"not_picked":["Skewer","PiercingWail"],"picked":"Noxious Fumes","floor":5.0},{"not_picked":["Glass Knife","Deadly Poison"],"picked":"Well Laid Plans","floor":7.0},{"not_picked":["Tactician","Slice"],"picked":"Dagger Spray","floor":10.0},{"not_picked":["Cloak And Dagger","Finisher","Concentrate"],"picked":"SKIP","floor":12.0},{"not_picked":["Doppelganger","A Thousand Cuts"],"picked":"Burst","floor":16.0},{"not_picked":["Bane+1","Deadly Poison"],"picked":"PiercingWail","floor":18.0},{"not_picked":["Quick Slash","Bane"],"picked":"Dodge and Roll","floor":20.0},{"not_picked":["Dash","Choke","Setup+1"],"picked":"SKIP","floor":21.0},{"not_picked":["Calculated Gamble","Slice+1","Dagger Spray"],"picked":"SKIP","floor":27.0},{"not_picked":["Deadly Poison","Flechettes","Infinite Blades"],"picked":"SKIP","floor":29.0},{"not_picked":["Night Terror","After Image"],"picked":"Corpse Explosion","floor":33.0},{"not_picked":["Calculated Gamble+1","Quick Slash+1"],"picked":"Catalyst+1","floor":35.0},{"not_picked":["Infinite Blades","Dagger Spray"],"picked":"Catalyst+1","floor":36.0},{"not_picked":["Sucker Punch","Predator+1","Riddle With Holes"],"picked":"SKIP","floor":39.0},{"not_picked":["Riddle With Holes","Flying Knee+1","Endless Agony+1"],"picked":"SKIP","floor":41.0},{"not_picked":["Deflect","Deadly Poison"],"picked":"Leg Sweep","floor":45.0},{"not_picked":["Expertise","Deflect+1"],"picked":"Adrenaline","floor":47.0},{"not_picked":["Flying Knee+1","Backflip"],"picked":"Leg Sweep","floor":48.0}],"player_experience":590615,"relics_obtained":[{"floor":7.0,"key":"Pear"},{"floor":9.0,"key":"Darkstone Periapt"},{"floor":11.0,"key":"MawBank"},{"floor":19.0,"key":"Nilry\u0027s Codex"},{"floor":26.0,"key":"Matryoshka"},{"floor":27.0,"key":"PreservedInsect"},{"floor":30.0,"key":"Strawberry"},{"floor":30.0,"key":"Orichalcum"},{"floor":41.0,"key":"War Paint"},{"floor":43.0,"key":"Whetstone"},{"floor":43.0,"key":"Ninja Scroll"}],"event_choices":[{"damage_healed":0.0,"max_hp_gain":0.0,"max_hp_loss":0.0,"gold_gain":150.0,"event_name":"Liars Game","player_choice":"AGREE","floor":2.0,"gold_loss":0.0,"damage_taken":0.0,"cards_obtained":["Doubt"]},{"cards_removed":["Doubt"],"damage_healed":0.0,"max_hp_gain":0.0,"max_hp_loss":0.0,"gold_gain":0.0,"event_name":"Golden Wing","player_choice":"Card Removal","floor":4.0,"gold_loss":0.0,"damage_taken":7.0},{"damage_healed":0.0,"max_hp_gain":0.0,"max_hp_loss":0.0,"gold_gain":0.0,"event_name":"Scrap Ooze","player_choice":"Success","floor":13.0,"gold_loss":0.0,"damage_taken":5.0,"relics_obtained":["Letter Opener"]},{"damage_healed":0.0,"max_hp_gain":0.0,"max_hp_loss":0.0,"gold_gain":0.0,"event_name":"Cursed Tome","player_choice":"Obtained Book","floor":19.0,"gold_loss":0.0,"damage_taken":21.0},{"damage_healed":0.0,"max_hp_gain":0.0,"max_hp_loss":0.0,"gold_gain":0.0,"event_name":"The Mausoleum","player_choice":"Ignored","floor":22.0,"gold_loss":0.0,"damage_taken":0.0},{"damage_healed":0.0,"max_hp_gain":0.0,"max_hp_loss":0.0,"gold_gain":0.0,"cards_transformed":["Strike_G","Strike_G"],"event_name":"Drug Dealer","player_choice":"Became Test Subject","floor":24.0,"gold_loss":0.0,"damage_taken":0.0,"cards_obtained":["Burst","Blur"]},{"damage_healed":0.0,"max_hp_gain":0.0,"max_hp_loss":0.0,"gold_gain":0.0,"event_name":"Lab","player_choice":"Got Potions","floor":31.0,"gold_loss":0.0,"damage_taken":0.0},{"damage_healed":0.0,"max_hp_gain":0.0,"max_hp_loss":0.0,"gold_gain":0.0,"event_name":"Mysterious Sphere","player_choice":"Fight","floor":47.0,"gold_loss":0.0,"damage_taken":0.0}],"is_beta":false,"boss_relics":[{"not_picked":["Pandora\u0027s Box","WristBlade"],"picked":"Philosopher\u0027s Stone"},{"not_picked":["Eternal Feather","Tiny House"],"picked":"Lizard Tail"}],"items_purged_floors":[14,38],"is_endless":false,"potions_floor_spawned":[1,10,12,16,18,20,29,36,41,47,48],"ascension_level":16}