{"path_per_floor":["M","M","?","$","?","R","E","?","T","M","M","M","M","?","R","B",null,"M","M","M","M","$","R","M","M","T","R","$","R","M","M","R"],"character_chosen":"THE_SILENT","items_purchased":["Infinite Blades","Blade Dance","Regen Potion","Noxious Fumes","Ancient Potion"],"gold_per_floor":[115,130,130,21,21,21,48,13,13,25,43,53,69,69,69,166,166,177,189,202,221,30,30,48,63,140,140,21,21,40,57,57],"floor_reached":33,"campfire_rested":4,"playtime":4700,"current_hp_per_floor":[63,61,61,61,61,61,41,56,56,54,43,43,43,43,43,24,63,36,26,24,4,4,22,16,1,1,19,19,37,1,1,19],"items_purged":["Strike_G","Defend_G"],"gold":57,"score":253,"play_id":"768193d0-e206-4597-91cc-307134c865d2","is_prod":false,"is_daily":false,"is_ascension_mode":false,"campfire_upgraded":2,"path_taken":["M","M","?","$","?","R","E","?","T","M","?","M","M","?","R","BOSS","M","M","M","M","$","R","M","M","T","R","$","R","M","M","R","BOSS"],"build_version":"2018-02-12-PROD1","purchased_purges":2,"victory":false,"master_deck":["Survivor","Neutralize","Quick Slash","Poisoned Stab","Dagger Throw","Infinite Blades+1","Skewer+1","Bane","Dagger Spray","Deadly Poison","Backstab","Adrenaline","Bouncing Flask+1","Venomology+1","Flying Knee+1","Bane+1","Finisher","Blade Dance","Noxious Fumes"],"max_hp_per_floor":[63,63,63,63,63,63,63,63,63,63,63,63,63,63,63,63,63,63,63,63,63,63,63,63,63,63,63,63,63,63,63,63],"relics":["Ring of the Snake","Darkstone Periapt","Toolbox","Astrolabe","Kunai"],"card_choices":[{"not_picked":["Dagger Throw","Backflip"],"picked":"Quick Slash"},{"not_picked":["Flechettes","Prepared"],"picked":"Poisoned Stab"},{"not_picked":["Night Terror","Dash"],"picked":"Skewer"},{"not_picked":["Infinite Blades","Blur"],"picked":"Bane"},{"not_picked":["Quick Slash","Backflip"],"picked":"Dagger Spray"},{"not_picked":["Backflip","Acrobatics"],"picked":"Deadly Poison"},{"not_picked":["Distraction","PiercingWail"],"picked":"Backstab"},{"not_picked":["Wraith Form","Glass Knife"],"picked":"Adrenaline"},{"not_picked":["Backflip","Quick Slash"],"picked":"Bane"},{"not_picked":["Skewer","Deadly Poison"],"picked":"Finisher"}],"player_experience":46251,"potions_floor_usage":[25,25,30,30,31,33,33,33],"damage_taken":[{"damage":0.0,"enemies":"Small Slimes","floor":1.0,"turns":4.0},{"damage":2.0,"enemies":"Blue Slaver","floor":2.0,"turns":6.0},{"damage":20.0,"enemies":"Lagavulin","floor":7.0,"turns":7.0},{"damage":2.0,"enemies":"Jaw Worm","floor":10.0,"turns":3.0},{"damage":11.0,"enemies":"3 Louse","floor":11.0,"turns":3.0},{"damage":0.0,"enemies":"Gremlin Gang","floor":12.0,"turns":2.0},{"damage":0.0,"enemies":"2 Fungi Beasts","floor":13.0,"turns":2.0},{"damage":19.0,"enemies":"Hexaghost","floor":16.0,"turns":9.0},{"damage":27.0,"enemies":"3 Byrds","floor":18.0,"turns":3.0},{"damage":10.0,"enemies":"Spheric Guardian","floor":19.0,"turns":3.0},{"damage":2.0,"enemies":"Chosen and Byrds","floor":20.0,"turns":4.0},{"damage":20.0,"enemies":"Centurion and Healer","floor":21.0,"turns":5.0},{"damage":12.0,"enemies":"Snecko","floor":24.0,"turns":4.0},{"damage":15,"enemies":"Snake Plant","floor":25,"turns":3},{"damage":36,"enemies":"Slaver and Parasite","floor":30,"turns":4},{"damage":0,"enemies":"3 Cultists","floor":31,"turns":4},{"damage":26,"enemies":"Champ","floor":33,"turns":5}],"event_choices":[{"event_name":"Transmorgrifier","player_choice":"Transform","floor":3.0,"damage_taken":0.0},{"event_name":"Bonfire Elementals","player_choice":"BASIC","floor":5.0,"damage_taken":0.0},{"event_name":"The Cleric","player_choice":"Healed","floor":8.0,"damage_taken":0.0},{"event_name":"Purifier","player_choice":"One Purge","floor":14.0,"damage_taken":0.0}],"boss_relics":[],"potions_floor_spawned":[2,7,10,11,19,24,30,31],"seed_played":"4855692741385312555","killed_by":"Champ","ascension_level":0,"is_trial":false}