{"gold_per_floor":[117,130,143,71,71,102,102,128,180,191,205,170,170,170,170,268,268,283,283,296,310,12,12],"floor_reached":23,"playtime":3287,"items_purged":[],"score":221,"play_id":"578ea19c-6c5a-48f4-8d89-8cfbd45e817f","local_time":"20190127131439","is_ascension_mode":true,"campfire_choices":[{"floor":7,"key":"REST"},{"floor":13,"key":"RECALL"},{"floor":15,"key":"REST"}],"neow_cost":"NONE","seed_source_timestamp":1538789652099692,"circlet_count":0,"master_deck":["Zap","Dualcast","FTL","Redo","Defragment","Defragment","Reinforced Body","Cold Snap","Ball Lightning","Machine Learning","Genetic Algorithm","Force Field","Leap","Double Energy","Barrage","Steam","Genetic Algorithm","Scrape","Static Discharge","Stack","Leap"],"relics":["Cracked Core","Mummified Hand","Bag of Preparation","DataDisk","Pandora\u0027s Box","Ornamental Fan","Mercury Hourglass"],"potions_floor_usage":[6,16,16,18,23],"damage_taken":[{"damage":0,"enemies":"Cultist","floor":1,"turns":4},{"damage":0,"enemies":"2 Louse","floor":2,"turns":2},{"damage":2,"enemies":"Jaw Worm","floor":3,"turns":2},{"damage":39,"enemies":"Lagavulin","floor":6,"turns":6},{"damage":18,"enemies":"Gremlin Nob","floor":8,"turns":3},{"damage":1,"enemies":"Exordium Wildlife","floor":10,"turns":3},{"damage":4,"enemies":"2 Fungi Beasts","floor":11,"turns":2},{"damage":40,"enemies":"Slime Boss","floor":16,"turns":8},{"damage":12,"enemies":"2 Thieves","floor":18,"turns":4},{"damage":4,"enemies":"Spheric Guardian","floor":20,"turns":4},{"damage":51,"enemies":"3 Cultists","floor":21,"turns":7},{"damage":21,"enemies":"Book of Stabbing","floor":23,"turns":2}],"seed_played":"2312710343209181084","potions_obtained":[{"floor":3,"key":"Ancient Potion"},{"floor":8,"key":"Strength Potion"},{"floor":10,"key":"Poison Potion"},{"floor":16,"key":"Dexterity Potion"},{"floor":18,"key":"SpeedPotion"}],"is_trial":false,"path_per_floor":["M","M","M","$","?","E","R","E","T","M","M","?","R","?","R","B",null,"M","?","M","M","$","E"],"character_chosen":"DEFECT","items_purchased":["Storm","Mercury Hourglass","SkillPotion"],"campfire_rested":2,"item_purchase_floors":[4,22,22],"current_hp_per_floor":[82,82,80,80,82,43,67,49,49,48,44,64,64,64,82,42,82,70,70,66,15,15,0],"gold":12,"neow_bonus":"TEN_PERCENT_HP_BONUS","is_prod":false,"is_daily":false,"chose_seed":false,"campfire_upgraded":0,"win_rate":0,"timestamp":1548602079,"path_taken":["M","M","M","$","?","E","R","E","T","?","M","?","R","?","R","BOSS","M","?","M","M","$","E"],"build_version":"2019-01-23","purchased_purges":0,"victory":false,"max_hp_per_floor":[82,82,82,82,82,82,82,82,82,82,82,82,82,82,82,82,82,82,82,82,82,82,82],"card_choices":[{"not_picked":["Stack","Barrage"],"picked":"FTL","floor":1},{"not_picked":["Go for the Eyes","Conserve Battery"],"picked":"Redo","floor":2},{"not_picked":["Recycle","Turbo"],"picked":"Defragment","floor":3},{"not_picked":["Ball Lightning","Chaos"],"picked":"Defragment","floor":6},{"not_picked":["Rebound","Conserve Battery"],"picked":"Reinforced Body","floor":8},{"not_picked":["Seek","Steam Power"],"picked":"Cold Snap","floor":10},{"not_picked":["Compile Driver","Sweeping Beam"],"picked":"Ball Lightning","floor":11},{"not_picked":["Meteor Strike","Rainbow"],"picked":"Machine Learning","floor":16},{"not_picked":["Lockon","FTL"],"picked":"Static Discharge","floor":18},{"not_picked":["Steam Power","Conserve Battery"],"picked":"Stack","floor":20},{"not_picked":["Barrage","Streamline"],"picked":"Leap","floor":21}],"player_experience":69429,"relics_obtained":[{"floor":6,"key":"Mummified Hand"},{"floor":8,"key":"Bag of Preparation"},{"floor":9,"key":"DataDisk"}],"event_choices":[{"cards_removed":["Storm"],"damage_healed":2,"gold_gain":0,"player_choice":"Offered Uncommon","damage_taken":0,"max_hp_gain":0,"max_hp_loss":0,"event_name":"Bonfire Elementals","floor":5,"gold_loss":0},{"damage_healed":20,"gold_gain":0,"player_choice":"Healed","damage_taken":0,"max_hp_gain":0,"max_hp_loss":0,"event_name":"The Cleric","floor":12,"gold_loss":35},{"damage_healed":0,"gold_gain":0,"player_choice":"Ignored","damage_taken":0,"max_hp_gain":0,"max_hp_loss":0,"event_name":"Liars Game","floor":14,"gold_loss":0},{"damage_healed":0,"gold_gain":0,"player_choice":"Opened","damage_taken":0,"relics_obtained":["Ornamental Fan"],"max_hp_gain":0,"max_hp_loss":0,"event_name":"The Mausoleum","floor":19,"gold_loss":0}],"is_beta":false,"boss_relics":[{"not_picked":["Velvet Choker","White Beast Statue"],"picked":"Pandora\u0027s Box"}],"items_purged_floors":[],"is_endless":false,"potions_floor_spawned":[3,8,10,16,18],"killed_by":"Book of Stabbing","ascension_level":2}