{"gold_per_floor":[119,131,81,81,92,92,104,131,131,149,149,74,74,86,86,185,185,202,202,202,67,77,77,92,108,134,150,175,195,195,242,242,242],"floor_reached":33,"playtime":2931,"items_purged":["Strike_G","Outmaneuver"],"score":361,"play_id":"e01266a5-c0e5-4662-8dbf-a67702a098e5","local_time":"20181111124352","is_ascension_mode":true,"campfire_choices":[{"data":"Neutralize","floor":6.0,"key":"SMITH"},{"data":"Dash","floor":15.0,"key":"SMITH"},{"data":"Noxious Fumes","floor":23.0,"key":"SMITH"},{"data":"A Thousand Cuts","floor":30.0,"key":"SMITH"},{"floor":32.0,"key":"REST"}],"neow_cost":"PERCENT_DAMAGE","seed_source_timestamp":0,"circlet_count":0,"master_deck":["Defend_G","Defend_G","Defend_G","Survivor","Neutralize+1","Cloak And Dagger","Dash+1","Dagger Throw","PiercingWail","Backflip","Unload","Cloak And Dagger","Blade Dance","Tools of the Trade","Crippling Poison","Backflip","Dodge and Roll","Eviscerate","Acrobatics","Escape Plan+1","Noxious Fumes+1","Finisher","Infinite Blades","A Thousand Cuts+1","Calculated Gamble"],"special_seed":0,"relics":["Ring of the Snake","Thread and Needle","Incense Burner","Gambling Chip","Orrery","Vajra","Red Mask","Lantern"],"potions_floor_usage":[33],"damage_taken":[{"damage":0.0,"enemies":"2 Louse","floor":1.0,"turns":4.0},{"damage":0.0,"enemies":"Small Slimes","floor":2.0,"turns":4.0},{"damage":0.0,"enemies":"Jaw Worm","floor":5.0,"turns":4.0},{"damage":0.0,"enemies":"Looter","floor":7.0,"turns":4.0},{"damage":27.0,"enemies":"Gremlin Nob","floor":8.0,"turns":6.0},{"damage":0.0,"enemies":"Large Slime","floor":10.0,"turns":6.0},{"damage":0.0,"enemies":"Blue Slaver","floor":14.0,"turns":3.0},{"damage":1.0,"enemies":"Slime Boss","floor":16.0,"turns":14.0},{"damage":18.0,"enemies":"Chosen","floor":18.0,"turns":7.0},{"damage":4.0,"enemies":"3 Byrds","floor":22.0,"turns":6.0},{"damage":5.0,"enemies":"Centurion and Healer","floor":24.0,"turns":7.0},{"damage":1.0,"enemies":"Snecko","floor":25.0,"turns":6.0},{"damage":0.0,"enemies":"Snake Plant","floor":27.0,"turns":5.0},{"damage":16.0,"enemies":"Masked Bandits","floor":28.0,"turns":4.0},{"damage":0.0,"enemies":"3 Cultists","floor":29.0,"turns":5.0},{"damage":40,"enemies":"Collector","floor":33,"turns":7}],"seed_played":"-7641930793496851064","potions_obtained":[{"floor":2.0,"key":"EssenceOfSteel"},{"floor":10.0,"key":"Strength Potion"},{"floor":14.0,"key":"Strength Potion"},{"floor":24.0,"key":"Explosive Potion"},{"floor":25.0,"key":"Block Potion"}],"is_trial":false,"path_per_floor":["M","M","?","?","M","R","M","E","T","M","?","$","?","M","R","B",null,"M","?","?","$","M","R","M","M","T","M","?","M","R","T","R","B"],"character_chosen":"THE_SILENT","items_purchased":["Infinite Blades"],"campfire_rested":1,"item_purchase_floors":[21],"current_hp_per_floor":[45,45,45,38,38,38,38,11,11,11,4,4,27,27,27,26,59,41,41,41,41,37,37,32,31,31,31,15,15,15,15,36,0],"gold":242,"neow_bonus":"TRANSFORM_TWO_CARDS","is_prod":false,"is_daily":false,"chose_seed":false,"campfire_upgraded":4,"win_rate":0,"timestamp":1541936632,"path_taken":["M","M","?","?","M","R","M","E","T","?","?","$","?","M","R","BOSS","M","?","?","$","M","R","M","M","T","M","?","M","R","?","R","BOSS"],"build_version":"2018-11-08","purchased_purges":2,"victory":false,"max_hp_per_floor":[70,70,70,70,70,70,70,70,70,70,70,70,70,70,70,70,70,70,70,70,70,70,70,70,70,70,70,70,70,70,70,70,70],"card_choices":[{"not_picked":["Quick Slash","Deadly Poison"],"picked":"Dagger Throw","floor":1.0},{"not_picked":["Deadly Poison","Dash"],"picked":"PiercingWail","floor":2.0},{"not_picked":["Bane","Predator","Outmaneuver"],"picked":"SKIP","floor":5.0},{"not_picked":["Acrobatics","Sucker Punch"],"picked":"Backflip","floor":7.0},{"not_picked":["Leg Sweep","Finisher"],"picked":"Unload","floor":8.0},{"not_picked":["Quick Slash","Deadly Poison"],"picked":"Cloak And Dagger","floor":10.0},{"not_picked":["Backflip","Acrobatics"],"picked":"Blade Dance","floor":14.0},{"not_picked":["Grand Finale","Malaise"],"picked":"Tools of the Trade","floor":16.0},{"not_picked":["PiercingWail","Sucker Punch"],"picked":"Crippling Poison","floor":17.0},{"not_picked":["Dash","Outmaneuver"],"picked":"Backflip","floor":17.0},{"not_picked":["Quick Slash","Blade Dance"],"picked":"Dodge and Roll","floor":17.0},{"not_picked":["Bane","Distraction"],"picked":"Eviscerate","floor":17.0},{"not_picked":["Dash","Expertise"],"picked":"Acrobatics","floor":17.0},{"not_picked":["Underhanded Strike","PiercingWail"],"picked":"Escape Plan+1","floor":18.0},{"not_picked":["Backflip+1","Tactician"],"picked":"A Thousand Cuts","floor":22.0},{"not_picked":["Backflip","Backstab+1"],"picked":"Calculated Gamble","floor":24.0},{"not_picked":["Acrobatics+1","Deflect","Outmaneuver+1"],"picked":"SKIP","floor":25.0},{"not_picked":["Backflip","Deadly Poison","Concentrate"],"picked":"SKIP","floor":27.0},{"not_picked":["Quick Slash+1","Underhanded Strike","Calculated Gamble"],"picked":"SKIP","floor":29.0}],"player_experience":490072,"relics_obtained":[{"floor":8.0,"key":"Thread and Needle"},{"floor":9.0,"key":"Incense Burner"},{"floor":26.0,"key":"Vajra"},{"floor":28.0,"key":"Red Mask"},{"floor":31.0,"key":"Lantern"}],"event_choices":[{"cards_removed":["Strike_G"],"damage_healed":0.0,"max_hp_gain":0.0,"max_hp_loss":0.0,"gold_gain":0.0,"event_name":"The Cleric","player_choice":"Card Removal","floor":3.0,"gold_loss":50.0,"damage_taken":0.0},{"cards_removed":["Strike_G"],"damage_healed":0.0,"max_hp_gain":0.0,"max_hp_loss":0.0,"gold_gain":0.0,"event_name":"Golden Wing","player_choice":"Card Removal","floor":4.0,"gold_loss":0.0,"damage_taken":7.0},{"damage_healed":0.0,"max_hp_gain":0.0,"max_hp_loss":0.0,"gold_gain":0.0,"event_name":"Scrap Ooze","player_choice":"Success","floor":11.0,"gold_loss":0.0,"damage_taken":7.0,"relics_obtained":["Gambling Chip"]},{"damage_healed":23.0,"max_hp_gain":0.0,"max_hp_loss":0.0,"gold_gain":0.0,"event_name":"Big Fish","player_choice":"Banana","floor":13.0,"gold_loss":0.0,"damage_taken":0.0},{"damage_healed":0.0,"max_hp_gain":0.0,"max_hp_loss":0.0,"gold_gain":0.0,"event_name":"The Library","player_choice":"Read","floor":19.0,"gold_loss":0.0,"damage_taken":0.0,"cards_obtained":["Noxious Fumes"]},{"damage_healed":0.0,"max_hp_gain":0.0,"max_hp_loss":0.0,"gold_gain":0.0,"cards_transformed":["Strike_G","Defend_G"],"event_name":"Drug Dealer","player_choice":"Became Test Subject","floor":20.0,"gold_loss":0.0,"damage_taken":0.0,"cards_obtained":["Finisher","Outmaneuver"]},{"damage_healed":0.0,"max_hp_gain":0.0,"max_hp_loss":0.0,"gold_gain":0.0,"event_name":"Masked Bandits","player_choice":"Fought Bandits","floor":28.0,"gold_loss":0.0,"damage_taken":0.0}],"is_beta":false,"boss_relics":[{"not_picked":["White Beast Statue","Fusion Hammer"],"picked":"Orrery"}],"items_purged_floors":[12,21],"is_endless":false,"potions_floor_spawned":[2,10,14,24,25,27],"killed_by":"Collector","ascension_level":9}