{"gold_per_floor":[114,129,129,1,12,41,72,84,123,135,166,64,64,44,44,143,143,159,190,207,218,218,218],"floor_reached":23,"playtime":1389,"items_purged":["Defend_G"],"score":191,"play_id":"16ffa526-46a7-4fbb-ad33-c629fe5db2ee","local_time":"20190201012618","is_ascension_mode":false,"campfire_choices":[{"data":"Neutralize","floor":8,"key":"SMITH"},{"data":"After Image","floor":10,"key":"SMITH"},{"data":"Infinite Blades","floor":15,"key":"SMITH"}],"neow_cost":"NONE","seed_source_timestamp":341912482744902,"circlet_count":0,"master_deck":["Defend_G","Defend_G","Defend_G","Defend_G","Strike_G","Strike_G","Strike_G","Strike_G","Survivor","Neutralize+1","Backflip","Poisoned Stab","Dodge and Roll","After Image+1","Dagger Throw","Dagger Throw","Dagger Spray","Backstab","Infinite Blades+1","Adrenaline","Slice+1","Poisoned Stab","Deadly Poison","After Image+1"],"relics":["Ring of the Snake","MawBank","Strawberry","Dream Catcher","Runic Pyramid","Red Mask"],"potions_floor_usage":[11,16,16,16],"damage_taken":[{"damage":1,"enemies":"Jaw Worm","floor":1,"turns":5},{"damage":1,"enemies":"Cultist","floor":2,"turns":5},{"damage":0,"enemies":"Small Slimes","floor":5,"turns":3},{"damage":16,"enemies":"3 Sentries","floor":6,"turns":14},{"damage":16,"enemies":"Exordium Thugs","floor":7,"turns":6},{"damage":3,"enemies":"Large Slime","floor":11,"turns":7},{"damage":18,"enemies":"The Guardian","floor":16,"turns":10},{"damage":1,"enemies":"3 Byrds","floor":18,"turns":4},{"damage":28,"enemies":"Masked Bandits","floor":19,"turns":5},{"damage":12,"enemies":"2 Thieves","floor":20,"turns":4},{"damage":0,"enemies":"Chosen and Byrds","floor":21,"turns":6},{"damage":45,"enemies":"Gremlin Leader","floor":23,"turns":5}],"seed_played":"8854387897872695434","potions_obtained":[{"floor":1,"key":"Energy Potion"},{"floor":7,"key":"SkillPotion"},{"floor":11,"key":"EssenceOfSteel"},{"floor":14,"key":"Weak Potion"},{"floor":16,"key":"GamblersBrew"}],"is_trial":false,"path_per_floor":["M","M","?","$","M","E","M","R","T","R","M","$","?","?","R","B",null,"M","?","M","M","?","E"],"character_chosen":"THE_SILENT","items_purchased":["Dodge and Roll","Backstab","Infinite Blades"],"campfire_rested":0,"item_purchase_floors":[4,12,12],"current_hp_per_floor":[76,75,75,75,75,59,43,43,50,50,47,47,35,35,35,17,84,83,55,43,43,43,0],"gold":218,"neow_bonus":"TEN_PERCENT_HP_BONUS","is_prod":false,"is_daily":false,"chose_seed":false,"campfire_upgraded":3,"win_rate":0,"timestamp":1549002378,"path_taken":["M","M","?","$","M","E","M","R","T","R","?","$","?","?","R","BOSS","M","?","M","M","?","E"],"build_version":"2019-01-23","purchased_purges":1,"victory":false,"max_hp_per_floor":[77,77,77,77,77,77,77,77,84,84,84,84,84,84,84,84,84,84,84,84,84,84,84],"card_choices":[{"not_picked":["Distraction","Deflect"],"picked":"Backflip","floor":1},{"not_picked":["Sucker Punch","PiercingWail"],"picked":"Poisoned Stab","floor":2},{"not_picked":["Acrobatics","Caltrops"],"picked":"After Image","floor":5},{"not_picked":["Underhanded Strike","Quick Slash"],"picked":"Dagger Throw","floor":6},{"not_picked":["Endless Agony","Underhanded Strike"],"picked":"Dagger Throw","floor":7},{"not_picked":["Underhanded Strike","All Out Attack"],"picked":"Dagger Spray","floor":11},{"not_picked":["Tools of the Trade","Malaise"],"picked":"Adrenaline","floor":16},{"not_picked":["Acrobatics","Choke"],"picked":"Slice+1","floor":18},{"not_picked":["Deflect","Reflex"],"picked":"Poisoned Stab","floor":20},{"not_picked":["Skewer+1","All Out Attack+1"],"picked":"Deadly Poison","floor":21}],"player_experience":12104,"relics_obtained":[{"floor":6,"key":"MawBank"},{"floor":9,"key":"Strawberry"},{"floor":19,"key":"Red Mask"}],"event_choices":[{"cards_removed":["Strike_G"],"damage_healed":0,"gold_gain":0,"player_choice":"Purged","damage_taken":0,"max_hp_gain":0,"max_hp_loss":0,"event_name":"Purifier","floor":3,"gold_loss":0},{"damage_healed":0,"gold_gain":0,"player_choice":"Success","damage_taken":12,"relics_obtained":["Dream Catcher"],"max_hp_gain":0,"max_hp_loss":0,"event_name":"Scrap Ooze","floor":13,"gold_loss":0},{"damage_healed":0,"gold_gain":0,"player_choice":"Bought 1 Potion","damage_taken":0,"max_hp_gain":0,"max_hp_loss":0,"event_name":"The Woman in Blue","floor":14,"gold_loss":0},{"damage_healed":0,"gold_gain":0,"player_choice":"Fought Bandits","damage_taken":0,"max_hp_gain":0,"max_hp_loss":0,"event_name":"Masked Bandits","floor":19,"gold_loss":0},{"damage_healed":0,"gold_gain":0,"player_choice":"Copied","damage_taken":0,"max_hp_gain":0,"max_hp_loss":0,"event_name":"Duplicator","floor":22,"gold_loss":0,"cards_obtained":["After Image"]}],"is_beta":false,"boss_relics":[{"not_picked":["Coffee Dripper","Empty Cage"],"picked":"Runic Pyramid"}],"items_purged_floors":[4],"is_endless":false,"potions_floor_spawned":[1,7,11,16],"killed_by":"Gremlin Leader","ascension_level":0}