{"gold_per_floor":[118,130,130,143,155,155,185,197,223,223,223,237,237,237,237,313,313,324,239,19,13,26,26,40,40,40,40],"floor_reached":27,"playtime":1694,"items_purged":["Strike_G"],"score":398,"play_id":"e27fb7a1-53b9-4868-af11-6df8453d3d71","local_time":"20190107211703","is_ascension_mode":true,"campfire_choices":[{"data":"Envenom","floor":6.0,"key":"SMITH"},{"data":"Cloak And Dagger","floor":10.0,"key":"SMITH"},{"data":"Catalyst","floor":15.0,"key":"SMITH"},{"data":"Night Terror","floor":23.0,"key":"SMITH"}],"neow_cost":"NONE","seed_source_timestamp":159508984407435,"circlet_count":0,"master_deck":["AscendersBane","Defend_G","Defend_G","Defend_G","Defend_G","Defend_G","Strike_G","Strike_G","Strike_G","Survivor","Neutralize+1","Cloak And Dagger+1","Envenom+1","Poisoned Stab","Catalyst+1","Envenom","Predator","Night Terror+1","Footwork","Dodge and Roll","PiercingWail","Decay"],"special_seed":0,"relics":["Ring of the Snake","Ninja Scroll","Ancient Tea Set","Blood Vial","Eternal Feather","Strawberry","The Courier"],"potions_floor_usage":[24,27],"damage_taken":[{"damage":3.0,"enemies":"2 Louse","floor":1.0,"turns":5.0},{"damage":0.0,"enemies":"Small Slimes","floor":2.0,"turns":5.0},{"damage":6.0,"enemies":"Cultist","floor":4.0,"turns":4.0},{"damage":4.0,"enemies":"Large Slime","floor":5.0,"turns":10.0},{"damage":25.0,"enemies":"Lagavulin","floor":7.0,"turns":7.0},{"damage":3.0,"enemies":"2 Fungi Beasts","floor":8.0,"turns":3.0},{"damage":0.0,"enemies":"Looter","floor":12.0,"turns":2.0},{"damage":3.0,"enemies":"The Guardian","floor":16.0,"turns":7.0},{"damage":0.0,"enemies":"Chosen","floor":18.0,"turns":5.0},{"damage":17.0,"enemies":"2 Thieves","floor":21.0,"turns":4.0},{"damage":15.0,"enemies":"Centurion and Healer","floor":22.0,"turns":8.0},{"damage":34,"enemies":"Sentry and Sphere","floor":24,"turns":14},{"damage":40,"enemies":"Cultist and Chosen","floor":27,"turns":5}],"seed_played":"-6337931196907335227","potions_obtained":[{"floor":2.0,"key":"GamblersBrew"},{"floor":4.0,"key":"Weak Potion"},{"floor":12.0,"key":"SpeedPotion"},{"floor":24,"key":"Regen Potion"}],"is_trial":false,"path_per_floor":["M","M","?","M","M","R","E","M","T","R","?","M","?","?","R","B",null,"M","?","$","M","M","R","M","?","T","M"],"character_chosen":"THE_SILENT","items_purchased":["Footwork","Dexterity Potion"],"campfire_rested":0,"item_purchase_floors":[20,20],"current_hp_per_floor":[56,56,56,50,46,46,21,18,18,18,18,18,13,35,35,34,58,60,67,67,52,39,51,19,19,19,0],"gold":40,"neow_bonus":"UPGRADE_CARD","is_prod":false,"is_daily":false,"chose_seed":false,"campfire_upgraded":4,"win_rate":0,"timestamp":1546892223,"path_taken":["M","M","?","M","M","R","E","M","T","R","?","?","?","?","R","BOSS","M","?","$","M","M","R","M","?","T","M"],"build_version":"2019-01-03v4","purchased_purges":1,"victory":false,"max_hp_per_floor":[66,66,66,66,66,66,66,66,66,66,66,66,66,66,66,66,66,66,73,73,73,73,73,73,73,73,73],"card_choices":[{"not_picked":["Underhanded Strike","Sucker Punch"],"picked":"Cloak And Dagger","floor":1.0},{"not_picked":["Concentrate","Well Laid Plans"],"picked":"Envenom","floor":2.0},{"not_picked":["Bane","Underhanded Strike"],"picked":"Poisoned Stab","floor":4.0},{"not_picked":["Dagger Spray","Bane"],"picked":"Catalyst","floor":5.0},{"not_picked":["Flying Knee","Underhanded Strike","Deflect"],"picked":"SKIP","floor":7.0},{"not_picked":["Bane","Flying Knee"],"picked":"Envenom","floor":8.0},{"not_picked":["Deadly Poison","Prepared","Outmaneuver"],"picked":"SKIP","floor":12.0},{"not_picked":["Phantasmal Killer","Storm of Steel"],"picked":"Night Terror","floor":16.0},{"not_picked":["Prepared","Outmaneuver","Flechettes"],"picked":"SKIP","floor":18.0},{"not_picked":["Bane","Backflip"],"picked":"Dodge and Roll","floor":21.0},{"not_picked":["Finisher","Concentrate"],"picked":"PiercingWail","floor":22.0},{"not_picked":["Underhanded Strike","Catalyst","Expertise"],"picked":"SKIP","floor":24}],"player_experience":779589,"relics_obtained":[{"floor":7.0,"key":"Ninja Scroll"},{"floor":9.0,"key":"Ancient Tea Set"},{"floor":26,"key":"The Courier"}],"event_choices":[{"damage_healed":0.0,"max_hp_gain":0.0,"max_hp_loss":0.0,"gold_gain":0.0,"event_name":"Liars Game","player_choice":"Ignored","floor":3.0,"gold_loss":0.0,"damage_taken":0.0},{"damage_healed":0.0,"max_hp_gain":0.0,"max_hp_loss":0.0,"gold_gain":0.0,"cards_transformed":["Strike_G"],"event_name":"Transmorgrifier","player_choice":"Transformed","floor":11.0,"gold_loss":0.0,"damage_taken":0.0,"cards_obtained":["Predator"]},{"damage_healed":0.0,"max_hp_gain":0.0,"max_hp_loss":0.0,"gold_gain":0.0,"event_name":"Scrap Ooze","player_choice":"Success","floor":13.0,"gold_loss":0.0,"damage_taken":5.0,"relics_obtained":["Blood Vial"]},{"damage_healed":22.0,"max_hp_gain":0.0,"max_hp_loss":0.0,"gold_gain":0.0,"event_name":"Big Fish","player_choice":"Banana","floor":14.0,"gold_loss":0.0,"damage_taken":0.0},{"damage_healed":0.0,"max_hp_gain":0.0,"max_hp_loss":0.0,"gold_gain":0.0,"event_name":"Addict","player_choice":"Obtained Relic","floor":19.0,"gold_loss":85.0,"damage_taken":0.0,"relics_obtained":["Strawberry"]},{"damage_healed":0,"gold_gain":0,"player_choice":"Smashed Altar","damage_taken":0,"max_hp_gain":0,"max_hp_loss":0,"event_name":"Forgotten Altar","floor":25,"gold_loss":0,"cards_obtained":["Decay"]}],"is_beta":false,"boss_relics":[{"not_picked":["Pandora\u0027s Box","Orrery"],"picked":"Eternal Feather"}],"items_purged_floors":[20],"is_endless":false,"potions_floor_spawned":[2,4,12,16,24],"killed_by":"Cultist and Chosen","ascension_level":17}