{"gold_per_floor":[116,41,41,54,72,72,87,87,87,87,111,211,211,230,230,359,359,359,314,314,314,314,314,314,314,314,314,314,314,314,314,314,314,314,314,314,18,18,18,18,18,18,18,18,18,18,18,18,18,18],"floor_reached":51,"playtime":4170,"items_purged":["Defend_R"],"score":823,"play_id":"e326f6bd-e5e4-44dd-99f7-48fb861517e7","local_time":"20181218023327","is_ascension_mode":true,"campfire_choices":[{"data":"Bash","floor":6,"key":"SMITH"},{"data":"Shrug It Off","floor":8,"key":"SMITH"},{"data":"Spot Weakness","floor":10,"key":"SMITH"},{"data":"Seeing Red","floor":13,"key":"SMITH"},{"data":"Battle Trance","floor":15,"key":"SMITH"},{"data":"Inflame","floor":23,"key":"SMITH"},{"data":"Inflame","floor":25,"key":"SMITH"},{"data":"Pummel","floor":32,"key":"SMITH"},{"data":"Anger","floor":40,"key":"SMITH"},{"data":"Ghostly","floor":44,"key":"SMITH"},{"data":"Exhume","floor":49,"key":"SMITH"}],"neow_cost":"NONE","seed_source_timestamp":2865125650596138,"circlet_count":0,"master_deck":["Strike_R+1","Strike_R+1","Strike_R+1","Strike_R+1","Strike_R+1","Defend_R+1","Defend_R+1","Bash+1","Battle Trance+1","Shrug It Off+1","Thunderclap+1","Spot Weakness+1","Seeing Red+1","Anger+1","Headbutt+1","Inflame+1","Pummel+1","Ghostly+1","Ghostly","Ghostly","Ghostly","Ghostly","True Grit+1","Parasite","Exhume+1"],"relics":["Burning Blood","Bloody Idol","Dodecahedron","Ectoplasm","Pear","Letter Opener","Ancient Tea Set","Dead Branch","Sozu","FossilizedHelix","Charon\u0027s Ashes","Whetstone","Gremlin Horn","Blood Vial","Darkstone Periapt"],"potions_floor_usage":[18,21],"damage_taken":[{"damage":15,"enemies":"Jaw Worm","floor":1,"turns":4},{"damage":5,"enemies":"Cultist","floor":4,"turns":4},{"damage":6,"enemies":"2 Louse","floor":5,"turns":3},{"damage":7,"enemies":"Looter","floor":7,"turns":3},{"damage":1,"enemies":"3 Louse","floor":11,"turns":3},{"damage":1,"enemies":"Blue Slaver","floor":14,"turns":2},{"damage":32,"enemies":"The Guardian","floor":16,"turns":11},{"damage":0,"enemies":"Spheric Guardian","floor":18,"turns":3},{"damage":9,"enemies":"2 Thieves","floor":19,"turns":3},{"damage":0,"enemies":"Sentry and Sphere","floor":21,"turns":3},{"damage":16,"enemies":"Centurion and Healer","floor":22,"turns":4},{"damage":18,"enemies":"Gremlin Leader","floor":24,"turns":4},{"damage":18,"enemies":"Book of Stabbing","floor":28,"turns":3},{"damage":0,"enemies":"Slavers","floor":31,"turns":3},{"damage":41,"enemies":"Champ","floor":33,"turns":8},{"damage":0,"enemies":"3 Darklings","floor":35,"turns":3},{"damage":6,"enemies":"Mind Bloom Boss Battle","floor":36,"turns":4},{"damage":0,"enemies":"Orb Walker","floor":39,"turns":2},{"damage":1,"enemies":"Reptomancer","floor":41,"turns":3},{"damage":0,"enemies":"4 Shapes","floor":42,"turns":3},{"damage":2,"enemies":"Nemesis","floor":45,"turns":5},{"damage":2,"enemies":"Writhing Mass","floor":46,"turns":4},{"damage":0,"enemies":"3 Darklings","floor":47,"turns":3},{"damage":1,"enemies":"Giant Head","floor":48,"turns":5},{"damage":14,"enemies":"Time Eater","floor":50,"turns":8}],"seed_played":"3649473629192794394","potions_obtained":[{"floor":1,"key":"Energy Potion"},{"floor":7,"key":"Regen Potion"},{"floor":16,"key":"Block Potion"},{"floor":19,"key":"Fire Potion"},{"floor":22,"key":"Ancient Potion"}],"is_trial":false,"path_per_floor":["M","$","?","M","M","R","M","R","T","R","M","?","R","M","R","B",null,"M","M","$","M","M","R","E","R","T","?","E","?","?","E","R","B",null,"M","?","$","?","M","R","E","M","T","R","E","M","M","E","R","B",null],"character_chosen":"IRONCLAD","items_purchased":["Charon\u0027s Ashes"],"campfire_rested":0,"item_purchase_floors":[37],"current_hp_per_floor":[71,71,51,52,52,52,51,51,51,51,56,56,56,61,61,35,80,80,77,77,80,70,70,68,68,68,68,56,56,45,45,45,10,45,45,45,45,45,45,45,45,45,45,45,45,45,45,45,45,37],"gold":18,"neow_bonus":"REMOVE_CARD","is_prod":false,"is_daily":false,"chose_seed":false,"campfire_upgraded":11,"win_rate":0,"timestamp":1545122007,"path_taken":["M","$","?","M","M","R","M","R","T","R","M","?","R","M","R","BOSS","M","?","$","M","M","R","E","R","T","?","E","?","?","E","R","BOSS","M","?","$","?","M","R","E","M","T","R","E","M","M","E","R","BOSS"],"build_version":"2018-12-13","purchased_purges":1,"victory":true,"max_hp_per_floor":[80,80,80,80,80,80,80,80,80,80,80,80,80,80,80,80,80,80,80,80,80,80,80,90,90,90,90,90,90,45,45,45,45,45,45,45,45,45,45,45,45,45,45,45,45,45,45,45,45,45],"card_choices":[{"not_picked":["Rampage","Wild Strike"],"picked":"Battle Trance","floor":1},{"not_picked":["Cleave","Twin Strike"],"picked":"Shrug It Off","floor":4},{"not_picked":["Combust","Entrench"],"picked":"Thunderclap","floor":5},{"not_picked":["Sword Boomerang","Fire Breathing"],"picked":"Spot Weakness","floor":7},{"not_picked":["Intimidate","True Grit"],"picked":"Seeing Red","floor":11},{"not_picked":["Iron Wave","Shrug It Off","True Grit"],"picked":"SKIP","floor":14},{"not_picked":["Wild Strike+1","Perfected Strike+1"],"picked":"Anger","floor":18},{"not_picked":["True Grit+1","Clash"],"picked":"Headbutt","floor":19},{"not_picked":["Iron Wave","Body Slam"],"picked":"Inflame","floor":21},{"not_picked":["Seeing Red","Second Wind"],"picked":"Pummel","floor":22},{"not_picked":["Clothesline","Flame Barrier"],"picked":"Inflame","floor":24},{"not_picked":["Clothesline+1","Second Wind","Power Through"],"picked":"SKIP","floor":28},{"not_picked":["Entrench+1","Berserk","Pommel Strike"],"picked":"SKIP","floor":31},{"not_picked":["Combust+1","Pommel Strike","Rage+1"],"picked":"SKIP","floor":35},{"not_picked":["Wild Strike+1","Shrug It Off","Headbutt"],"picked":"SKIP","floor":39},{"not_picked":["Sever Soul","Clash"],"picked":"True Grit+1","floor":41},{"not_picked":["True Grit+1","Iron Wave","Entrench"],"picked":"SKIP","floor":42},{"not_picked":["Shockwave+1","Hemokinesis","Searing Blow+1"],"picked":"SKIP","floor":45},{"not_picked":["Hemokinesis","Thunderclap+1","Searing Blow"],"picked":"SKIP","floor":46},{"not_picked":["Havoc","Disarm+1","Clothesline+1"],"picked":"SKIP","floor":47},{"not_picked":["Iron Wave+1","Seeing Red+1"],"picked":"Exhume","floor":48}],"player_experience":222158,"relics_obtained":[{"floor":9,"key":"Dodecahedron"},{"floor":24,"key":"Pear"},{"floor":26,"key":"Letter Opener"},{"floor":28,"key":"Ancient Tea Set"},{"floor":31,"key":"Dead Branch"},{"floor":36,"key":"FossilizedHelix"},{"floor":41,"key":"Whetstone"},{"floor":43,"key":"Gremlin Horn"},{"floor":45,"key":"Blood Vial"},{"floor":48,"key":"Darkstone Periapt"}],"event_choices":[{"damage_healed":0,"gold_gain":0,"player_choice":"Take Damage","damage_taken":20,"relics_obtained":["Golden Idol"],"max_hp_gain":0,"max_hp_loss":0,"event_name":"Golden Idol","floor":3,"gold_loss":0},{"damage_healed":0,"gold_gain":100,"player_choice":"Pray","damage_taken":0,"max_hp_gain":0,"max_hp_loss":0,"event_name":"Golden Shrine","floor":12,"gold_loss":0},{"damage_healed":0,"gold_gain":0,"player_choice":"Simplicity","damage_taken":0,"max_hp_gain":0,"max_hp_loss":0,"event_name":"Back to Basics","floor":27,"gold_loss":0,"cards_upgraded":["Strike_R","Strike_R","Strike_R","Strike_R","Strike_R","Defend_R","Defend_R"]},{"damage_healed":0,"gold_gain":0,"player_choice":"Gave Idol","damage_taken":0,"relics_obtained":["Bloody Idol"],"max_hp_gain":0,"max_hp_loss":0,"event_name":"Forgotten Altar","floor":29,"relics_lost":["Golden Idol"],"gold_loss":0},{"damage_healed":0,"gold_gain":0,"player_choice":"Became a Ghost","damage_taken":0,"max_hp_gain":0,"max_hp_loss":45,"event_name":"Ghosts","floor":30,"gold_loss":0,"cards_obtained":["Ghostly","Ghostly","Ghostly","Ghostly","Ghostly"]},{"damage_healed":0,"gold_gain":0,"player_choice":"Fight","damage_taken":0,"max_hp_gain":0,"max_hp_loss":0,"event_name":"MindBloom","floor":36,"gold_loss":0},{"cards_removed":["Inflame"],"damage_healed":0,"gold_gain":0,"player_choice":"Removed Power","damage_taken":0,"max_hp_gain":0,"max_hp_loss":0,"event_name":"Falling","floor":38,"gold_loss":0}],"is_beta":false,"boss_relics":[{"not_picked":["Runic Cube","Astrolabe"],"picked":"Ectoplasm"},{"not_picked":["Black Blood","Snecko Eye"],"picked":"Sozu"}],"items_purged_floors":[2],"is_endless":false,"potions_floor_spawned":[1,7,16,19,22,28,31,36,42,48],"ascension_level":1}