{"gold_per_floor":[118,40,40,59,72,72,128,128,153,153,153,153,153,153,153,248,248,259,114,114,102,102,102,116,126,175,175,186,111,111,126,126,227,227,238,252,266,266],"floor_reached":38,"playtime":2534,"items_purged":["Strike_B"],"score":484,"play_id":"c34817f3-0efd-4630-beea-24f7d596ee4e","local_time":"20190203023317","is_ascension_mode":true,"campfire_choices":[{"data":"Hello World","floor":6,"key":"SMITH"},{"data":"Loop","floor":8,"key":"SMITH"},{"floor":12,"key":"REST"},{"data":"Fusion","floor":15,"key":"SMITH"},{"data":"Ghostly","floor":23,"key":"SMITH"},{"data":"Ghostly","floor":27,"key":"SMITH"},{"data":"Ghostly","floor":32,"key":"SMITH"}],"neow_cost":"TEN_PERCENT_HP_LOSS","seed_source_timestamp":134214522244714,"circlet_count":0,"master_deck":["Defend_B+1","Defend_B","Defend_B","Defend_B","Zap","Dualcast","Electrodynamics","Hello World+1","Loop+1","Chill","Fusion+1","Amplify","Creative AI+1","Chill+1","Loop+1","Ghostly+1","Ghostly+1","Ghostly+1","Ghostly","Ghostly","Lockon","Consume","Defragment+1","Steam Power","Storm+1","Multi-Cast","Steam+1","Self Repair+1"],"relics":["FrozenCore","Tiny Chest","Blood Vial","Frozen Egg 2","Bronze Scales","Inserter","Dead Branch","DataDisk"],"potions_floor_usage":[38],"damage_taken":[{"damage":0,"enemies":"Small Slimes","floor":1,"turns":2},{"damage":2,"enemies":"Jaw Worm","floor":4,"turns":4},{"damage":1,"enemies":"2 Louse","floor":5,"turns":2},{"damage":16,"enemies":"Lagavulin","floor":7,"turns":7},{"damage":51,"enemies":"The Guardian","floor":16,"turns":12},{"damage":32,"enemies":"Shell Parasite","floor":18,"turns":6},{"damage":1,"enemies":"2 Thieves","floor":21,"turns":4},{"damage":0,"enemies":"Shelled Parasite and Fungi","floor":24,"turns":7},{"damage":1,"enemies":"Snake Plant","floor":25,"turns":5},{"damage":0,"enemies":"Sentry and Sphere","floor":28,"turns":6},{"damage":3,"enemies":"Cultist and Chosen","floor":31,"turns":6},{"damage":9,"enemies":"Automaton","floor":33,"turns":9},{"damage":0,"enemies":"3 Darklings","floor":35,"turns":5},{"damage":0,"enemies":"3 Shapes","floor":36,"turns":3},{"damage":34,"enemies":"Jaw Worm Horde","floor":37,"turns":4},{"damage":30,"enemies":"Transient","floor":38,"turns":1}],"seed_played":"-4639266217400631692","potions_obtained":[{"floor":1,"key":"Explosive Potion"},{"floor":4,"key":"AttackPotion"},{"floor":16,"key":"Energy Potion"},{"floor":25,"key":"Ancient Potion"}],"is_trial":false,"path_per_floor":["M","$","?","M","M","R","E","R","T","?","?","R","T","T","R","B",null,"M","$","?","M","?","R","M","M","T","R","M","?","?","M","R","B",null,"M","M","M","M"],"character_chosen":"DEFECT","items_purchased":["Loop","Loop+1"],"campfire_rested":1,"item_purchase_floors":[2,19],"current_hp_per_floor":[68,68,73,71,70,70,54,54,54,54,39,60,60,60,60,11,73,41,41,36,35,35,35,36,35,35,35,36,36,36,33,33,26,36,36,36,12,0],"gold":266,"neow_bonus":"THREE_RARE_CARDS","is_prod":false,"is_daily":false,"chose_seed":false,"campfire_upgraded":6,"win_rate":0,"timestamp":1549157597,"path_taken":["M","$","?","M","M","R","E","R","T","?","?","R","?","?","R","BOSS","M","$","?","M","?","R","M","?","T","R","M","?","?","M","R","BOSS","M","M","M","?"],"build_version":"2019-01-23","purchased_purges":1,"victory":false,"max_hp_per_floor":[68,68,73,73,73,73,73,73,73,73,73,73,73,73,73,73,73,73,73,36,36,36,36,36,36,36,36,36,36,36,36,36,36,36,36,36,36,36],"card_choices":[{"not_picked":["Rainbow","Machine Learning"],"picked":"Electrodynamics","floor":0},{"not_picked":["Gash","Scrape"],"picked":"Hello World","floor":1},{"not_picked":["Coolheaded","Compile Driver"],"picked":"Chill","floor":4},{"not_picked":["Lockon","Streamline"],"picked":"Fusion","floor":5},{"not_picked":["Barrage","Undo"],"picked":"Amplify","floor":7},{"not_picked":["Hyperbeam","Fission"],"picked":"Creative AI+1","floor":16},{"not_picked":["Compile Driver","Genetic Algorithm"],"picked":"Chill+1","floor":18},{"not_picked":["Melter+1","Genetic Algorithm"],"picked":"Lockon","floor":21},{"not_picked":["Static Discharge+1","Turbo"],"picked":"Consume","floor":24},{"not_picked":["Ball Lightning","Sweeping Beam"],"picked":"Defragment+1","floor":25},{"not_picked":["Fission","Fusion","Stack"],"picked":"SKIP","floor":28},{"not_picked":["Hologram","Barrage"],"picked":"Storm+1","floor":31},{"not_picked":["Fission","All For One"],"picked":"Multi-Cast","floor":33},{"not_picked":["Go for the Eyes","Rip and Tear+1"],"picked":"Steam+1","floor":35},{"not_picked":["Tempest","Sweeping Beam"],"picked":"Self Repair+1","floor":36},{"not_picked":["Ball Lightning","Leap+1","Barrage+1"],"picked":"SKIP","floor":37}],"player_experience":505401,"relics_obtained":[{"floor":7,"key":"Tiny Chest"},{"floor":9,"key":"Blood Vial"},{"floor":13,"key":"Frozen Egg 2"},{"floor":14,"key":"Bronze Scales"},{"floor":26,"key":"DataDisk"}],"event_choices":[{"damage_healed":0,"gold_gain":0,"player_choice":"Donut","damage_taken":0,"max_hp_gain":5,"max_hp_loss":0,"event_name":"Big Fish","floor":3,"gold_loss":0},{"cards_removed":["Strike_B"],"damage_healed":0,"gold_gain":0,"player_choice":"Forget","damage_taken":0,"max_hp_gain":0,"max_hp_loss":0,"event_name":"Living Wall","floor":10,"gold_loss":0},{"damage_healed":0,"gold_gain":0,"player_choice":"Entered Light","damage_taken":15,"max_hp_gain":0,"max_hp_loss":0,"event_name":"Shining Light","floor":11,"gold_loss":0,"cards_upgraded":["Defend_B","Strike_B"]},{"damage_healed":0,"gold_gain":0,"player_choice":"Became a Ghost","damage_taken":0,"max_hp_gain":0,"max_hp_loss":37,"event_name":"Ghosts","floor":20,"gold_loss":0,"cards_obtained":["Ghostly","Ghostly","Ghostly","Ghostly","Ghostly"]},{"damage_healed":0,"gold_gain":0,"player_choice":"Gave Potion","damage_taken":0,"relics_obtained":["Dead Branch"],"max_hp_gain":0,"max_hp_loss":0,"event_name":"WeMeetAgain","floor":22,"gold_loss":0},{"cards_removed":["Strike_B"],"damage_healed":0,"gold_gain":0,"player_choice":"Gave Gold","damage_taken":0,"max_hp_gain":0,"max_hp_loss":0,"event_name":"Beggar","floor":29,"gold_loss":75},{"damage_healed":0,"gold_gain":0,"cards_transformed":["Strike_B"],"player_choice":"Transformed","damage_taken":0,"max_hp_gain":0,"max_hp_loss":0,"event_name":"Transmorgrifier","floor":30,"gold_loss":0,"cards_obtained":["Steam Power"]}],"is_beta":false,"boss_relics":[{"not_picked":["Snecko Eye","Busted Crown"],"picked":"Inserter"},{"not_picked":["Eternal Feather","Pandora\u0027s Box"],"picked":"FrozenCore"}],"items_purged_floors":[19],"is_endless":false,"potions_floor_spawned":[1,4,16,21,25,31,37],"killed_by":"Transient","ascension_level":3}