{"gold_per_floor":[17,33,49,49,49,49,65,65,65,92,92,112,125,159,159,237,237,256,275,48,48,48,58,58,90,117,117,128,128,147,163,163,234,234,251,251,53,65,0,0,29,29,29,29,29,60,60,60,60,60],"floor_reached":51,"playtime":6747,"items_purged":[],"score":1239,"play_id":"564ee790-ac69-441c-b12a-e5fb5342ba58","local_time":"20190131212302","is_ascension_mode":true,"campfire_choices":[{"data":"Dagger Spray","floor":6.0,"key":"SMITH"},{"data":"Noxious Fumes","floor":11.0,"key":"SMITH"},{"floor":15.0,"key":"REST"},{"data":"Well Laid Plans","floor":24.0,"key":"SMITH"},{"data":"Catalyst","floor":27.0,"key":"SMITH"},{"floor":32.0,"key":"REST"},{"data":"After Image","floor":40,"key":"SMITH"},{"data":"Noxious Fumes","floor":42,"key":"SMITH"},{"data":"Backflip","floor":45,"key":"SMITH"},{"floor":49,"key":"REST"}],"neow_cost":"NO_GOLD","seed_source_timestamp":798051287487661,"circlet_count":0,"master_deck":["AscendersBane","Defend_G+1","Defend_G+1","Defend_G+1","Defend_G+1","Survivor+1","Neutralize+1","Dagger Spray+1","Deadly Poison+1","Noxious Fumes+1","Noxious Fumes+1","Backflip+1","Deadly Poison+1","Catalyst+1","Well Laid Plans+1","Backflip+1","PiercingWail+1","PiercingWail+1","Calculated Gamble+1","After Image+1","Deflect+1","Calculated Gamble+1"],"special_seed":0,"relics":["Ring of the Snake","Ginger","Thread and Needle","Bottled Tornado","Meat on the Bone","Empty Cage","War Paint","Tingsha","Strawberry","Velvet Choker","HandDrill","Red Mask","Gremlin Horn","Mercury Hourglass","Potion Belt","Mark of the Bloom"],"potions_floor_usage":[46],"damage_taken":[{"damage":4.0,"enemies":"Jaw Worm","floor":1.0,"turns":8.0},{"damage":1.0,"enemies":"2 Louse","floor":2.0,"turns":3.0},{"damage":3.0,"enemies":"Small Slimes","floor":3.0,"turns":4.0},{"damage":1.0,"enemies":"Red Slaver","floor":7.0,"turns":5.0},{"damage":19.0,"enemies":"Lagavulin","floor":10.0,"turns":9.0},{"damage":0.0,"enemies":"Blue Slaver","floor":12.0,"turns":4.0},{"damage":0.0,"enemies":"Large Slime","floor":13.0,"turns":5.0},{"damage":3.0,"enemies":"3 Sentries","floor":14.0,"turns":5.0},{"damage":20.0,"enemies":"Hexaghost","floor":16.0,"turns":10.0},{"damage":29.0,"enemies":"3 Byrds","floor":18.0,"turns":4.0},{"damage":3.0,"enemies":"Shell Parasite","floor":19.0,"turns":5.0},{"damage":1.0,"enemies":"Cultist and Chosen","floor":23.0,"turns":6.0},{"damage":12.0,"enemies":"Book of Stabbing","floor":25.0,"turns":8.0},{"damage":1.0,"enemies":"Sentry and Sphere","floor":28.0,"turns":5.0},{"damage":4.0,"enemies":"Snake Plant","floor":30.0,"turns":5.0},{"damage":0.0,"enemies":"Snecko","floor":31.0,"turns":5.0},{"damage":24.0,"enemies":"Champ","floor":33.0,"turns":10.0},{"damage":15,"enemies":"3 Darklings","floor":35,"turns":5},{"damage":0,"enemies":"3 Shapes","floor":38,"turns":5},{"damage":3,"enemies":"Nemesis","floor":41,"turns":7},{"damage":2,"enemies":"Reptomancer","floor":46,"turns":5},{"damage":2,"enemies":"Donu and Deca","floor":50,"turns":9}],"seed_played":"-1663633436031782296","potions_obtained":[{"floor":1.0,"key":"SpeedPotion"},{"floor":10.0,"key":"GamblersBrew"},{"floor":13.0,"key":"SpeedPotion"},{"floor":25.0,"key":"EssenceOfSteel"},{"floor":28.0,"key":"Regen Potion"},{"floor":30.0,"key":"Explosive Potion"},{"floor":46,"key":"Block Potion"}],"is_trial":false,"path_per_floor":["M","M","M","?","?","R","M","T","T","E","R","M","M","E","R","B",null,"M","M","$","?","?","M","R","E","T","R","M","?","M","M","R","B",null,"M","?","$","M","?","R","E","R","T","$","R","E","?","?","R","B",null],"character_chosen":"THE_SILENT","items_purchased":["Backflip","War Paint","Block Potion","HandDrill"],"campfire_rested":3,"item_purchase_floors":[20,20,20,37],"current_hp_per_floor":[55,54,51,56,49,49,48,48,48,29,29,29,29,26,47,39,63,46,43,43,43,43,42,42,42,49,49,48,26,46,46,70,46,74,59,59,59,59,59,59,56,56,56,56,56,54,54,54,54,52],"gold":60,"neow_bonus":"REMOVE_TWO","is_prod":false,"is_daily":false,"chose_seed":false,"campfire_upgraded":7,"win_rate":0,"timestamp":1548966182,"path_taken":["M","M","M","?","?","R","M","?","T","E","R","M","M","E","R","BOSS","M","M","$","?","?","M","R","E","T","R","?","?","M","M","R","BOSS","M","?","$","M","?","R","E","R","T","$","R","E","?","?","R","BOSS"],"build_version":"2019-01-23","purchased_purges":0,"victory":true,"max_hp_per_floor":[66,66,66,71,71,71,71,71,71,71,71,71,71,71,71,71,71,71,71,71,71,71,71,71,71,78,78,78,83,83,83,83,83,83,83,79,79,79,79,79,79,79,79,79,79,79,79,79,79,79],"card_choices":[{"not_picked":["Accuracy","Caltrops"],"picked":"Dagger Spray","floor":1.0},{"not_picked":["Concentrate","Outmaneuver","Sucker Punch"],"picked":"SKIP","floor":2.0},{"not_picked":["Dodge and Roll","Underhanded Strike"],"picked":"Deadly Poison","floor":3.0},{"not_picked":["PiercingWail","Distraction"],"picked":"Noxious Fumes","floor":7.0},{"not_picked":["Flying Knee","Masterful Stab"],"picked":"Noxious Fumes","floor":10.0},{"not_picked":["Bane","Predator"],"picked":"Backflip","floor":12.0},{"not_picked":["Dagger Throw","PiercingWail"],"picked":"Deadly Poison","floor":13.0},{"not_picked":["Heel Hook","Tools of the Trade","Blade Dance"],"picked":"SKIP","floor":14.0},{"not_picked":["Heel Hook","Tools of the Trade","Blade Dance"],"picked":"SKIP","floor":14.0},{"not_picked":["Acrobatics","Bane"],"picked":"Catalyst","floor":18.0},{"not_picked":["Underhanded Strike","Backflip"],"picked":"Well Laid Plans","floor":19.0},{"not_picked":["Prepared","Slice","Eviscerate"],"picked":"SKIP","floor":23.0},{"not_picked":["Prepared","Dagger Throw+1"],"picked":"PiercingWail","floor":25.0},{"not_picked":["Heel Hook","Sucker Punch"],"picked":"PiercingWail","floor":28.0},{"not_picked":["Quick Slash+1","Slice"],"picked":"Calculated Gamble","floor":30.0},{"not_picked":["Doppelganger","Sucker Punch","Outmaneuver+1"],"picked":"SKIP","floor":31.0},{"not_picked":["Venomology","A Thousand Cuts"],"picked":"After Image","floor":33.0},{"not_picked":["Flying Knee","Slice","Endless Agony"],"picked":"SKIP","floor":35},{"not_picked":["Deadly Poison+1","Cloak And Dagger+1"],"picked":"Deflect+1","floor":38},{"not_picked":["Bane","Backstab"],"picked":"Calculated Gamble","floor":41},{"not_picked":["Choke","Flying Knee+1","Underhanded Strike"],"picked":"SKIP","floor":46}],"player_experience":1131384,"relics_obtained":[{"floor":8.0,"key":"Ginger"},{"floor":9.0,"key":"Thread and Needle"},{"floor":10.0,"key":"Bottled Tornado"},{"floor":14.0,"key":"Meat on the Bone"},{"floor":25.0,"key":"Tingsha"},{"floor":26.0,"key":"Strawberry"},{"floor":41,"key":"Gremlin Horn"},{"floor":43,"key":"Mercury Hourglass"},{"floor":46,"key":"Potion Belt"}],"event_choices":[{"damage_healed":0.0,"max_hp_gain":5.0,"max_hp_loss":0.0,"gold_gain":0.0,"event_name":"Big Fish","player_choice":"Donut","floor":4.0,"gold_loss":0.0,"damage_taken":0.0},{"cards_removed":["Strike_G"],"damage_healed":0.0,"max_hp_gain":0.0,"max_hp_loss":0.0,"gold_gain":0.0,"event_name":"Golden Wing","player_choice":"Card Removal","floor":5.0,"gold_loss":0.0,"damage_taken":7.0},{"damage_healed":0.0,"max_hp_gain":0.0,"max_hp_loss":0.0,"gold_gain":0.0,"event_name":"The Mausoleum","player_choice":"Ignored","floor":21.0,"gold_loss":0.0,"damage_taken":0.0},{"damage_healed":0.0,"max_hp_gain":0.0,"max_hp_loss":0.0,"gold_gain":0.0,"event_name":"Upgrade Shrine","player_choice":"Upgraded","floor":22.0,"gold_loss":0.0,"damage_taken":0.0,"cards_upgraded":["Neutralize"]},{"damage_healed":0.0,"max_hp_gain":5.0,"max_hp_loss":0.0,"gold_gain":0.0,"event_name":"Forgotten Altar","player_choice":"Shed Blood","floor":29.0,"gold_loss":0.0,"damage_taken":27.0},{"damage_healed":0,"gold_gain":0,"player_choice":"Max HP","damage_taken":0,"max_hp_gain":0,"max_hp_loss":4,"event_name":"Winding Halls","floor":36,"gold_loss":0},{"damage_healed":0,"gold_gain":0,"player_choice":"Paid","damage_taken":0,"relics_obtained":["Red Mask"],"max_hp_gain":0,"max_hp_loss":0,"event_name":"Tomb of Lord Red Mask","floor":39,"gold_loss":65},{"cards_removed":["Defend_G"],"damage_healed":0,"gold_gain":0,"player_choice":"Removed Skill","damage_taken":0,"max_hp_gain":0,"max_hp_loss":0,"event_name":"Falling","floor":47,"gold_loss":0},{"damage_healed":0,"gold_gain":0,"player_choice":"Upgrade","damage_taken":0,"relics_obtained":["Mark of the Bloom"],"max_hp_gain":0,"max_hp_loss":0,"event_name":"MindBloom","floor":48,"gold_loss":0,"cards_upgraded":["Defend_G","Defend_G","Defend_G","Survivor","Deadly Poison","Deadly Poison","Backflip","PiercingWail","PiercingWail","Calculated Gamble","Calculated Gamble"]}],"is_beta":false,"boss_relics":[{"not_picked":["Busted Crown","Black Star"],"picked":"Empty Cage"},{"not_picked":["Runic Pyramid","Runic Dome"],"picked":"Velvet Choker"}],"items_purged_floors":[],"is_endless":false,"potions_floor_spawned":[1,10,13,23,25,28,30,38,41,46],"ascension_level":15}