{"gold_per_floor":[119,44,64,78,78,113,130,130,130,130,150,30,30,30,30,125,125,143,127,27,27,39,70,70,80,80,99,110,17,30,30,30,30],"floor_reached":33,"playtime":1713,"items_purged":["Strike_B","Strike_B"],"score":269,"play_id":"491bf0a7-6160-460e-ab15-1a0df183ab00","local_time":"20190131235543","is_ascension_mode":false,"campfire_choices":[{"data":"Dualcast","floor":8,"key":"SMITH"},{"data":"Sweeping Beam","floor":10,"key":"SMITH"},{"data":"Consume","floor":13,"key":"SMITH"},{"floor":15,"key":"REST"},{"floor":24,"key":"REST"},{"floor":32,"key":"REST"}],"neow_cost":"NONE","seed_source_timestamp":336152130314563,"circlet_count":0,"master_deck":["Strike_B","Strike_B","Defend_B","Defend_B","Defend_B","Defend_B","Zap+1","Dualcast+1","Coolheaded","Sweeping Beam+1","Melter","Consume+1","Ball Lightning+1","Stack","Auto Shields","Melter","Biased Cognition","Leap","Conserve Battery+1","Go for the Eyes","Steam","Go for the Eyes+1","Hologram+1","Electrodynamics","Glacier"],"relics":["Cracked Core","Nunchaku","Kunai","Lizard Tail","Shuriken","Oddly Smooth Stone","Dream Catcher"],"potions_floor_usage":[6,7,16,16,23,23,25,27],"damage_taken":[{"damage":0,"enemies":"Small Slimes","floor":1,"turns":4},{"damage":0,"enemies":"Cultist","floor":3,"turns":4},{"damage":0,"enemies":"2 Louse","floor":4,"turns":1},{"damage":29,"enemies":"3 Sentries","floor":6,"turns":6},{"damage":17,"enemies":"Lots of Slimes","floor":7,"turns":3},{"damage":6,"enemies":"3 Louse","floor":11,"turns":2},{"damage":36,"enemies":"Hexaghost","floor":16,"turns":11},{"damage":5,"enemies":"Chosen","floor":18,"turns":4},{"damage":15,"enemies":"2 Thieves","floor":19,"turns":4},{"damage":21,"enemies":"Centurion and Healer","floor":22,"turns":5},{"damage":55,"enemies":"Gremlin Leader","floor":23,"turns":9},{"damage":19,"enemies":"Shelled Parasite and Fungi","floor":25,"turns":5},{"damage":0,"enemies":"Sentry and Sphere","floor":27,"turns":3},{"damage":24,"enemies":"Snake Plant","floor":28,"turns":3},{"damage":1,"enemies":"Shelled Parasite and Fungi","floor":30,"turns":5},{"damage":36,"enemies":"Champ","floor":33,"turns":13}],"seed_played":"-8960413628282129488","potions_obtained":[{"floor":1,"key":"Strength Potion"},{"floor":3,"key":"Dexterity Potion"},{"floor":6,"key":"SteroidPotion"},{"floor":7,"key":"Ancient Potion"},{"floor":11,"key":"Dexterity Potion"},{"floor":19,"key":"Strength Potion"},{"floor":23,"key":"SkillPotion"},{"floor":25,"key":"Explosive Potion"}],"is_trial":false,"path_per_floor":["M","$","M","M","?","E","M","R","T","R","M","$","R","?","R","B",null,"M","M","$","?","M","E","R","M","T","M","M","?","M","$","R","B"],"character_chosen":"DEFECT","items_purchased":["Auto Shields","Melter"],"campfire_rested":3,"item_purchase_floors":[12,12],"current_hp_per_floor":[82,82,82,82,82,53,36,36,36,36,30,30,30,30,54,18,82,77,62,62,62,41,29,53,34,34,34,10,10,9,9,33,0],"gold":30,"neow_bonus":"TEN_PERCENT_HP_BONUS","is_prod":false,"is_daily":false,"chose_seed":false,"campfire_upgraded":3,"win_rate":0.0,"timestamp":1548996943,"path_taken":["M","$","M","M","?","E","M","R","T","R","?","$","R","?","R","BOSS","M","M","$","?","M","E","R","M","T","?","M","?","?","$","R","BOSS"],"build_version":"2019-01-23","purchased_purges":2,"victory":false,"max_hp_per_floor":[82,82,82,82,82,82,82,82,82,82,82,82,82,82,82,82,82,82,82,82,82,82,82,82,82,82,82,82,82,82,82,82,82],"card_choices":[{"not_picked":["Redo","Compile Driver"],"picked":"Coolheaded","floor":1},{"not_picked":["Skim","Reprogram"],"picked":"Sweeping Beam","floor":3},{"not_picked":["Compile Driver","Gash"],"picked":"Melter","floor":4},{"not_picked":["Fission","Barrage"],"picked":"Consume","floor":6},{"not_picked":["FTL","Cold Snap"],"picked":"Ball Lightning","floor":7},{"not_picked":["Chaos","Cold Snap"],"picked":"Stack","floor":11},{"not_picked":["Fission","Rainbow"],"picked":"Biased Cognition","floor":16},{"not_picked":["Ball Lightning","Aggregate"],"picked":"Leap","floor":18},{"not_picked":["FTL","Stack+1"],"picked":"Conserve Battery+1","floor":19},{"not_picked":["Double Energy","Chaos"],"picked":"Go for the Eyes","floor":22},{"not_picked":["Barrage","Gash"],"picked":"Steam","floor":23},{"not_picked":["Coolheaded+1","Stack"],"picked":"Go for the Eyes+1","floor":25},{"not_picked":["Go for the Eyes","Leap","Sweeping Beam+1"],"picked":"SKIP","floor":27},{"not_picked":["Aggregate","Steam"],"picked":"Hologram+1","floor":28},{"not_picked":["Coolheaded","Compile Driver"],"picked":"Electrodynamics","floor":30},{"not_picked":["Redo+1","All For One"],"picked":"Glacier","floor":32}],"player_experience":6511,"relics_obtained":[{"floor":6,"key":"Nunchaku"},{"floor":9,"key":"Kunai"},{"floor":23,"key":"Shuriken"},{"floor":26,"key":"Oddly Smooth Stone"}],"event_choices":[{"damage_healed":0,"gold_gain":0,"player_choice":"Upgraded","damage_taken":0,"max_hp_gain":0,"max_hp_loss":0,"event_name":"Upgrade Shrine","floor":5,"gold_loss":0,"cards_upgraded":["Zap"]},{"damage_healed":0,"gold_gain":0,"player_choice":"Grow","damage_taken":0,"max_hp_gain":0,"max_hp_loss":0,"event_name":"Living Wall","floor":14,"gold_loss":0,"cards_upgraded":["Ball Lightning"]},{"damage_healed":0,"gold_gain":0,"player_choice":"Ignored","damage_taken":0,"max_hp_gain":0,"max_hp_loss":0,"event_name":"N\u0027loth","floor":21,"gold_loss":0},{"damage_healed":0,"gold_gain":0,"player_choice":"Paid Gold","damage_taken":0,"relics_obtained":["Dream Catcher"],"max_hp_gain":0,"max_hp_loss":0,"event_name":"WeMeetAgain","floor":29,"gold_loss":93}],"is_beta":false,"boss_relics":[{"not_picked":["FrozenCore","Fusion Hammer"],"picked":"Lizard Tail"}],"items_purged_floors":[2,20],"is_endless":false,"potions_floor_spawned":[1,3,6,7,11,19,23,25],"killed_by":"Champ","ascension_level":0}