{"path_per_floor":["M","M","$","?","?","R","E","R","T","E","M","R","E","M","R","B",null,"M","M","?","$","M","R"],"character_chosen":"THE_SILENT","items_purchased":["Noxious Fumes","Bottled Tornado"],"gold_per_floor":[114,129,60,10,10,10,40,40,65,95,110,110,170,185,185,285,315,330,345,345,20,35,35],"floor_reached":24,"campfire_rested":4,"playtime":1306,"current_hp_per_floor":[70,70,70,70,70,70,50,70,70,16,16,37,24,4,25,14,75,48,26,26,26,17,39],"items_purged":["Strike_G"],"gold":35,"score":214,"play_id":"c6fd407b-e0ff-4a9e-8135-3ca737e40077","local_time":"20180312182254","daily_mods":["Shiny","Elite Swarm","Lethality"],"is_prod":false,"is_daily":true,"is_ascension_mode":false,"campfire_upgraded":1,"timestamp":1520878974,"path_taken":["M","M","$","?","?","R","E","R","T","E","M","R","E","M","R","BOSS","M","M","?","$","M","R","E"],"build_version":"2018-03-09","purchased_purges":1,"victory":false,"master_deck":["Defend_G","Defend_G","Defend_G","Defend_G","Strike_G","Strike_G","Strike_G","Survivor","Neutralize","After Image","Blur","Bouncing Flask","Noxious Fumes+1","Corpse Explosion","Noxious Fumes+1","Adrenaline","Flying Knee","Backflip","Backflip","Bouncing Flask"],"max_hp_per_floor":[70,70,70,70,70,70,70,70,70,70,70,70,70,70,70,70,75,75,75,75,75,75,75],"relics":["Ring of the Snake","Frozen Eye","Art of War","Pen Nib","Tiny Chest","Tiny House","Bottled Tornado"],"card_choices":[{"not_picked":["Flying Knee","Sucker Punch"],"picked":"Blur"},{"not_picked":["Dodge and Roll","Dagger Spray"],"picked":"Bouncing Flask"},{"not_picked":["Grand Finale","Die Die Die"],"picked":"Corpse Explosion"},{"not_picked":["Acrobatics","Deadly Poison"],"picked":"Noxious Fumes"},{"not_picked":["Tools of the Trade","Grand Finale"],"picked":"Adrenaline"},{"not_picked":["Slice","Quick Slash"],"picked":"Flying Knee"},{"not_picked":["Quick Slash","Skewer"],"picked":"Backflip"},{"not_picked":["Dagger Spray","Crippling Poison"],"picked":"Backflip"}],"player_experience":137575,"potions_floor_usage":[7,10,16,16,18,19],"damage_taken":[{"damage":0,"enemies":"Small Slimes","floor":1,"turns":2},{"damage":0,"enemies":"2 Louse","floor":2,"turns":2},{"damage":20,"enemies":"3 Sentries","floor":7,"turns":6},{"damage":54,"enemies":"Gremlin Nob","floor":10,"turns":6},{"damage":0,"enemies":"Cultist","floor":11,"turns":3},{"damage":13,"enemies":"Lagavulin","floor":13,"turns":6},{"damage":20,"enemies":"Gremlin Gang","floor":14,"turns":4},{"damage":11,"enemies":"Slime Boss","floor":16,"turns":7},{"damage":27,"enemies":"2 Thieves","floor":18,"turns":3},{"damage":22,"enemies":"Chosen","floor":19,"turns":5},{"damage":9,"enemies":"Centurion and Healer","floor":22,"turns":5},{"damage":45,"enemies":"Gremlin Leader","floor":24,"turns":3}],"event_choices":[{"event_name":"The Cleric","player_choice":"Card Removal","floor":4,"damage_taken":0},{"event_name":"Accursed Blacksmith","player_choice":"Ignore","floor":5,"damage_taken":0},{"event_name":"Transmorgrifier","player_choice":"Transform","floor":20,"damage_taken":0}],"boss_relics":[{"not_picked":["Cursed Key","Pandora\u0027s Box"],"picked":"Tiny House"}],"potions_floor_spawned":[1,2,7,14,18,22],"seed_played":"-3661932950863109323","killed_by":"Gremlin Leader","ascension_level":0,"is_trial":false}