{"gold_per_floor":[112,127,127,89,114,126,158,170,263,275,271,283,4,37,37,134,134,59,74,2,2,2,37,37,62,62,72,1,27,27,46,46,150,150,160,172,172,0,10,10,30,30,57,76,1,1,1,34,34,34],"floor_reached":51,"playtime":4230,"items_purged":["Strike_G"],"score":896,"play_id":"dc3c573d-4adf-4db2-8835-7d716d9296c9","local_time":"20190201140904","is_ascension_mode":true,"campfire_choices":[{"data":"Blur","floor":6,"key":"SMITH"},{"data":"Noxious Fumes","floor":8,"key":"SMITH"},{"data":"Neutralize","floor":10,"key":"SMITH"},{"data":"A Thousand Cuts","floor":15,"key":"SMITH"},{"data":"Corpse Explosion","floor":24,"key":"SMITH"},{"data":"Ghostly","floor":32,"key":"SMITH"},{"data":"Ghostly","floor":40,"key":"SMITH"},{"data":"Ghostly","floor":47,"key":"SMITH"},{"data":"Ghostly","floor":49,"key":"SMITH"}],"neow_cost":"NONE","seed_source_timestamp":1453801208123,"circlet_count":0,"master_deck":["Defend_G","Defend_G","Defend_G","Defend_G","Defend_G","Strike_G","Survivor","Neutralize+1","PiercingWail","Blur+1","Deflect","Noxious Fumes+1","Leg Sweep","Terror","Well Laid Plans","Mayhem+1","Skewer","A Thousand Cuts+1","Corpse Explosion+1","Leg Sweep","Bane","Blur","Ghostly+1","Ghostly+1","Ghostly+1","Ghostly+1","Ghostly","Backflip","Backflip","Crippling Poison","Tactician+1","Malaise","Footwork+1","Prepared+1","Parasite","Doubt","Calculated Gamble+1"],"relics":["Ring of the Serpent","MawBank","Tiny Chest","Thread and Needle","Velvet Choker","Unceasing Top","Pear","Frozen Egg 2","Blue Candle","Red Mask","Bronze Scales","Bottled Lightning","Question Card"],"potions_floor_usage":[50,50,50],"damage_taken":[{"damage":2,"enemies":"Small Slimes","floor":1,"turns":7},{"damage":1,"enemies":"2 Louse","floor":2,"turns":3},{"damage":0,"enemies":"Jaw Worm","floor":5,"turns":8},{"damage":2,"enemies":"3 Louse","floor":7,"turns":6},{"damage":0,"enemies":"Exordium Thugs","floor":11,"turns":5},{"damage":15,"enemies":"3 Sentries","floor":14,"turns":7},{"damage":6,"enemies":"Slime Boss","floor":16,"turns":9},{"damage":4,"enemies":"2 Thieves","floor":18,"turns":5},{"damage":3,"enemies":"3 Byrds","floor":19,"turns":3},{"damage":0,"enemies":"Slavers","floor":23,"turns":6},{"damage":0,"enemies":"Centurion and Healer","floor":27,"turns":7},{"damage":0,"enemies":"Gremlin Leader","floor":29,"turns":8},{"damage":0,"enemies":"3 Cultists","floor":31,"turns":5},{"damage":13,"enemies":"Champ","floor":33,"turns":14},{"damage":2,"enemies":"3 Darklings","floor":35,"turns":6},{"damage":0,"enemies":"Orb Walker","floor":36,"turns":6},{"damage":0,"enemies":"Writhing Mass","floor":39,"turns":8},{"damage":20,"enemies":"Spire Growth","floor":41,"turns":8},{"damage":1,"enemies":"Maw","floor":44,"turns":9},{"damage":16,"enemies":"Giant Head","floor":48,"turns":12},{"damage":8,"enemies":"Donu and Deca","floor":50,"turns":10}],"seed_played":"-3667427288615313515","potions_obtained":[{"floor":1,"key":"Weak Potion"},{"floor":2,"key":"EssenceOfSteel"},{"floor":11,"key":"Poison Potion"},{"floor":41,"key":"PowerPotion"}],"is_trial":false,"path_per_floor":["M","M","?","?","M","R","M","R","T","R","M","?","$","E","R","B",null,"M","M","$","?","?","E","R","T","T","M","$","E","?","M","R","B",null,"M","M","T","?","M","R","M","?","T","M","$","T","R","E","R","B",null],"character_chosen":"THE_SILENT","items_purchased":["Well Laid Plans","Mayhem","Skewer","Blur","Crippling Poison"],"campfire_rested":0,"item_purchase_floors":[13,13,13,20,28],"current_hp_per_floor":[75,74,62,62,62,62,60,60,60,60,60,60,60,45,45,39,77,73,70,70,38,38,38,38,38,48,48,48,48,48,48,48,35,48,46,46,46,46,46,46,26,48,48,47,47,47,47,31,31,23],"gold":34,"neow_bonus":"TEN_PERCENT_HP_BONUS","is_prod":false,"is_daily":false,"chose_seed":false,"campfire_upgraded":9,"win_rate":0,"timestamp":1549026544,"path_taken":["M","M","?","?","M","R","M","R","T","R","?","?","?","E","R","BOSS","M","?","$","?","?","E","R","?","T","M","$","E","?","M","R","BOSS","M","M","?","?","M","R","M","?","T","M","$","?","R","E","R","BOSS"],"build_version":"2019-01-23","purchased_purges":1,"victory":true,"max_hp_per_floor":[77,77,77,77,77,77,77,77,77,77,77,77,77,77,77,77,77,77,77,77,38,38,38,38,38,48,48,48,48,48,48,48,48,48,48,48,48,48,48,48,48,48,48,48,48,48,48,48,48,48],"card_choices":[{"not_picked":["Bane","Deadly Poison"],"picked":"PiercingWail","floor":1},{"not_picked":["PiercingWail","Poisoned Stab"],"picked":"Blur","floor":2},{"not_picked":["Poisoned Stab","Quick Slash"],"picked":"Deflect","floor":5},{"not_picked":["Poisoned Stab","Well Laid Plans"],"picked":"Noxious Fumes","floor":7},{"not_picked":["Backstab","Flying Knee"],"picked":"Leg Sweep","floor":11},{"not_picked":["Slice","Leg Sweep"],"picked":"A Thousand Cuts","floor":14},{"not_picked":["Glass Knife","Envenom"],"picked":"Corpse Explosion","floor":16},{"not_picked":["Deadly Poison+1","Skewer+1"],"picked":"Leg Sweep","floor":18},{"not_picked":["Underhanded Strike+1","Acrobatics"],"picked":"Bane","floor":19},{"not_picked":["Adrenaline","Dagger Spray"],"picked":"Backflip","floor":23},{"not_picked":["PiercingWail+1","Tactician+1"],"picked":"Backflip","floor":27},{"not_picked":["Dagger Spray","Bane","All Out Attack"],"picked":"SKIP","floor":29},{"not_picked":["Outmaneuver","Venomology"],"picked":"Tactician+1","floor":31},{"not_picked":["Venomology","Corpse Explosion"],"picked":"Malaise","floor":33},{"not_picked":["Bane","Sucker Punch"],"picked":"Footwork+1","floor":35},{"not_picked":["Underhanded Strike","Accuracy+1"],"picked":"Prepared+1","floor":36},{"not_picked":["Deflect","Quick Slash+1","Accuracy+1"],"picked":"SKIP","floor":39},{"not_picked":["Bane","Heel Hook","PiercingWail+1"],"picked":"SKIP","floor":41},{"not_picked":["Expertise+1","Slice","Prepared"],"picked":"SKIP","floor":44},{"not_picked":["Terror","Poisoned Stab+1"],"picked":"Calculated Gamble+1","floor":48}],"player_experience":483686,"relics_obtained":[{"floor":9,"key":"Tiny Chest"},{"floor":14,"key":"Thread and Needle"},{"floor":23,"key":"Unceasing Top"},{"floor":26,"key":"Pear"},{"floor":29,"key":"Frozen Egg 2"},{"floor":37,"key":"Blue Candle"},{"floor":43,"key":"Bronze Scales"},{"floor":46,"key":"Bottled Lightning"},{"floor":48,"key":"Question Card"}],"event_choices":[{"damage_healed":0,"gold_gain":0,"player_choice":"Success","damage_taken":12,"relics_obtained":["MawBank"],"max_hp_gain":0,"max_hp_loss":0,"event_name":"Scrap Ooze","floor":3,"gold_loss":0},{"cards_removed":["Strike_G"],"damage_healed":0,"gold_gain":0,"player_choice":"Card Removal","damage_taken":0,"max_hp_gain":0,"max_hp_loss":0,"event_name":"The Cleric","floor":4,"gold_loss":50},{"damage_healed":0,"gold_gain":0,"cards_transformed":["Strike_G"],"player_choice":"Transformed","damage_taken":0,"max_hp_gain":0,"max_hp_loss":0,"event_name":"Transmorgrifier","floor":12,"gold_loss":0,"cards_obtained":["Terror"]},{"damage_healed":0,"gold_gain":0,"player_choice":"Became a Ghost","damage_taken":0,"max_hp_gain":0,"max_hp_loss":39,"event_name":"Ghosts","floor":21,"gold_loss":0,"cards_obtained":["Ghostly","Ghostly","Ghostly","Ghostly","Ghostly"]},{"cards_removed":["Strike_G"],"damage_healed":0,"gold_gain":0,"player_choice":"Elegance","damage_taken":0,"max_hp_gain":0,"max_hp_loss":0,"event_name":"Back to Basics","floor":22,"gold_loss":0},{"damage_healed":0,"gold_gain":0,"player_choice":"Upgraded","damage_taken":0,"max_hp_gain":0,"max_hp_loss":0,"event_name":"Upgrade Shrine","floor":30,"gold_loss":0,"cards_upgraded":["Mayhem"]},{"damage_healed":0,"gold_gain":0,"player_choice":"Paid","damage_taken":0,"relics_obtained":["Red Mask"],"max_hp_gain":0,"max_hp_loss":0,"event_name":"Tomb of Lord Red Mask","floor":38,"gold_loss":172},{"damage_healed":22,"gold_gain":0,"player_choice":"Heal","damage_taken":0,"max_hp_gain":0,"max_hp_loss":0,"event_name":"MindBloom","floor":42,"gold_loss":0,"cards_obtained":["Doubt"]}],"is_beta":false,"boss_relics":[{"not_picked":["Snecko Eye","Coffee Dripper"],"picked":"Velvet Choker"},{"not_picked":["Astrolabe","HoveringKite"],"picked":"Ring of the Serpent"}],"items_purged_floors":[45],"is_endless":false,"potions_floor_spawned":[1,2,11,19,31,41,44,48],"ascension_level":3}