{"gold_per_floor":[117,131,131,131,56,56,69,105,105,5,5,5,24,38,38,163,163,181,91,104,128,151,151,166,189,260,260,300,300,318,62,62,186,186,205,218,218,218,44,78,78,93,118,118,134,134,60,75,75,75],"floor_reached":50,"playtime":1803,"items_purged":["Defend_R","Defend_R","Defend_R"],"score":494,"play_id":"8eb557e8-3cc1-4063-a491-411a90042955","local_time":"20190116235407","is_ascension_mode":false,"campfire_choices":[{"data":"Immolate","floor":6.0,"key":"SMITH"},{"data":"Bash","floor":12.0,"key":"SMITH"},{"floor":15.0,"key":"REST"},{"data":"Clothesline","floor":23.0,"key":"SMITH"},{"data":"Anger","floor":27.0,"key":"SMITH"},{"floor":29.0,"key":"REST"},{"floor":32.0,"key":"REST"},{"floor":41.0,"key":"DIG"},{"floor":44.0,"key":"REST"},{"floor":49.0,"key":"REST"}],"neow_cost":"PERCENT_DAMAGE","seed_source_timestamp":0,"circlet_count":0,"master_deck":["Strike_R","Strike_R","Strike_R","Strike_R","Strike_R","Bash+1","Immolate+1","Clothesline+1","Pommel Strike","Flex","Pommel Strike","Anger+1","Demon Form","Headbutt+1","Fire Breathing+1","Sword Boomerang+1","Perfected Strike+1","Wild Strike+1","Pommel Strike","Rage","Twin Strike+1","Bludgeon","Combust","Headbutt+1","Writhe","Metallicize+1","Dropkick+1","Havoc+1"],"special_seed":0,"relics":["Black Blood","Golden Idol","Self Forming Clay","Gremlin Horn","Ornamental Fan","Bottled Flame","Pear","Runic Cube","Shovel","Shuriken","Art of War"],"potions_floor_usage":[50,50],"damage_taken":[{"damage":9.0,"enemies":"Jaw Worm","floor":1.0,"turns":4.0},{"damage":0.0,"enemies":"Small Slimes","floor":2.0,"turns":3.0},{"damage":6.0,"enemies":"Cultist","floor":7.0,"turns":3.0},{"damage":44.0,"enemies":"Lagavulin","floor":8.0,"turns":6.0},{"damage":15.0,"enemies":"Blue Slaver","floor":13.0,"turns":3.0},{"damage":6.0,"enemies":"Exordium Wildlife","floor":14.0,"turns":2.0},{"damage":27.0,"enemies":"Slime Boss","floor":16.0,"turns":6.0},{"damage":10.0,"enemies":"Spheric Guardian","floor":18.0,"turns":3.0},{"damage":11.0,"enemies":"3 Byrds","floor":20.0,"turns":3.0},{"damage":14.0,"enemies":"Snecko","floor":21.0,"turns":4.0},{"damage":27.0,"enemies":"Snake Plant","floor":22.0,"turns":3.0},{"damage":0.0,"enemies":"3 Cultists","floor":24.0,"turns":2.0},{"damage":21.0,"enemies":"Shelled Parasite and Fungi","floor":25.0,"turns":3.0},{"damage":40.0,"enemies":"Book of Stabbing","floor":28.0,"turns":5.0},{"damage":21.0,"enemies":"Snake Plant","floor":30.0,"turns":3.0},{"damage":69.0,"enemies":"Collector","floor":33.0,"turns":9.0},{"damage":10.0,"enemies":"Orb Walker","floor":35.0,"turns":2.0},{"damage":20.0,"enemies":"3 Darklings","floor":36.0,"turns":3.0},{"damage":49.0,"enemies":"Nemesis","floor":40.0,"turns":7.0},{"damage":35.0,"enemies":"Jaw Worm Horde","floor":42.0,"turns":4.0},{"damage":0.0,"enemies":"Sphere and 2 Shapes","floor":45.0,"turns":1.0},{"damage":54.0,"enemies":"Maw","floor":48.0,"turns":8.0},{"damage":49,"enemies":"Time Eater","floor":50,"turns":3}],"seed_played":"5888236744659165829","potions_obtained":[{"floor":8.0,"key":"Fire Potion"},{"floor":16.0,"key":"SmokeBomb"},{"floor":21.0,"key":"SkillPotion"},{"floor":24.0,"key":"Explosive Potion"},{"floor":25.0,"key":"Block Potion"},{"floor":33.0,"key":"SkillPotion"},{"floor":42.0,"key":"Block Potion"},{"floor":45.0,"key":"EntropicBrew"}],"is_trial":false,"path_per_floor":["M","M","?","?","$","R","M","E","T","$","$","R","M","M","R","B",null,"M","?","M","M","M","R","M","M","T","R","E","R","M","$","R","B",null,"M","M","?","?","$","E","R","M","T","R","M","$","$","M","R","B"],"character_chosen":"IRONCLAD","items_purchased":["Pear","SteroidPotion","EssenceOfSteel"],"campfire_rested":5,"item_purchase_floors":[31,39,47],"current_hp_per_floor":[53,59,64,64,64,64,64,26,26,26,26,26,17,17,40,19,79,79,79,78,74,57,57,67,56,56,56,26,49,38,48,74,15,89,89,79,89,89,89,50,50,25,25,51,61,61,61,17,43,0],"gold":75,"neow_bonus":"THREE_RARE_CARDS","is_prod":false,"is_daily":false,"chose_seed":false,"campfire_upgraded":4,"win_rate":0,"timestamp":1547679247,"path_taken":["M","M","?","?","$","R","M","E","T","?","$","R","?","M","R","BOSS","M","?","M","M","M","R","M","M","T","R","E","R","M","$","R","BOSS","M","M","?","?","$","E","R","M","T","R","M","?","$","M","R","BOSS"],"build_version":"2019-01-10","purchased_purges":3,"victory":false,"max_hp_per_floor":[80,80,85,79,79,79,79,79,79,79,79,79,79,79,79,79,79,79,79,79,79,79,79,79,79,79,79,79,79,79,89,89,89,89,89,89,89,89,89,89,89,89,89,89,89,89,89,89,89,89],"card_choices":[{"not_picked":["Fiend Fire","Berserk"],"picked":"Immolate","floor":0.0},{"not_picked":["Heavy Blade","Body Slam"],"picked":"Clothesline","floor":1.0},{"not_picked":["Evolve","Second Wind"],"picked":"Pommel Strike","floor":2.0},{"not_picked":["Thunderclap","Warcry"],"picked":"Flex","floor":7.0},{"not_picked":["Pummel","Shrug It Off"],"picked":"Pommel Strike","floor":8.0},{"not_picked":["Reckless Charge","Havoc","Wild Strike"],"picked":"SKIP","floor":13.0},{"not_picked":["Flex","Headbutt"],"picked":"Anger","floor":14.0},{"not_picked":["Feed","Dark Embrace"],"picked":"Demon Form","floor":16.0},{"not_picked":["Flex+1","Anger"],"picked":"Headbutt","floor":18.0},{"not_picked":["True Grit","Second Wind"],"picked":"Fire Breathing+1","floor":20.0},{"not_picked":["Second Wind","Clothesline"],"picked":"Sword Boomerang+1","floor":21.0},{"not_picked":["True Grit","Infernal Blade"],"picked":"Perfected Strike+1","floor":22.0},{"not_picked":["Clash+1","Fiend Fire"],"picked":"Wild Strike+1","floor":24.0},{"not_picked":["Shrug It Off","Blood for Blood"],"picked":"Pommel Strike","floor":25.0},{"not_picked":["Shrug It Off","Iron Wave"],"picked":"Rage","floor":28.0},{"not_picked":["Clash","Thunderclap+1"],"picked":"Twin Strike+1","floor":30.0},{"not_picked":["Feed","Demon Form"],"picked":"Bludgeon","floor":33.0},{"not_picked":["Warcry","Thunderclap"],"picked":"Combust","floor":35.0},{"not_picked":["Entrench+1","Infernal Blade+1"],"picked":"Headbutt+1","floor":36.0},{"not_picked":["Reckless Charge+1","Warcry+1"],"picked":"Metallicize+1","floor":40.0},{"not_picked":["Sword Boomerang","Shrug It Off","Flex+1"],"picked":"SKIP","floor":42.0},{"not_picked":["Warcry+1","Clothesline+1"],"picked":"Dropkick+1","floor":45.0},{"not_picked":["Dark Embrace","Sever Soul+1"],"picked":"Havoc+1","floor":48.0}],"player_experience":899467,"relics_obtained":[{"floor":8.0,"key":"Self Forming Clay"},{"floor":9.0,"key":"Gremlin Horn"},{"floor":26.0,"key":"Ornamental Fan"},{"floor":28.0,"key":"Bottled Flame"},{"floor":40.0,"key":"Shovel"},{"floor":41.0,"key":"Shuriken"},{"floor":43.0,"key":"Art of War"}],"event_choices":[{"damage_healed":0.0,"max_hp_gain":5.0,"max_hp_loss":0.0,"gold_gain":0.0,"event_name":"Big Fish","player_choice":"Donut","floor":3.0,"gold_loss":0.0,"damage_taken":0.0},{"damage_healed":0.0,"max_hp_gain":0.0,"max_hp_loss":6.0,"gold_gain":0.0,"event_name":"Golden Idol","player_choice":"Lose Max HP","floor":4.0,"gold_loss":0.0,"damage_taken":0.0,"relics_obtained":["Golden Idol"]},{"cards_removed":["Defend_R"],"damage_healed":0.0,"max_hp_gain":0.0,"max_hp_loss":0.0,"gold_gain":0.0,"event_name":"Designer","player_choice":"Upgrade and Remove","floor":19.0,"gold_loss":90.0,"damage_taken":0.0,"cards_upgraded":["Headbutt"]},{"damage_healed":22.0,"max_hp_gain":0.0,"max_hp_loss":0.0,"gold_gain":0.0,"event_name":"Winding Halls","player_choice":"Writhe","floor":37.0,"gold_loss":0.0,"damage_taken":0.0,"cards_obtained":["Writhe"]},{"damage_healed":0.0,"max_hp_gain":0.0,"max_hp_loss":0.0,"gold_gain":0.0,"event_name":"Tomb of Lord Red Mask","player_choice":"Ignored","floor":38.0,"gold_loss":0.0,"damage_taken":0.0}],"is_beta":false,"boss_relics":[{"not_picked":["Orrery","Tiny House"],"picked":"Black Blood"},{"not_picked":["Coffee Dripper","Snecko Eye"],"picked":"Runic Cube"}],"items_purged_floors":[5,10,39],"is_endless":false,"potions_floor_spawned":[8,16,21,24,25,33,42,45],"killed_by":"Time Eater","ascension_level":0}