{"gold_per_floor":[118,118,133,143,159,159,169,169,169,169,186,186,196,6,6,6],"floor_reached":16,"playtime":635,"items_purged":[],"score":103,"play_id":"77100ba6-4d6c-4d3f-a96f-6ce7f989dbd5","local_time":"20181021235155","is_ascension_mode":true,"campfire_choices":[{"data":"Immolate","floor":6,"key":"SMITH"},{"data":"Uppercut","floor":8,"key":"SMITH"},{"data":"Heavy Blade","floor":10,"key":"SMITH"},{"data":"Spot Weakness","floor":12,"key":"SMITH"},{"data":"Bash","floor":15,"key":"SMITH"}],"neow_cost":"TEN_PERCENT_HP_LOSS","seed_source_timestamp":713179850264435,"circlet_count":0,"master_deck":["Strike_R","Strike_R","Strike_R","Strike_R","Strike_R","Defend_R","Defend_R","Bash+1","Anger","Berserk","Spot Weakness+1","Immolate+1","Uppercut+1","Heavy Blade+1","Whirlwind"],"relics":["Burning Blood","Singing Bowl","HandDrill"],"potions_floor_usage":[7],"damage_taken":[{"damage":10,"enemies":"2 Louse","floor":1,"turns":3},{"damage":0,"enemies":"Cultist","floor":3,"turns":2},{"damage":12,"enemies":"Small Slimes","floor":4,"turns":2},{"damage":0,"enemies":"3 Louse","floor":5,"turns":1},{"damage":19,"enemies":"Red Slaver","floor":7,"turns":4},{"damage":26,"enemies":"Lots of Slimes","floor":11,"turns":3},{"damage":7,"enemies":"Blue Slaver","floor":13,"turns":3},{"damage":43,"enemies":"Hexaghost","floor":16,"turns":7}],"seed_played":"3148275895553435765","potions_obtained":[{"floor":4,"key":"Energy Potion"},{"floor":5,"key":"Swift Potion"},{"floor":7,"key":"FearPotion"}],"is_trial":false,"path_per_floor":["M","?","M","M","M","R","M","R","T","R","M","R","M","$","R"],"character_chosen":"IRONCLAD","items_purchased":["HandDrill"],"campfire_rested":0,"item_purchase_floors":[14],"current_hp_per_floor":[68,68,72,66,72,72,59,59,59,59,41,41,42,42,42,0],"gold":6,"neow_bonus":"TRANSFORM_TWO_CARDS","is_prod":false,"is_daily":false,"chose_seed":false,"campfire_upgraded":5,"win_rate":0,"timestamp":1540158715,"path_taken":["M","?","M","M","M","R","M","R","T","R","M","R","M","$","R","BOSS"],"build_version":"2018-10-18","purchased_purges":0,"victory":false,"max_hp_per_floor":[72,72,72,72,72,72,72,72,72,72,74,74,76,76,76,76],"card_choices":[{"not_picked":["Headbutt","Burning Pact"],"picked":"Spot Weakness","floor":1},{"not_picked":["Spot Weakness","Sword Boomerang"],"picked":"Uppercut","floor":3},{"not_picked":["Searing Blow","Perfected Strike"],"picked":"Heavy Blade","floor":4},{"not_picked":["Clothesline","Heavy Blade","Evolve"],"picked":"SKIP","floor":5},{"not_picked":["Sword Boomerang","Heavy Blade"],"picked":"Whirlwind","floor":7},{"not_picked":["Anger","Flex","Whirlwind"],"picked":"Singing Bowl","floor":11},{"not_picked":["Offering","Whirlwind","Iron Wave"],"picked":"Singing Bowl","floor":13}],"player_experience":210118,"relics_obtained":[{"floor":9,"key":"Singing Bowl"}],"event_choices":[{"damage_healed":0,"gold_gain":0,"player_choice":"1 cards matched","damage_taken":0,"max_hp_gain":0,"max_hp_loss":0,"event_name":"Match and Keep!","floor":2,"gold_loss":0,"cards_obtained":["Immolate"]}],"is_beta":false,"boss_relics":[],"items_purged_floors":[],"is_endless":false,"potions_floor_spawned":[4,5,7],"killed_by":"Hexaghost","ascension_level":2}