{"gold_per_floor":[214,87,87,35,0,13,13,29,29,29,49,59,72,84,84,186,186,199,199,219,235,248,248,266,266],"floor_reached":25,"playtime":814,"items_purged":["Defend_R"],"score":249,"play_id":"970478d7-98f9-4b58-acf3-e14373b6032f","local_time":"20190201050844","is_ascension_mode":false,"campfire_choices":[{"data":"Clothesline","floor":7.0,"key":"SMITH"},{"data":"Anger","floor":10.0,"key":"SMITH"},{"data":"Cleave","floor":15.0,"key":"SMITH"}],"neow_cost":"NONE","seed_source_timestamp":0,"circlet_count":0,"master_deck":["Strike_R","Strike_R","Strike_R","Strike_R","Strike_R","Defend_R","Defend_R","Defend_R","Bash","Cleave+1","Clash","Clothesline+1","Anger+1","Inflame","Body Slam","Clash","Clash","Limit Break","Anger+1","Headbutt+1","Feed","Spot Weakness+1"],"special_seed":0,"relics":["Burning Blood","Paper Frog","Potion Belt","Black Star"],"potions_floor_usage":[20,22],"damage_taken":[{"damage":11.0,"enemies":"Jaw Worm","floor":1.0,"turns":2.0},{"damage":0.0,"enemies":"2 Louse","floor":6.0,"turns":2.0},{"damage":4.0,"enemies":"Small Slimes","floor":8.0,"turns":3.0},{"damage":1.0,"enemies":"3 Louse","floor":11.0,"turns":2.0},{"damage":14.0,"enemies":"Gremlin Gang","floor":12.0,"turns":3.0},{"damage":11.0,"enemies":"Large Slime","floor":13.0,"turns":3.0},{"damage":10.0,"enemies":"Looter","floor":14.0,"turns":2.0},{"damage":0.0,"enemies":"Slime Boss","floor":16.0,"turns":5.0},{"damage":0,"enemies":"Spheric Guardian","floor":18,"turns":3},{"damage":20,"enemies":"2 Thieves","floor":20,"turns":3},{"damage":39,"enemies":"Centurion and Healer","floor":21,"turns":5},{"damage":22,"enemies":"Cultist and Chosen","floor":22,"turns":5},{"damage":12,"enemies":"3 Cultists","floor":24,"turns":4},{"damage":80,"enemies":"Slavers","floor":25,"turns":4}],"seed_played":"2416054025437872278","potions_obtained":[{"floor":1.0,"key":"Block Potion"},{"floor":11.0,"key":"FearPotion"},{"floor":16.0,"key":"Fire Potion"},{"floor":20,"key":"BloodPotion"}],"is_trial":false,"path_per_floor":["M","$","?","$","?","M","R","M","T","R","M","M","M","M","R","B",null,"M","?","M","M","M","?","M","E"],"character_chosen":"IRONCLAD","items_purchased":["Clash","AttackPotion"],"campfire_rested":0,"item_purchase_floors":[2,4],"current_hp_per_floor":[75,75,57,57,77,80,80,80,80,80,80,72,67,63,63,69,80,80,80,66,33,25,80,74,0],"gold":266,"neow_bonus":"HUNDRED_GOLD","is_prod":false,"is_daily":false,"chose_seed":false,"campfire_upgraded":3,"win_rate":0,"timestamp":1549015724,"path_taken":["M","$","?","$","?","M","R","M","T","R","M","M","M","M","R","BOSS","M","?","M","?","M","?","M","E"],"build_version":"2019-01-23","purchased_purges":1,"victory":false,"max_hp_per_floor":[80,80,80,80,80,80,80,80,80,80,80,80,80,80,80,80,80,80,80,80,80,80,80,80,83],"card_choices":[{"not_picked":["Carnage","Entrench"],"picked":"Cleave","floor":1.0},{"not_picked":["Pommel Strike","Wild Strike"],"picked":"Clothesline","floor":6.0},{"not_picked":["Burning Pact","Thunderclap"],"picked":"Anger","floor":8.0},{"not_picked":["Thunderclap","Shrug It Off"],"picked":"Inflame","floor":11.0},{"not_picked":["Wild Strike","Carnage"],"picked":"Body Slam","floor":12.0},{"not_picked":["Thunderclap","Twin Strike"],"picked":"Clash","floor":13.0},{"not_picked":["True Grit","Immolate"],"picked":"Clash","floor":14.0},{"not_picked":["Offering","Reaper"],"picked":"Limit Break","floor":16.0},{"not_picked":["Perfected Strike","Combust","Thunderclap+1"],"picked":"SKIP","floor":18},{"not_picked":["Carnage","Clash"],"picked":"Headbutt+1","floor":20},{"not_picked":["Clothesline","Searing Blow","Hemokinesis"],"picked":"SKIP","floor":21},{"not_picked":["Blood for Blood","Uppercut+1"],"picked":"Feed","floor":22},{"not_picked":["Thunderclap+1","Flame Barrier"],"picked":"Spot Weakness+1","floor":24}],"player_experience":15427,"relics_obtained":[{"floor":9.0,"key":"Potion Belt"}],"event_choices":[{"damage_healed":0.0,"max_hp_gain":0.0,"max_hp_loss":0.0,"gold_gain":0.0,"event_name":"Scrap Ooze","player_choice":"Success","floor":3.0,"gold_loss":0.0,"damage_taken":18.0,"relics_obtained":["Paper Frog"]},{"damage_healed":20.0,"max_hp_gain":0.0,"max_hp_loss":0.0,"gold_gain":0.0,"event_name":"The Cleric","player_choice":"Healed","floor":5.0,"gold_loss":35.0,"damage_taken":0.0},{"damage_healed":0,"gold_gain":0,"player_choice":"Copied","damage_taken":0,"max_hp_gain":0,"max_hp_loss":0,"event_name":"Duplicator","floor":19,"gold_loss":0,"cards_obtained":["Anger"]},{"damage_healed":55,"gold_gain":0,"player_choice":"Full Heal","damage_taken":0,"max_hp_gain":0,"max_hp_loss":0,"event_name":"Wheel of Change","floor":23,"gold_loss":0}],"is_beta":false,"boss_relics":[{"not_picked":["Coffee Dripper","Snecko Eye"],"picked":"Black Star"}],"items_purged_floors":[2],"is_endless":false,"potions_floor_spawned":[1,11,16,20],"killed_by":"Slavers","ascension_level":0}