{"gold_per_floor":[113,63,138,154,168,168,185,185,212,212,212,225,239,239,239,342,342,362,287,16,29,29,29,29,48,96,96,23,36,36,52,52,154,154,174,1173,1173,1186,1203,1203,671,688,767,767,801,812,838,856,856,856],"floor_reached":50,"playtime":1827,"items_purged":["Defend_G","Defend_G","Normality"],"score":519,"play_id":"27f5be5c-9b52-4967-932c-68ea4e8c0ad3","local_time":"20190125160311","is_ascension_mode":false,"campfire_choices":[{"data":"Noxious Fumes","floor":6,"key":"SMITH"},{"data":"Crippling Poison","floor":8,"key":"SMITH"},{"data":"Neutralize","floor":10,"key":"SMITH"},{"data":"Bouncing Flask","floor":15,"key":"SMITH"},{"data":"Noxious Fumes","floor":23,"key":"SMITH"},{"data":"Doppelganger","floor":27,"key":"SMITH"},{"data":"Deadly Poison","floor":30,"key":"SMITH"},{"floor":32,"key":"REST"},{"floor":40,"key":"REST"},{"floor":44,"key":"REST"},{"floor":49,"key":"REST"}],"neow_cost":"NONE","seed_source_timestamp":7020070069991,"circlet_count":0,"master_deck":["Defend_G","Defend_G","Defend_G","Strike_G+1","Strike_G+1","Survivor","Neutralize+1","Crippling Poison+1","Bullet Time+1","Noxious Fumes+1","Cloak And Dagger","Bouncing Flask+1","Doppelganger+1","Backflip","Noxious Fumes+1","Backflip","Deadly Poison+1","Leg Sweep+1","Escape Plan","Corpse Explosion","Blur+1","Predator+1","The Bomb","Caltrops","Deadly Poison+1","Envenom","Leg Sweep+1","Well Laid Plans+1"],"relics":["Ring of the Snake","Centennial Puzzle","Dream Catcher","Black Star","Membership Card","Enchiridion","Whetstone","Fusion Hammer","Toy Ornithopter","Omamori","Darkstone Periapt","Shuriken","Bag of Marbles","Calipers","Oddly Smooth Stone","Bottled Flame"],"potions_floor_usage":[16,16,25,46,50,50,50],"damage_taken":[{"damage":0,"enemies":"2 Louse","floor":1,"turns":2},{"damage":0,"enemies":"Small Slimes","floor":4,"turns":5},{"damage":0,"enemies":"Cultist","floor":5,"turns":4},{"damage":0,"enemies":"Blue Slaver","floor":7,"turns":5},{"damage":0,"enemies":"2 Fungi Beasts","floor":12,"turns":3},{"damage":0,"enemies":"Large Slime","floor":13,"turns":6},{"damage":10,"enemies":"Slime Boss","floor":16,"turns":4},{"damage":7,"enemies":"Spheric Guardian","floor":18,"turns":4},{"damage":7,"enemies":"2 Thieves","floor":21,"turns":4},{"damage":0,"enemies":"Centurion and Healer","floor":25,"turns":6},{"damage":5,"enemies":"Shelled Parasite and Fungi","floor":29,"turns":5},{"damage":3,"enemies":"Cultist and Chosen","floor":31,"turns":4},{"damage":34,"enemies":"Collector","floor":33,"turns":7},{"damage":0,"enemies":"3 Darklings","floor":35,"turns":3},{"damage":2,"enemies":"3 Shapes","floor":38,"turns":3},{"damage":11,"enemies":"Maw","floor":39,"turns":7},{"damage":0,"enemies":"Sphere and 2 Shapes","floor":42,"turns":3},{"damage":42,"enemies":"Giant Head","floor":45,"turns":8},{"damage":0,"enemies":"Jaw Worm Horde","floor":46,"turns":3},{"damage":26,"enemies":"Nemesis","floor":47,"turns":7},{"damage":0,"enemies":"3 Darklings","floor":48,"turns":4},{"damage":53,"enemies":"Time Eater","floor":50,"turns":13}],"seed_played":"-4033435865777460308","potions_obtained":[{"floor":4,"key":"Fire Potion"},{"floor":7,"key":"Fire Potion"},{"floor":16,"key":"SpeedPotion"},{"floor":18,"key":"FearPotion"},{"floor":31,"key":"Strength Potion"},{"floor":33,"key":"Swift Potion"},{"floor":46,"key":"Swift Potion"}],"is_trial":false,"path_per_floor":["M","?","?","M","M","R","M","R","T","R","?","M","M","?","R","B",null,"M","?","$","M","?","R","?","M","T","R","$","M","R","M","R","B",null,"M","?","?","M","M","R","$","M","T","R","E","M","E","M","R","B"],"character_chosen":"THE_SILENT","items_purchased":["Membership Card","Noxious Fumes","Deadly Poison","The Bomb","Toy Ornithopter","LiquidBronze","Caltrops","Omamori","Darkstone Periapt"],"campfire_rested":4,"item_purchase_floors":[20,20,28,41,41,41,41,41,41],"current_hp_per_floor":[70,70,59,59,59,59,59,59,59,59,59,59,59,52,52,42,70,63,63,63,56,40,40,40,40,40,40,40,35,35,32,53,19,70,70,70,70,68,57,70,70,70,70,70,28,33,7,7,28,0],"gold":856,"neow_bonus":"RANDOM_COMMON_RELIC","is_prod":false,"is_daily":false,"chose_seed":false,"campfire_upgraded":7,"win_rate":0,"timestamp":1548453791,"path_taken":["M","?","?","M","M","R","M","R","T","R","?","?","M","?","R","BOSS","M","?","$","M","?","R","?","M","T","R","?","M","R","M","R","BOSS","M","?","?","?","M","R","$","M","T","R","E","M","E","M","R","BOSS"],"build_version":"2019-01-23","purchased_purges":3,"victory":false,"max_hp_per_floor":[70,70,70,70,70,70,70,70,70,70,70,70,70,70,70,70,70,70,70,70,70,70,70,70,70,70,70,70,70,70,70,70,70,70,70,70,70,70,70,70,70,70,70,70,70,70,70,70,70,70],"card_choices":[{"not_picked":["Poisoned Stab","Cloak And Dagger"],"picked":"Crippling Poison","floor":1},{"not_picked":["Acrobatics","Sucker Punch"],"picked":"Bullet Time","floor":4},{"not_picked":["Finisher","Cloak And Dagger"],"picked":"Noxious Fumes","floor":5},{"not_picked":["Concentrate","Blade Dance"],"picked":"Cloak And Dagger","floor":7},{"not_picked":["Outmaneuver","Poisoned Stab"],"picked":"Bouncing Flask","floor":12},{"not_picked":["Riddle With Holes","Bane","Dash"],"picked":"SKIP","floor":13},{"not_picked":["Unload","Storm of Steel"],"picked":"Doppelganger","floor":16},{"not_picked":["Dagger Spray","Slice+1"],"picked":"Backflip","floor":18},{"not_picked":["Underhanded Strike","Terror","Accuracy"],"picked":"SKIP","floor":21},{"not_picked":["PiercingWail+1","Reflex"],"picked":"Backflip","floor":25},{"not_picked":["Dash+1","Dodge and Roll"],"picked":"Leg Sweep+1","floor":29},{"not_picked":["Prepared","Underhanded Strike","Dagger Throw+1"],"picked":"SKIP","floor":31},{"not_picked":["PiercingWail","Deadly Poison"],"picked":"Escape Plan","floor":32},{"not_picked":["Tools of the Trade","Night Terror"],"picked":"Corpse Explosion","floor":33},{"not_picked":["Backflip","Outmaneuver+1","Choke"],"picked":"SKIP","floor":35},{"not_picked":["Prepared","Phantasmal Killer","Deadly Poison"],"picked":"SKIP","floor":38},{"not_picked":["Underhanded Strike+1","Predator"],"picked":"Blur+1","floor":39},{"not_picked":["Flying Knee+1","Prepared+1"],"picked":"Predator+1","floor":40},{"not_picked":["Poisoned Stab+1","Dagger Throw+1"],"picked":"Deadly Poison+1","floor":42},{"not_picked":["Dodge and Roll","Poisoned Stab"],"picked":"Envenom","floor":44},{"not_picked":["Poisoned Stab+1","Riddle With Holes","Eviscerate"],"picked":"SKIP","floor":45},{"not_picked":["Dagger Throw+1","Bane","Choke+1"],"picked":"SKIP","floor":46},{"not_picked":["Bane+1","Outmaneuver"],"picked":"Leg Sweep+1","floor":47},{"not_picked":["Deflect+1","PiercingWail","Quick Slash+1"],"picked":"SKIP","floor":48},{"not_picked":["Dagger Spray+1","Infinite Blades"],"picked":"Well Laid Plans+1","floor":49}],"player_experience":640157,"relics_obtained":[{"floor":9,"key":"Dream Catcher"},{"floor":22,"key":"Enchiridion"},{"floor":26,"key":"Whetstone"},{"floor":43,"key":"Shuriken"},{"floor":45,"key":"Bag of Marbles"},{"floor":45,"key":"Calipers"},{"floor":47,"key":"Oddly Smooth Stone"},{"floor":47,"key":"Bottled Flame"}],"event_choices":[{"cards_removed":["Strike_G"],"damage_healed":0,"gold_gain":0,"player_choice":"Card Removal","damage_taken":0,"max_hp_gain":0,"max_hp_loss":0,"event_name":"The Cleric","floor":2,"gold_loss":50},{"damage_healed":0,"gold_gain":75,"player_choice":"Gather Gold","damage_taken":11,"max_hp_gain":0,"max_hp_loss":0,"event_name":"World of Goop","floor":3,"gold_loss":0},{"damage_healed":0,"gold_gain":0,"player_choice":"Upgraded","damage_taken":0,"max_hp_gain":0,"max_hp_loss":0,"event_name":"Upgrade Shrine","floor":11,"gold_loss":0,"cards_upgraded":["Bullet Time"]},{"cards_removed":["Strike_G"],"damage_healed":0,"gold_gain":0,"player_choice":"Card Removal","damage_taken":7,"max_hp_gain":0,"max_hp_loss":0,"event_name":"Golden Wing","floor":14,"gold_loss":0},{"cards_removed":["Strike_G"],"damage_healed":0,"gold_gain":0,"player_choice":"Gave Gold","damage_taken":0,"max_hp_gain":0,"max_hp_loss":0,"event_name":"Beggar","floor":19,"gold_loss":75},{"damage_healed":0,"gold_gain":0,"player_choice":"Obtained Book","damage_taken":16,"max_hp_gain":0,"max_hp_loss":0,"event_name":"Cursed Tome","floor":22,"gold_loss":0},{"damage_healed":0,"gold_gain":0,"player_choice":"Ignored","damage_taken":0,"max_hp_gain":0,"max_hp_loss":0,"event_name":"Vampires","floor":24,"gold_loss":0},{"damage_healed":0,"gold_gain":999,"player_choice":"Gold","damage_taken":0,"max_hp_gain":0,"max_hp_loss":0,"event_name":"MindBloom","floor":36,"gold_loss":0,"cards_obtained":["Normality","Normality"]},{"cards_removed":["Normality"],"damage_healed":0,"gold_gain":0,"player_choice":"Purged","damage_taken":0,"max_hp_gain":0,"max_hp_loss":0,"event_name":"Purifier","floor":37,"gold_loss":0}],"is_beta":false,"boss_relics":[{"not_picked":["Tiny House","Empty Cage"],"picked":"Black Star"},{"not_picked":["Runic Pyramid","Orrery"],"picked":"Fusion Hammer"}],"items_purged_floors":[20,28,41],"is_endless":false,"potions_floor_spawned":[4,7,16,18,31,33,35,38,46,48],"killed_by":"Time Eater","ascension_level":0}