{"gold_per_floor":[219,184,202,16,29,29,56,56,56,86,86,113,113,113,113,208,258,274,274,293,293,323,323,349,264,264,275,275,70,70,20,20,116,116,133,133,133,147,166,166,166,166,190,202,8,8,108,126,126,126],"floor_reached":51,"playtime":3285,"items_purged":[],"score":717,"play_id":"bf2d56af-7134-4dc4-8a6b-1d65f08c2c01","local_time":"20190124001215","is_ascension_mode":false,"campfire_choices":[{"data":"Pommel Strike","floor":6,"key":"SMITH"},{"floor":8,"key":"REST"},{"floor":11,"key":"REST"},{"floor":15,"key":"REST"},{"floor":23,"key":"REST"},{"floor":28,"key":"REST"},{"floor":32,"key":"REST"},{"data":"Pummel","floor":40,"key":"SMITH"},{"floor":46,"key":"REST"},{"floor":49,"key":"REST"}],"neow_cost":"NONE","seed_source_timestamp":1232612280166153,"circlet_count":0,"master_deck":["Strike_R","Strike_R","Strike_R","Strike_R","Defend_R","Defend_R","Defend_R","Defend_R","Bash+1","Iron Wave","Pommel Strike+1","Magnetism","Shockwave","Blood for Blood","Battle Trance+1","Double Tap+1","Armaments+1","Flex+1","Fire Breathing","Pommel Strike+1","Heavy Blade","Heavy Blade","Juggernaut","Pummel+1","Pommel Strike+1"],"relics":["Burning Blood","Toxic Egg 2","Ornamental Fan","PreservedInsect","Mango","Mercury Hourglass","Tiny House","Red Mask","Anchor","Boot","Pen Nib","ClockworkSouvenir","Bottled Tornado","Busted Crown","Juzu Bracelet","Brimstone","StoneCalendar"],"potions_floor_usage":[22,22,22,33,33,33,33,33,50,50],"damage_taken":[{"damage":7,"enemies":"2 Louse","floor":1,"turns":3},{"damage":4,"enemies":"Small Slimes","floor":3,"turns":4},{"damage":4,"enemies":"Jaw Worm","floor":5,"turns":6},{"damage":50,"enemies":"Lagavulin","floor":7,"turns":7},{"damage":22,"enemies":"3 Sentries","floor":12,"turns":7},{"damage":54,"enemies":"Slime Boss","floor":16,"turns":9},{"damage":10,"enemies":"Chosen","floor":18,"turns":6},{"damage":40,"enemies":"2 Thieves","floor":20,"turns":4},{"damage":10,"enemies":"Masked Bandits","floor":22,"turns":4},{"damage":21,"enemies":"Gremlin Leader","floor":24,"turns":5},{"damage":15,"enemies":"Snecko","floor":27,"turns":4},{"damage":85,"enemies":"Automaton","floor":33,"turns":7},{"damage":25,"enemies":"3 Shapes","floor":35,"turns":4},{"damage":11,"enemies":"Orb Walker","floor":38,"turns":4},{"damage":4,"enemies":"Jaw Worm Horde","floor":39,"turns":3},{"damage":24,"enemies":"Spire Growth","floor":44,"turns":4},{"damage":0,"enemies":"Mind Bloom Boss Battle","floor":47,"turns":4},{"damage":24,"enemies":"3 Darklings","floor":48,"turns":4},{"damage":52,"enemies":"Donu and Deca","floor":50,"turns":6}],"seed_played":"-2369771925500170663","potions_obtained":[{"floor":16,"key":"Explosive Potion"},{"floor":17,"key":"Fire Potion"},{"floor":18,"key":"Explosive Potion"},{"floor":20,"key":"Weak Potion"},{"floor":27,"key":"EntropicBrew"},{"floor":35,"key":"EssenceOfSteel"},{"floor":38,"key":"BloodPotion"},{"floor":47,"key":"SpeedPotion"}],"is_trial":false,"path_per_floor":["M","?","M","$","M","R","E","R","T","?","R","E","?","$","R","B",null,"M","?","M","?","?","R","E","?","T","M","R","$","T","$","R","B",null,"M","?","$","M","M","R","?","?","T","M","$","R","?","M","R","B",null],"character_chosen":"IRONCLAD","items_purchased":["Magnetism","ClockworkSouvenir","Strength Potion","Brimstone"],"campfire_rested":8,"item_purchase_floors":[4,29,31,45],"current_hp_per_floor":[79,80,80,80,80,80,36,60,60,60,80,78,60,60,88,40,99,95,75,41,41,37,68,53,53,53,44,75,75,75,75,104,25,104,85,85,85,80,82,82,82,79,79,61,61,90,96,78,99,62],"gold":126,"neow_bonus":"HUNDRED_GOLD","is_prod":false,"is_daily":false,"chose_seed":false,"campfire_upgraded":2,"win_rate":0.0,"timestamp":1548295935,"path_taken":["M","?","M","$","M","R","E","R","T","?","R","E","?","$","R","BOSS","M","?","M","?","?","R","E","?","T","M","R","?","?","$","R","BOSS","M","?","?","?","M","R","?","?","T","M","$","R","?","M","R","BOSS"],"build_version":"2019-01-23","purchased_purges":0,"victory":true,"max_hp_per_floor":[80,80,80,80,80,80,80,80,80,80,80,94,94,94,94,94,99,99,104,104,104,104,104,104,104,104,104,104,104,104,104,104,104,104,104,104,104,104,104,104,99,99,99,99,99,99,99,99,99,99],"card_choices":[{"not_picked":["Thunderclap","Cleave"],"picked":"Iron Wave","floor":1},{"not_picked":["Warcry","Twin Strike"],"picked":"Pommel Strike","floor":3},{"not_picked":["Burning Pact","Body Slam"],"picked":"Shockwave","floor":5},{"not_picked":["True Grit","Cleave"],"picked":"Blood for Blood","floor":7},{"not_picked":["Clothesline","Berserk"],"picked":"Battle Trance+1","floor":12},{"not_picked":["Brutality","Offering+1"],"picked":"Double Tap+1","floor":16},{"not_picked":["Spot Weakness+1","Entrench+1"],"picked":"Armaments+1","floor":17},{"not_picked":["Twin Strike","Thunderclap+1"],"picked":"Flex+1","floor":18},{"not_picked":["True Grit+1","Armaments+1"],"picked":"Fire Breathing","floor":20},{"not_picked":["Body Slam","True Grit+1"],"picked":"Pommel Strike+1","floor":22},{"not_picked":["Blood for Blood","Headbutt"],"picked":"Heavy Blade","floor":24},{"not_picked":["Whirlwind","Thunderclap"],"picked":"Heavy Blade","floor":27},{"not_picked":["Impervious+1","Offering+1"],"picked":"Juggernaut","floor":33},{"not_picked":["Bloodletting+1"],"picked":"SKIP","floor":35},{"not_picked":[],"picked":"Pummel","floor":38},{"not_picked":[],"picked":"Pommel Strike+1","floor":39},{"not_picked":["Clothesline+1"],"picked":"SKIP","floor":44},{"not_picked":["True Grit+1"],"picked":"SKIP","floor":48}],"player_experience":12139,"relics_obtained":[{"floor":7,"key":"Toxic Egg 2"},{"floor":9,"key":"Ornamental Fan"},{"floor":12,"key":"Mango"},{"floor":22,"key":"Red Mask"},{"floor":24,"key":"Anchor"},{"floor":26,"key":"Pen Nib"},{"floor":30,"key":"Bottled Tornado"},{"floor":43,"key":"Juzu Bracelet"},{"floor":47,"key":"StoneCalendar"}],"event_choices":[{"damage_healed":20,"gold_gain":0,"player_choice":"Healed","damage_taken":0,"max_hp_gain":0,"max_hp_loss":0,"event_name":"The Cleric","floor":2,"gold_loss":35},{"damage_healed":0,"gold_gain":30,"player_choice":"Searched \u00272\u0027 times","damage_taken":0,"relics_obtained":["PreservedInsect"],"max_hp_gain":0,"max_hp_loss":0,"event_name":"Dead Adventurer","floor":10,"gold_loss":0},{"damage_healed":0,"gold_gain":0,"player_choice":"Success","damage_taken":18,"relics_obtained":["Mercury Hourglass"],"max_hp_gain":0,"max_hp_loss":0,"event_name":"Scrap Ooze","floor":13,"gold_loss":0},{"damage_healed":0,"gold_gain":0,"player_choice":"Shed Blood","damage_taken":25,"max_hp_gain":5,"max_hp_loss":0,"event_name":"Forgotten Altar","floor":19,"gold_loss":0},{"damage_healed":0,"gold_gain":0,"player_choice":"Ignored","damage_taken":0,"max_hp_gain":0,"max_hp_loss":0,"event_name":"Beggar","floor":21,"gold_loss":0},{"damage_healed":0,"gold_gain":0,"player_choice":"Fought Bandits","damage_taken":0,"max_hp_gain":0,"max_hp_loss":0,"event_name":"Masked Bandits","floor":22,"gold_loss":0},{"damage_healed":0,"gold_gain":0,"player_choice":"Obtained Relic","damage_taken":0,"relics_obtained":["Boot"],"max_hp_gain":0,"max_hp_loss":0,"event_name":"Addict","floor":25,"gold_loss":85},{"cards_removed":["Strike_R"],"damage_healed":0,"gold_gain":0,"player_choice":"Purged","damage_taken":0,"max_hp_gain":0,"max_hp_loss":0,"event_name":"Purifier","floor":36,"gold_loss":0},{"damage_healed":0,"gold_gain":0,"player_choice":"Max HP","damage_taken":0,"max_hp_gain":0,"max_hp_loss":5,"event_name":"Winding Halls","floor":41,"gold_loss":0},{"damage_healed":0,"gold_gain":0,"player_choice":"Punched","damage_taken":3,"max_hp_gain":0,"max_hp_loss":0,"event_name":"Designer","floor":42,"gold_loss":0},{"damage_healed":0,"gold_gain":0,"player_choice":"Fight","damage_taken":0,"max_hp_gain":0,"max_hp_loss":0,"event_name":"MindBloom","floor":47,"gold_loss":0}],"is_beta":false,"boss_relics":[{"not_picked":["White Beast Statue","Coffee Dripper"],"picked":"Tiny House"},{"not_picked":["Eternal Feather","Mark of Pain"],"picked":"Busted Crown"}],"items_purged_floors":[],"is_endless":false,"potions_floor_spawned":[16,18,20,27,35,38,47],"ascension_level":0}