{"gold_per_floor":[116,130,147,72,84,84,97,131,154,154,154,154,235,260,260,339,339,351,32,32,32,52,79,79,110,110,110,126,126,140,153,153,232,232,243,343,355,355,370,370,399,399,447,36,67,83,83,0,0,0],"floor_reached":51,"playtime":4581,"items_purged":["Strike_G"],"score":1299,"play_id":"23a55a4a-22d0-4f03-b61c-6da755f1bb5e","local_time":"20190117170849","is_ascension_mode":true,"campfire_choices":[{"data":"Poisoned Stab","floor":6,"key":"SMITH"},{"data":"Crippling Poison","floor":10,"key":"SMITH"},{"floor":12,"key":"REST"},{"data":"Leg Sweep","floor":15,"key":"SMITH"},{"data":"PiercingWail","floor":24,"key":"SMITH"},{"data":"Malaise","floor":27,"key":"SMITH"},{"data":"Envenom","floor":29,"key":"SMITH"},{"floor":32,"key":"REST"},{"data":"After Image","floor":40,"key":"SMITH"},{"data":"Noxious Fumes","floor":42,"key":"SMITH"},{"data":"Chrysalis","floor":47,"key":"SMITH"},{"floor":49,"key":"REST"}],"neow_cost":"NONE","seed_source_timestamp":168861564840774,"circlet_count":0,"master_deck":["AscendersBane","Defend_G+1","Defend_G+1","Defend_G+1","Defend_G+1","Defend_G+1","Strike_G+1","Strike_G+1","Survivor","Neutralize+1","Poisoned Stab+1","Crippling Poison+1","Quick Slash","Leg Sweep+1","Envenom+1","Noxious Fumes+1","Malaise+1","Backstab","PiercingWail+1","PiercingWail","PiercingWail","After Image+1","Crippling Poison","Dagger Spray","Corpse Explosion","Well Laid Plans","Chrysalis+1","PiercingWail+1"],"relics":["Black Star","Ice Cream","Whetstone","Centennial Puzzle","Tiny Chest","Potion Belt","Lantern","Runic Pyramid","Lee\u0027s Waffle","Meat on the Bone","Dream Catcher","Boot","Bronze Scales","Snake Skull","Pear","Sozu","Peace Pipe","Shovel","Omamori","Anchor","Ancient Tea Set","Happy Flower","Molten Egg 2","Red Mask"],"potions_floor_usage":[8,8,23,25,45,46],"damage_taken":[{"damage":7,"enemies":"Jaw Worm","floor":1,"turns":7},{"damage":0,"enemies":"2 Louse","floor":2,"turns":3},{"damage":1,"enemies":"Small Slimes","floor":3,"turns":4},{"damage":1,"enemies":"2 Fungi Beasts","floor":5,"turns":4},{"damage":6,"enemies":"Gremlin Gang","floor":7,"turns":5},{"damage":13,"enemies":"3 Sentries","floor":8,"turns":9},{"damage":4,"enemies":"Lagavulin","floor":14,"turns":6},{"damage":15,"enemies":"Hexaghost","floor":16,"turns":11},{"damage":8,"enemies":"Spheric Guardian","floor":18,"turns":8},{"damage":3,"enemies":"Chosen","floor":22,"turns":8},{"damage":25,"enemies":"Book of Stabbing","floor":23,"turns":8},{"damage":29,"enemies":"Slavers","floor":25,"turns":7},{"damage":0,"enemies":"Snake Plant","floor":28,"turns":6},{"damage":0,"enemies":"Cultist and Chosen","floor":30,"turns":7},{"damage":6,"enemies":"Sentry and Sphere","floor":31,"turns":5},{"damage":23,"enemies":"Automaton","floor":33,"turns":10},{"damage":0,"enemies":"Orb Walker","floor":35,"turns":5},{"damage":0,"enemies":"Mind Bloom Boss Battle","floor":36,"turns":7},{"damage":6,"enemies":"3 Darklings","floor":37,"turns":6},{"damage":0,"enemies":"Maw","floor":39,"turns":8},{"damage":2,"enemies":"Nemesis","floor":41,"turns":7},{"damage":21,"enemies":"Giant Head","floor":45,"turns":9},{"damage":9,"enemies":"Writhing Mass","floor":46,"turns":6},{"damage":14,"enemies":"Awakened One","floor":50,"turns":14}],"seed_played":"-6964229963048711620","potions_obtained":[{"floor":1,"key":"Strength Potion"},{"floor":2,"key":"SteroidPotion"},{"floor":7,"key":"Poison Potion"},{"floor":8,"key":"SteroidPotion"},{"floor":23,"key":"Swift Potion"},{"floor":28,"key":"Weak Potion"},{"floor":31,"key":"Energy Potion"},{"floor":33,"key":"SteroidPotion"}],"is_trial":false,"path_per_floor":["M","M","M","?","M","R","M","E","T","R","?","R","T","E","R","B",null,"M","$","?","?","M","E","R","E","T","R","M","R","M","M","R","B",null,"M","?","M","?","M","R","E","R","T","$","E","M","R","?","R","B",null],"character_chosen":"THE_SILENT","items_purchased":["Lee\u0027s Waffle","SkillPotion","Ancient Tea Set","Well Laid Plans","Chrysalis"],"campfire_rested":3,"item_purchase_floors":[19,19,44,44,44],"current_hp_per_floor":[52,52,51,51,50,50,44,31,31,31,24,43,43,39,39,24,56,48,73,73,73,70,45,45,28,38,38,50,50,50,44,68,45,74,74,74,68,68,68,68,66,66,66,66,45,48,48,48,72,58],"gold":0,"neow_bonus":"BOSS_RELIC","is_prod":false,"is_daily":false,"chose_seed":false,"campfire_upgraded":9,"win_rate":0,"timestamp":1547741329,"path_taken":["M","M","M","?","M","R","M","E","T","R","?","R","?","E","R","BOSS","M","$","?","?","M","E","R","E","T","R","M","R","?","M","R","BOSS","M","?","M","?","?","R","E","R","T","$","E","M","R","?","R","BOSS"],"build_version":"2019-01-10","purchased_purges":1,"victory":true,"max_hp_per_floor":[66,66,66,66,66,66,66,66,66,66,66,66,66,66,66,66,66,66,73,73,73,73,73,73,73,83,83,83,83,83,83,83,83,83,83,83,83,83,83,83,83,83,83,83,83,83,83,83,83,83],"card_choices":[{"not_picked":["Bane","Cloak And Dagger"],"picked":"Poisoned Stab","floor":1},{"not_picked":["Poisoned Stab","Flying Knee"],"picked":"Crippling Poison","floor":2},{"not_picked":["Backflip","Slice"],"picked":"Quick Slash","floor":3},{"not_picked":["Backflip","Blade Dance"],"picked":"Leg Sweep","floor":5},{"not_picked":["Poisoned Stab","Dagger Spray"],"picked":"Envenom","floor":7},{"not_picked":["Finisher","Acrobatics","Dagger Throw"],"picked":"SKIP","floor":8},{"not_picked":["Blade Dance","Bouncing Flask"],"picked":"Noxious Fumes","floor":14},{"not_picked":["Venomology","Storm of Steel"],"picked":"Malaise","floor":16},{"not_picked":["Heel Hook","Sucker Punch","Blur"],"picked":"SKIP","floor":18},{"not_picked":["Prepared","Deadly Poison"],"picked":"Backstab","floor":22},{"not_picked":["Dagger Spray","Phantasmal Killer"],"picked":"PiercingWail","floor":23},{"not_picked":["Distraction+1","Skewer"],"picked":"PiercingWail","floor":25},{"not_picked":["Poisoned Stab","Dagger Spray","Caltrops"],"picked":"SKIP","floor":28},{"not_picked":["Dagger Throw","Accuracy","Choke"],"picked":"SKIP","floor":30},{"not_picked":["All Out Attack","Flying Knee","Flechettes"],"picked":"SKIP","floor":31},{"not_picked":["Underhanded Strike","Heel Hook"],"picked":"PiercingWail","floor":32},{"not_picked":["Grand Finale","Burst"],"picked":"After Image","floor":33},{"not_picked":["Cloak And Dagger+1","Skewer","Distraction"],"picked":"SKIP","floor":35},{"not_picked":["Deflect","All Out Attack"],"picked":"Crippling Poison","floor":36},{"not_picked":["Prepared+1","Outmaneuver"],"picked":"Dagger Spray","floor":37},{"not_picked":["Quick Slash","Dodge and Roll","Sucker Punch"],"picked":"SKIP","floor":39},{"not_picked":["Predator","Concentrate+1"],"picked":"Corpse Explosion","floor":41},{"not_picked":["Wraith Form v2","Poisoned Stab+1","Endless Agony"],"picked":"SKIP","floor":45},{"not_picked":["Poisoned Stab+1","Sucker Punch+1"],"picked":"PiercingWail+1","floor":46}],"player_experience":908858,"relics_obtained":[{"floor":8,"key":"Ice Cream"},{"floor":8,"key":"Whetstone"},{"floor":9,"key":"Centennial Puzzle"},{"floor":13,"key":"Tiny Chest"},{"floor":14,"key":"Potion Belt"},{"floor":14,"key":"Lantern"},{"floor":23,"key":"Dream Catcher"},{"floor":23,"key":"Boot"},{"floor":25,"key":"Bronze Scales"},{"floor":25,"key":"Snake Skull"},{"floor":26,"key":"Pear"},{"floor":36,"key":"Peace Pipe"},{"floor":41,"key":"Shovel"},{"floor":41,"key":"Omamori"},{"floor":43,"key":"Anchor"},{"floor":45,"key":"Happy Flower"},{"floor":45,"key":"Molten Egg 2"}],"event_choices":[{"cards_removed":["Strike_G"],"damage_healed":0,"gold_gain":0,"player_choice":"Card Removal","damage_taken":0,"max_hp_gain":0,"max_hp_loss":0,"event_name":"The Cleric","floor":4,"gold_loss":75},{"cards_removed":["Strike_G"],"damage_healed":0,"gold_gain":0,"player_choice":"Card Removal","damage_taken":7,"max_hp_gain":0,"max_hp_loss":0,"event_name":"Golden Wing","floor":11,"gold_loss":0},{"damage_healed":0,"gold_gain":0,"player_choice":"Simplicity","damage_taken":0,"max_hp_gain":0,"max_hp_loss":0,"event_name":"Back to Basics","floor":20,"gold_loss":0,"cards_upgraded":["Defend_G","Defend_G","Defend_G","Defend_G","Defend_G","Strike_G"]},{"damage_healed":0,"gold_gain":0,"player_choice":"Gave Potion","damage_taken":0,"relics_obtained":["Meat on the Bone"],"max_hp_gain":0,"max_hp_loss":0,"event_name":"WeMeetAgain","floor":21,"gold_loss":0},{"damage_healed":0,"gold_gain":0,"player_choice":"Fight","damage_taken":0,"max_hp_gain":0,"max_hp_loss":0,"event_name":"MindBloom","floor":36,"gold_loss":0},{"damage_healed":0,"gold_gain":0,"player_choice":"Got Potions","damage_taken":0,"max_hp_gain":0,"max_hp_loss":0,"event_name":"Lab","floor":38,"gold_loss":0},{"damage_healed":0,"gold_gain":0,"player_choice":"Paid","damage_taken":0,"relics_obtained":["Red Mask"],"max_hp_gain":0,"max_hp_loss":0,"event_name":"Tomb of Lord Red Mask","floor":48,"gold_loss":83}],"is_beta":false,"boss_relics":[{"not_picked":["Cursed Key","Pandora\u0027s Box"],"picked":"Runic Pyramid"},{"not_picked":["Runic Dome","Fusion Hammer"],"picked":"Sozu"}],"items_purged_floors":[19],"is_endless":false,"potions_floor_spawned":[1,2,7,8,23,28,31,33,39,45,46],"ascension_level":15}