{"gold_per_floor":[115,130,141,141,141,141,181,181,206,241,264,264,282,318,318,416,416,416,40,40,0,0,0,0,0,0,0,0,0,0,0,0,0,0,0,0,0,0,0,0,0,0,0,0],"floor_reached":44,"playtime":3021,"items_purged":["Strike_R"],"score":1008,"play_id":"2149a427-e28e-41d0-a2d1-05447fb0981b","local_time":"20181227220557","is_ascension_mode":true,"campfire_choices":[{"data":"Clothesline","floor":6.0,"key":"SMITH"},{"data":"Cleave","floor":8.0,"key":"SMITH"},{"floor":12.0,"key":"REST"},{"data":"Inflame","floor":15.0,"key":"SMITH"},{"data":"Armaments","floor":27.0,"key":"SMITH"},{"floor":29.0,"key":"REST"},{"data":"Enlightenment","floor":32.0,"key":"SMITH"},{"floor":40,"key":"REST"}],"neow_cost":"CURSE","seed_source_timestamp":358435194042618,"circlet_count":0,"master_deck":["AscendersBane","Strike_R","Strike_R+1","Strike_R","Strike_R","Defend_R","Defend_R","Defend_R","Defend_R","Bash+1","Clumsy","Clothesline+1","Cleave+1","Feel No Pain","Shockwave","Inflame+1","Demon Form","Feel No Pain","Feel No Pain","Sword Boomerang","Enlightenment+1","Havoc","True Grit","Armaments+1","Disarm","Reaper","Barricade","Seeing Red+1","Apotheosis","Limit Break","True Grit"],"special_seed":0,"relics":["Burning Blood","Ginger","Golden Idol","Vajra","Red Skull","FossilizedHelix","Ectoplasm","Bag of Preparation","Bronze Scales","Bag of Marbles","Nloth\u0027s Gift","PreservedInsect","Eternal Feather","The Courier"],"potions_floor_usage":[39,39,41],"damage_taken":[{"damage":0.0,"enemies":"Small Slimes","floor":1.0,"turns":3.0},{"damage":31.0,"enemies":"Jaw Worm","floor":2.0,"turns":5.0},{"damage":10.0,"enemies":"Cultist","floor":3.0,"turns":5.0},{"damage":8.0,"enemies":"Gremlin Nob","floor":7.0,"turns":3.0},{"damage":15.0,"enemies":"Lagavulin","floor":10.0,"turns":5.0},{"damage":9.0,"enemies":"Large Slime","floor":11.0,"turns":5.0},{"damage":6.0,"enemies":"Red Slaver","floor":13.0,"turns":5.0},{"damage":14.0,"enemies":"3 Sentries","floor":14.0,"turns":4.0},{"damage":0.0,"enemies":"Slime Boss","floor":16.0,"turns":8.0},{"damage":16.0,"enemies":"Shell Parasite","floor":18.0,"turns":4.0},{"damage":8.0,"enemies":"2 Thieves","floor":21.0,"turns":3.0},{"damage":6.0,"enemies":"3 Cultists","floor":23.0,"turns":4.0},{"damage":21.0,"enemies":"Snake Plant","floor":24.0,"turns":3.0},{"damage":2.0,"enemies":"Book of Stabbing","floor":25.0,"turns":4.0},{"damage":0.0,"enemies":"Centurion and Healer","floor":30.0,"turns":6.0},{"damage":0.0,"enemies":"Gremlin Leader","floor":31.0,"turns":6.0},{"damage":42.0,"enemies":"Collector","floor":33.0,"turns":10.0},{"damage":17.0,"enemies":"3 Shapes","floor":35.0,"turns":15.0},{"damage":31.0,"enemies":"Orb Walker","floor":36.0,"turns":6.0},{"damage":32,"enemies":"Spire Growth","floor":39,"turns":5},{"damage":43,"enemies":"Writhing Mass","floor":41,"turns":9},{"damage":7,"enemies":"Maw","floor":42,"turns":6},{"damage":74,"enemies":"Reptomancer","floor":44,"turns":2}],"seed_played":"-4970995963729352230","potions_obtained":[{"floor":1.0,"key":"Strength Potion"},{"floor":2.0,"key":"AttackPotion"},{"floor":10.0,"key":"Regen Potion"},{"floor":13.0,"key":"Strength Potion"},{"floor":16.0,"key":"AttackPotion"},{"floor":18.0,"key":"EssenceOfSteel"},{"floor":24.0,"key":"Strength Potion"},{"floor":30.0,"key":"Fire Potion"},{"floor":33.0,"key":"EssenceOfSteel"},{"floor":35.0,"key":"SkillPotion"},{"floor":39,"key":"EssenceOfSteel"}],"is_trial":false,"path_per_floor":["M","M","M","?","?","R","E","R","T","E","M","R","M","E","R","B",null,"M","$","?","M","$","M","M","E","T","R","?","R","M","E","R","B",null,"M","M","$","?","M","R","M","M","T","E"],"character_chosen":"IRONCLAD","items_purchased":["Bag of Preparation","Feel No Pain","Sword Boomerang"],"campfire_rested":3,"item_purchase_floors":[19,19,19],"current_hp_per_floor":[74,49,45,22,22,22,20,20,20,11,22,42,42,34,34,40,61,51,51,39,37,37,37,22,26,26,26,26,46,52,58,58,40,61,61,41,41,36,10,48,50,68,68,0],"gold":0,"neow_bonus":"ONE_RARE_RELIC","is_prod":false,"is_daily":false,"chose_seed":false,"campfire_upgraded":5,"win_rate":0,"timestamp":1545944757,"path_taken":["M","M","M","?","?","R","E","R","T","E","M","R","M","E","R","BOSS","M","$","?","?","$","M","M","E","T","R","?","R","M","E","R","BOSS","M","M","$","?","M","R","M","M","T","E"],"build_version":"2018-12-20","purchased_purges":1,"victory":false,"max_hp_per_floor":[75,75,75,75,68,68,68,68,68,68,68,68,68,68,68,68,68,68,68,68,68,68,68,68,68,68,68,68,68,68,68,68,68,68,68,68,68,68,68,68,68,68,68,68],"card_choices":[{"not_picked":["Searing Blow","Blood for Blood","Flame Barrier"],"picked":"SKIP","floor":1.0},{"not_picked":["Headbutt","Hemokinesis"],"picked":"Clothesline","floor":2.0},{"not_picked":["Whirlwind","Rupture"],"picked":"Cleave","floor":3.0},{"not_picked":["Clash","Sword Boomerang","Blood for Blood"],"picked":"SKIP","floor":7.0},{"not_picked":["Cleave","Flex"],"picked":"Feel No Pain","floor":10.0},{"not_picked":["Clash","Pommel Strike","Fire Breathing","Havoc"],"picked":"SKIP","floor":11.0},{"not_picked":["Twin Strike","Dual Wield","Second Wind"],"picked":"Shockwave","floor":13.0},{"not_picked":["Perfected Strike","Clash","Flex"],"picked":"Inflame","floor":14.0},{"not_picked":["Limit Break","Barricade","Juggernaut"],"picked":"Demon Form","floor":16.0},{"not_picked":["Twin Strike+1","Flex","Anger"],"picked":"Feel No Pain","floor":18.0},{"not_picked":["Flex","Ghostly Armor","Rampage+1","Cleave"],"picked":"SKIP","floor":21.0},{"not_picked":["Headbutt+1","Clothesline","Fire Breathing"],"picked":"Havoc","floor":23.0},{"not_picked":["Ghostly Armor","Sword Boomerang","Anger"],"picked":"True Grit","floor":24.0},{"not_picked":["Anger","Wild Strike+1","Double Tap"],"picked":"Armaments","floor":25.0},{"not_picked":["Uppercut","Perfected Strike"],"picked":"Disarm","floor":30.0},{"not_picked":["Bludgeon","Pommel Strike"],"picked":"Reaper","floor":31.0},{"not_picked":["Immolate","Brutality"],"picked":"Barricade","floor":33.0},{"not_picked":["Pommel Strike+1","Ghostly Armor"],"picked":"Seeing Red+1","floor":35.0},{"not_picked":["Iron Wave","Heavy Blade","Armaments"],"picked":"SKIP","floor":36.0},{"not_picked":["Chrysalis","Discovery"],"picked":"Apotheosis","floor":38.0},{"not_picked":["Brutality","Wild Strike"],"picked":"Limit Break","floor":39},{"not_picked":["Anger","Rage","Rupture"],"picked":"SKIP","floor":41},{"not_picked":["Carnage","Seeing Red+1"],"picked":"True Grit","floor":42}],"player_experience":726394,"relics_obtained":[{"floor":7.0,"key":"Vajra"},{"floor":9.0,"key":"Red Skull"},{"floor":10.0,"key":"Question Card"},{"floor":14.0,"key":"FossilizedHelix"},{"floor":25.0,"key":"Bronze Scales"},{"floor":26.0,"key":"Bag of Marbles"},{"floor":31.0,"key":"PreservedInsect"},{"floor":43,"key":"The Courier"}],"event_choices":[{"damage_healed":0.0,"max_hp_gain":0.0,"max_hp_loss":0.0,"gold_gain":0.0,"event_name":"Shining Light","player_choice":"Entered Light","floor":4.0,"gold_loss":0.0,"damage_taken":23.0,"cards_upgraded":["Bash","Strike_R"]},{"damage_healed":0.0,"max_hp_gain":0.0,"max_hp_loss":7.0,"gold_gain":0.0,"event_name":"Golden Idol","player_choice":"Lose Max HP","floor":5.0,"gold_loss":0.0,"damage_taken":0.0,"relics_obtained":["Golden Idol"]},{"damage_healed":0.0,"max_hp_gain":0.0,"max_hp_loss":0.0,"gold_gain":0.0,"event_name":"Knowing Skull","player_choice":"CARD ","floor":20.0,"potions_obtained":[],"gold_loss":0.0,"damage_taken":12.0,"cards_obtained":["Enlightenment"]},{"damage_healed":0.0,"max_hp_gain":0.0,"max_hp_loss":0.0,"gold_gain":0.0,"event_name":"N\u0027loth","player_choice":"Traded Relic","floor":28.0,"relics_lost":["Question Card"],"gold_loss":0.0,"damage_taken":0.0,"relics_obtained":["Nloth\u0027s Gift"]},{"damage_healed":0.0,"max_hp_gain":0.0,"max_hp_loss":0.0,"gold_gain":0.0,"event_name":"SensoryStone","player_choice":"Memory 2","floor":38.0,"gold_loss":0.0,"damage_taken":5.0}],"is_beta":false,"boss_relics":[{"not_picked":["Black Star","Runic Dome"],"picked":"Ectoplasm"},{"not_picked":["Sozu","Fusion Hammer"],"picked":"Eternal Feather"}],"items_purged_floors":[19],"is_endless":false,"potions_floor_spawned":[1,2,10,13,16,18,24,30,33,35,36,39],"killed_by":"Reptomancer","ascension_level":17}