{"gold_per_floor":[109,79,98,98,98,98,131,22,75,175,192,217,217,234,234,330,380,391,306,306,306,133,133,162,162,189,189,200,200],"floor_reached":29,"playtime":1947,"items_purged":["Strike_B","Regret"],"score":249,"play_id":"cf5cfac4-e6de-40fd-b2c9-b4b0305ad9e5","local_time":"20190109124410","is_ascension_mode":false,"campfire_choices":[{"data":"Zap","floor":6.0,"key":"SMITH"},{"data":"Defragment","floor":13.0,"key":"SMITH"},{"data":"Multi-Cast","floor":15.0,"key":"SMITH"},{"data":"Reinforced Body","floor":23.0,"key":"SMITH"},{"data":"Biased Cognition","floor":27.0,"key":"SMITH"}],"neow_cost":"NONE","seed_source_timestamp":64248211298640,"circlet_count":0,"master_deck":["Strike_B","Strike_B+1","Strike_B","Defend_B","Defend_B","Defend_B","Defend_B","Zap+1","Dualcast","Streamline","Multi-Cast+1","Defragment+1","Reinforced Body+1","White Noise","Conserve Battery","Biased Cognition+1","Ball Lightning","Leap","Capacitor","Steam","Defragment+1"],"special_seed":0,"relics":["Cracked Core","NeowsBlessing","Juzu Bracelet","StoneCalendar","Blood Vial","Bronze Scales","Blue Candle","Kunai","Cables","Nloth\u0027s Gift","Bag of Marbles"],"potions_floor_usage":[],"damage_taken":[{"damage":0.0,"enemies":"2 Louse","floor":1.0,"turns":1.0},{"damage":0.0,"enemies":"Cultist","floor":3.0,"turns":1.0},{"damage":0.0,"enemies":"Jaw Worm","floor":4.0,"turns":1.0},{"damage":11.0,"enemies":"Gremlin Nob","floor":7.0,"turns":3.0},{"damage":18.0,"enemies":"Exordium Wildlife","floor":11.0,"turns":4.0},{"damage":18.0,"enemies":"Lagavulin","floor":12.0,"turns":7.0},{"damage":7.0,"enemies":"Lots of Slimes","floor":14.0,"turns":4.0},{"damage":23.0,"enemies":"The Guardian","floor":16.0,"turns":9.0},{"damage":21.0,"enemies":"Spheric Guardian","floor":18.0,"turns":4.0},{"damage":34.0,"enemies":"Gremlin Leader","floor":24.0,"turns":7.0},{"damage":9.0,"enemies":"3 Byrds","floor":28.0,"turns":3.0},{"damage":27,"enemies":"Slavers","floor":29,"turns":2}],"seed_played":"-5197312767428514814","potions_obtained":[{"floor":1.0,"key":"PowerPotion"},{"floor":2.0,"key":"SkillPotion"},{"floor":2.0,"key":"LiquidBronze"},{"floor":7.0,"key":"Weak Potion"},{"floor":12.0,"key":"Block Potion"},{"floor":16.0,"key":"SkillPotion"},{"floor":17.0,"key":"SkillPotion"},{"floor":18.0,"key":"SteroidPotion"},{"floor":28.0,"key":"Fire Potion"}],"is_trial":false,"path_per_floor":["M","?","M","M","?","R","E","$","T","?","M","E","R","M","R","B",null,"M","?","?","?","$","R","E","?","T","R","M","E"],"character_chosen":"DEFECT","items_purchased":["Defragment","Capacitor"],"campfire_rested":0,"item_purchase_floors":[8,22],"current_hp_per_floor":[75,75,75,75,75,75,64,64,64,64,48,32,32,27,27,6,80,59,59,59,59,59,59,27,27,27,27,20,0],"gold":200,"neow_bonus":"THREE_ENEMY_KILL","is_prod":false,"is_daily":false,"chose_seed":false,"campfire_upgraded":5,"win_rate":0,"timestamp":1547034250,"path_taken":["M","?","?","M","?","R","E","?","T","?","M","E","R","M","R","BOSS","M","?","?","?","$","R","E","?","T","R","M","E"],"build_version":"2019-01-03v4","purchased_purges":2,"victory":false,"max_hp_per_floor":[75,75,75,75,75,75,75,75,75,75,75,75,75,75,75,75,80,80,80,80,80,80,80,80,80,80,80,80,80],"card_choices":[{"not_picked":["Reprogram","Lockon","Conserve Battery"],"picked":"SKIP","floor":1.0},{"not_picked":["Stack","Leap"],"picked":"Streamline","floor":3.0},{"not_picked":["Sweeping Beam","Loop","Reprogram"],"picked":"SKIP","floor":4.0},{"not_picked":["Barrage","Cold Snap"],"picked":"Multi-Cast","floor":7.0},{"not_picked":["Sweeping Beam","Redo"],"picked":"Reinforced Body","floor":11.0},{"not_picked":["Gash","Consume"],"picked":"White Noise","floor":12.0},{"not_picked":["Ball Lightning","Undo"],"picked":"Conserve Battery","floor":14.0},{"not_picked":["Machine Learning","Buffer"],"picked":"Biased Cognition","floor":16.0},{"not_picked":["Heatsinks","Loop"],"picked":"Ball Lightning","floor":17.0},{"not_picked":["Gash+1","Recycle"],"picked":"Leap","floor":18.0},{"not_picked":["Conserve Battery","Beam Cell+1"],"picked":"Steam","floor":24.0},{"not_picked":["Amplify","Ball Lightning"],"picked":"Defragment+1","floor":28.0}],"player_experience":795475,"relics_obtained":[{"floor":7.0,"key":"StoneCalendar"},{"floor":9.0,"key":"Blood Vial"},{"floor":12.0,"key":"Bronze Scales"},{"floor":24.0,"key":"Cables"},{"floor":26.0,"key":"Bag of Marbles"}],"event_choices":[{"damage_healed":0.0,"max_hp_gain":0.0,"max_hp_loss":0.0,"gold_gain":0.0,"event_name":"The Woman in Blue","player_choice":"Bought 2 Potions","floor":2.0,"gold_loss":0.0,"damage_taken":0.0},{"damage_healed":0.0,"max_hp_gain":0.0,"max_hp_loss":0.0,"gold_gain":0.0,"event_name":"Big Fish","player_choice":"Box","floor":5.0,"gold_loss":0.0,"damage_taken":0.0,"relics_obtained":["Juzu Bracelet"],"cards_obtained":["Regret"]},{"damage_healed":0.0,"max_hp_gain":0.0,"max_hp_loss":0.0,"gold_gain":100.0,"event_name":"Wheel of Change","player_choice":"Gold","floor":10.0,"gold_loss":0.0,"damage_taken":0.0},{"damage_healed":0.0,"max_hp_gain":0.0,"max_hp_loss":0.0,"gold_gain":0.0,"event_name":"Addict","player_choice":"Obtained Relic","floor":19.0,"gold_loss":85.0,"damage_taken":0.0,"relics_obtained":["Blue Candle"]},{"cards_removed":["Strike_G"],"damage_healed":0.0,"max_hp_gain":0.0,"max_hp_loss":0.0,"gold_gain":0.0,"event_name":"NoteForYourself","player_choice":"Took Card","floor":20.0,"gold_loss":0.0,"damage_taken":0.0,"cards_obtained":["Strike_G"]},{"damage_healed":0.0,"max_hp_gain":0.0,"max_hp_loss":0.0,"gold_gain":0.0,"event_name":"The Mausoleum","player_choice":"Opened","floor":21.0,"gold_loss":0.0,"damage_taken":0.0,"relics_obtained":["Kunai"]},{"damage_healed":0.0,"max_hp_gain":0.0,"max_hp_loss":0.0,"gold_gain":0.0,"event_name":"N\u0027loth","player_choice":"Traded Relic","floor":25.0,"relics_lost":["Tiny House"],"gold_loss":0.0,"damage_taken":0.0,"relics_obtained":["Nloth\u0027s Gift"]}],"is_beta":false,"boss_relics":[{"not_picked":["Eternal Feather","Cursed Key"],"picked":"Tiny House"}],"items_purged_floors":[8,22],"is_endless":false,"potions_floor_spawned":[1,7,12,16,18,28],"killed_by":"Slavers","ascension_level":0}