{"gold_per_floor":[119,133,58,69,69,69,99,99,99,24,54,54,84,107,119,203,215,247,309,321,343,46,61,61,90,90,10,22,22,22,37,37,37],"floor_reached":33,"playtime":2950,"items_purged":["Strike_R","Strike_R"],"score":524,"play_id":"37d37486-d19c-4f54-9c56-1aad4a0e2b8c","local_time":"20190119153332","is_ascension_mode":true,"campfire_choices":[{"data":"Iron Wave","floor":6.0,"key":"SMITH"},{"data":"Thunderclap","floor":8.0,"key":"SMITH"},{"floor":12.0,"key":"REST"},{"data":"Fiend Fire","floor":15.0,"key":"SMITH"},{"data":"J.A.X.","floor":24,"key":"SMITH"},{"data":"Dual Wield","floor":32,"key":"SMITH"}],"neow_cost":"NONE","seed_source_timestamp":337651277077471,"circlet_count":0,"master_deck":["AscendersBane","Strike_R+1","Strike_R+1","Defend_R+1","Defend_R+1","Defend_R+1","Defend_R+1","Bash","Iron Wave+1","Sword Boomerang","Thunderclap+1","Shockwave","Fiend Fire+1","Reaper","True Grit","J.A.X.+1","Flex","Dual Wield+1","Feel No Pain","Exhume","Spot Weakness","Decay"],"special_seed":0,"relics":["Burning Blood","Bottled Lightning","Singing Bowl","Blood Vial","MawBank","Sozu","Ancient Tea Set","Art of War","Dodecahedron"],"potions_floor_usage":[],"damage_taken":[{"damage":4.0,"enemies":"2 Louse","floor":1.0,"turns":3.0},{"damage":7.0,"enemies":"Small Slimes","floor":2.0,"turns":3.0},{"damage":4.0,"enemies":"Jaw Worm","floor":4.0,"turns":4.0},{"damage":25.0,"enemies":"Gremlin Nob","floor":7.0,"turns":4.0},{"damage":49.0,"enemies":"3 Sentries","floor":11.0,"turns":11.0},{"damage":12.0,"enemies":"Gremlin Nob","floor":13.0,"turns":4.0},{"damage":2.0,"enemies":"2 Fungi Beasts","floor":14.0,"turns":4.0},{"damage":21.0,"enemies":"Hexaghost","floor":16.0,"turns":9.0},{"damage":0.0,"enemies":"Chosen","floor":18.0,"turns":3.0},{"damage":35,"enemies":"Shell Parasite","floor":21,"turns":6},{"damage":21,"enemies":"Snake Plant","floor":23,"turns":2},{"damage":37,"enemies":"Book of Stabbing","floor":25,"turns":5},{"damage":21,"enemies":"Centurion and Healer","floor":28,"turns":7},{"damage":42,"enemies":"3 Cultists","floor":31,"turns":5},{"damage":99,"enemies":"Collector","floor":33,"turns":7}],"seed_played":"6944815338568893262","potions_obtained":[{"floor":0.0,"key":"Weak Potion"},{"floor":0.0,"key":"LiquidBronze"},{"floor":1.0,"key":"PowerPotion"},{"floor":13.0,"key":"PowerPotion"}],"is_trial":false,"path_per_floor":["M","M","$","M","?","R","E","R","T","?","E","R","E","M","R","B",null,"M","?","?","M","$","M","R","E","T","$","M","?","?","M","R","B"],"character_chosen":"IRONCLAD","items_purchased":["Dual Wield","Ancient Tea Set","Exhume"],"campfire_rested":1,"item_purchase_floors":[22,22,27],"current_hp_per_floor":[70,69,69,71,76,76,57,57,57,57,14,38,36,44,44,31,71,79,79,79,61,61,50,50,21,21,21,20,20,20,45,45,0],"gold":37,"neow_bonus":"THREE_SMALL_POTIONS","is_prod":false,"is_daily":false,"chose_seed":false,"campfire_upgraded":5,"win_rate":0,"timestamp":1547908412,"path_taken":["M","M","$","M","?","R","E","R","T","?","E","R","E","M","R","BOSS","M","?","?","M","$","M","R","E","T","?","M","?","?","M","R","BOSS"],"build_version":"2019-01-17v2","purchased_purges":2,"victory":false,"max_hp_per_floor":[75,75,75,75,80,80,80,80,80,80,80,80,82,84,84,84,84,84,84,84,84,84,86,86,86,86,86,86,86,86,88,88,88],"card_choices":[{"not_picked":["Corruption","Cleave"],"picked":"Iron Wave","floor":1.0},{"not_picked":["Cleave","Feel No Pain"],"picked":"Sword Boomerang","floor":2.0},{"not_picked":["Shockwave","Intimidate"],"picked":"Thunderclap","floor":4.0},{"not_picked":["Clothesline","Sword Boomerang"],"picked":"Shockwave","floor":7.0},{"not_picked":["Clothesline","Anger"],"picked":"Fiend Fire","floor":11.0},{"not_picked":["Pommel Strike","Cleave","Rupture"],"picked":"Singing Bowl","floor":13.0},{"not_picked":["Pommel Strike","Cleave","Twin Strike"],"picked":"Singing Bowl","floor":14.0},{"not_picked":["Exhume","Double Tap"],"picked":"Reaper","floor":16.0},{"not_picked":["Havoc","Uppercut+1"],"picked":"True Grit","floor":18.0},{"not_picked":["Iron Wave+1","Sever Soul"],"picked":"Flex","floor":21},{"not_picked":["True Grit","Burning Pact","Perfected Strike"],"picked":"Singing Bowl","floor":23},{"not_picked":["Corruption+1","Twin Strike"],"picked":"Feel No Pain","floor":25},{"not_picked":["Iron Wave","Wild Strike"],"picked":"Spot Weakness","floor":28},{"not_picked":["True Grit","Wild Strike","Uppercut"],"picked":"Singing Bowl","floor":31}],"player_experience":965563,"relics_obtained":[{"floor":7.0,"key":"Bottled Lightning"},{"floor":9.0,"key":"Singing Bowl"},{"floor":11.0,"key":"Blood Vial"},{"floor":13.0,"key":"MawBank"},{"floor":25,"key":"Art of War"},{"floor":26,"key":"Dodecahedron"}],"event_choices":[{"damage_healed":0.0,"max_hp_gain":5.0,"max_hp_loss":0.0,"gold_gain":0.0,"event_name":"Big Fish","player_choice":"Donut","floor":5.0,"gold_loss":0.0,"damage_taken":0.0},{"cards_removed":["Strike_R"],"damage_healed":0.0,"max_hp_gain":0.0,"max_hp_loss":0.0,"gold_gain":0.0,"event_name":"The Cleric","player_choice":"Card Removal","floor":10.0,"gold_loss":75.0,"damage_taken":0.0},{"damage_healed":0.0,"max_hp_gain":0.0,"max_hp_loss":0.0,"gold_gain":50.0,"event_name":"Nest","player_choice":"Stole From Cult","floor":19.0,"gold_loss":0.0,"damage_taken":0.0},{"damage_healed":0,"gold_gain":0,"player_choice":"Obtain J.A.X.","damage_taken":0,"max_hp_gain":0,"max_hp_loss":0,"event_name":"Drug Dealer","floor":20,"gold_loss":0,"cards_obtained":["J.A.X."]},{"damage_healed":0,"gold_gain":0,"player_choice":"Smashed Altar","damage_taken":0,"max_hp_gain":0,"max_hp_loss":0,"event_name":"Forgotten Altar","floor":29,"gold_loss":0,"cards_obtained":["Decay"]},{"damage_healed":0,"gold_gain":0,"player_choice":"Simplicity","damage_taken":0,"max_hp_gain":0,"max_hp_loss":0,"event_name":"Back to Basics","floor":30,"gold_loss":0,"cards_upgraded":["Strike_R","Strike_R","Defend_R","Defend_R","Defend_R","Defend_R"]}],"is_beta":false,"boss_relics":[{"not_picked":["Pandora\u0027s Box","Eternal Feather"],"picked":"Sozu"}],"items_purged_floors":[3,22],"is_endless":false,"potions_floor_spawned":[1,4,13,14,18,31],"killed_by":"Collector","ascension_level":17}