{"gold_per_floor":[115,40,11,11,11,11,52,52,79,102,138,151,186,186,186,282,282,282,282,282,50,50,50,50,50,50,50,50,50,50,50,50,50,50,50,50,0,0,0,0,0,0,0,0,0,0,0,0,0,0],"floor_reached":50,"playtime":3580,"items_purged":[],"score":1402,"play_id":"ef0f15a3-9fce-4044-9e8c-2e1f3858580b","local_time":"20190126013644","is_ascension_mode":true,"campfire_choices":[{"data":"Neutralize","floor":6.0,"key":"SMITH"},{"data":"Dagger Spray","floor":15.0,"key":"SMITH"},{"data":"A Thousand Cuts","floor":23.0,"key":"SMITH"},{"data":"Footwork","floor":25.0,"key":"SMITH"},{"floor":32.0,"key":"REST"},{"data":"Cloak And Dagger","floor":40.0,"key":"SMITH"},{"data":"Crippling Poison","floor":47.0,"key":"SMITH"},{"data":"Well Laid Plans","floor":49,"key":"SMITH"}],"neow_cost":"NONE","seed_source_timestamp":297697892141201,"circlet_count":0,"master_deck":["AscendersBane","Defend_G+1","Defend_G+1","Defend_G+1","Defend_G+1","Defend_G+1","Strike_G+1","Strike_G+1","Strike_G+1","Strike_G+1","Survivor","Neutralize+1","Crippling Poison+1","Poisoned Stab","Backstab","Bouncing Flask","Dagger Spray+1","Footwork+1","Dodge and Roll","A Thousand Cuts+1","Cloak And Dagger+1","Well Laid Plans+1","Malaise","Backflip","Infinite Blades+1","Blade Dance+1","Malaise"],"special_seed":0,"relics":["Ring of the Snake","NeowsBlessing","Bloody Idol","Regal Pillow","Vajra","Mango","Incense Burner","Ectoplasm","Ninja Scroll","Ornamental Fan","Kunai","Tough Bandages","Busted Crown","Red Mask","FaceOfCleric","Toxic Egg 2","Blue Candle","Bird Faced Urn"],"potions_floor_usage":[50,50],"damage_taken":[{"damage":0.0,"enemies":"2 Louse","floor":1.0,"turns":1.0},{"damage":0.0,"enemies":"Lagavulin","floor":7.0,"turns":1.0},{"damage":0.0,"enemies":"Jaw Worm","floor":10.0,"turns":1.0},{"damage":15.0,"enemies":"3 Sentries","floor":11.0,"turns":11.0},{"damage":1.0,"enemies":"Small Slimes","floor":12.0,"turns":3.0},{"damage":23.0,"enemies":"Lagavulin","floor":13.0,"turns":5.0},{"damage":52.0,"enemies":"Slime Boss","floor":16.0,"turns":9.0},{"damage":0.0,"enemies":"3 Byrds","floor":18.0,"turns":8.0},{"damage":1.0,"enemies":"Shell Parasite","floor":22.0,"turns":6.0},{"damage":0.0,"enemies":"Gremlin Leader","floor":24.0,"turns":8.0},{"damage":12.0,"enemies":"Slavers","floor":27.0,"turns":5.0},{"damage":14.0,"enemies":"Sentry and Sphere","floor":28.0,"turns":4.0},{"damage":0.0,"enemies":"Gremlin Leader","floor":29.0,"turns":6.0},{"damage":15.0,"enemies":"Shelled Parasite and Fungi","floor":31.0,"turns":5.0},{"damage":5.0,"enemies":"Automaton","floor":33.0,"turns":13.0},{"damage":0.0,"enemies":"Orb Walker","floor":35.0,"turns":3.0},{"damage":7.0,"enemies":"3 Darklings","floor":36.0,"turns":4.0},{"damage":0.0,"enemies":"Transient","floor":41.0,"turns":6.0},{"damage":0.0,"enemies":"Giant Head","floor":42.0,"turns":9.0},{"damage":5.0,"enemies":"4 Shapes","floor":44.0,"turns":6.0},{"damage":0.0,"enemies":"Nemesis","floor":45.0,"turns":8.0},{"damage":0.0,"enemies":"3 Darklings","floor":46.0,"turns":3.0},{"damage":0,"enemies":"Sphere and 2 Shapes","floor":48,"turns":4},{"damage":85,"enemies":"Time Eater","floor":50,"turns":16}],"seed_played":"-5008900506955446978","potions_obtained":[{"floor":7.0,"key":"Strength Potion"},{"floor":10.0,"key":"Explosive Potion"},{"floor":13.0,"key":"FearPotion"},{"floor":22.0,"key":"AttackPotion"},{"floor":24.0,"key":"EntropicBrew"},{"floor":27.0,"key":"SkillPotion"},{"floor":33.0,"key":"Ancient Potion"},{"floor":44.0,"key":"Dexterity Potion"},{"floor":45.0,"key":"AttackPotion"},{"floor":48,"key":"PowerPotion"}],"is_trial":false,"path_per_floor":["M","?","$","?","$","R","E","$","T","M","E","M","E","?","R","B",null,"M","?","?","$","M","R","E","R","T","E","M","E","$","M","R","B",null,"M","M","?","$","?","R","M","E","T","M","E","M","R","M","R","B"],"character_chosen":"THE_SILENT","items_purchased":["Poisoned Stab","Well Laid Plans","Malaise"],"campfire_rested":1,"item_purchase_floors":[3,21,21],"current_hp_per_floor":[59,59,59,59,59,59,59,59,59,59,58,57,34,58,58,6,57,57,57,57,57,56,56,56,56,56,44,30,30,30,15,52,47,67,67,60,60,60,60,60,61,62,62,58,59,68,68,77,77,0],"gold":0,"neow_bonus":"THREE_ENEMY_KILL","is_prod":false,"is_daily":false,"chose_seed":false,"campfire_upgraded":7,"win_rate":0,"timestamp":1548463004,"path_taken":["M","?","$","?","$","R","E","?","T","M","E","?","E","?","R","BOSS","M","?","?","$","M","R","E","R","T","E","M","E","$","M","R","BOSS","M","M","?","$","?","R","M","E","T","M","E","M","R","M","R","BOSS"],"build_version":"2019-01-23","purchased_purges":0,"victory":false,"max_hp_per_floor":[66,66,66,60,60,60,60,60,60,60,74,74,74,74,74,74,74,74,74,74,74,74,74,74,74,74,74,74,74,74,74,74,74,74,74,74,74,74,74,74,75,76,76,77,78,79,79,80,80,80],"card_choices":[{"not_picked":["PiercingWail","Underhanded Strike"],"picked":"Crippling Poison","floor":1.0},{"not_picked":["Flying Knee","Bane"],"picked":"Backstab","floor":7.0},{"not_picked":["Sucker Punch","Endless Agony"],"picked":"Bouncing Flask","floor":10.0},{"not_picked":["Bullet Time","Quick Slash"],"picked":"Dagger Spray","floor":11.0},{"not_picked":["All Out Attack","Flying Knee"],"picked":"Footwork","floor":12.0},{"not_picked":["Deadly Poison","Setup"],"picked":"Dodge and Roll","floor":13.0},{"not_picked":["Unload","Malaise"],"picked":"A Thousand Cuts","floor":16.0},{"not_picked":["Acrobatics","Backstab+1"],"picked":"Cloak And Dagger","floor":18.0},{"not_picked":["Quick Slash","Dagger Throw","Distraction"],"picked":"SKIP","floor":22.0},{"not_picked":["Deflect","Blade Dance"],"picked":"Backflip","floor":24.0},{"not_picked":["Dagger Throw","Acrobatics","Dagger Spray"],"picked":"SKIP","floor":27.0},{"not_picked":["Flying Knee","Sucker Punch","Unload"],"picked":"SKIP","floor":28.0},{"not_picked":["Outmaneuver","Choke"],"picked":"Infinite Blades+1","floor":29.0},{"not_picked":["Finisher","Masterful Stab"],"picked":"Blade Dance+1","floor":31.0},{"not_picked":["Unload","Tools of the Trade"],"picked":"Malaise","floor":33.0},{"not_picked":["Blade Dance"],"picked":"SKIP","floor":35.0},{"not_picked":["Acrobatics"],"picked":"SKIP","floor":36.0},{"not_picked":["Dagger Throw"],"picked":"SKIP","floor":41.0},{"not_picked":["Poisoned Stab"],"picked":"SKIP","floor":42.0},{"not_picked":["Poisoned Stab"],"picked":"SKIP","floor":44.0},{"not_picked":["Bullet Time+1"],"picked":"SKIP","floor":45.0},{"not_picked":["Flying Knee"],"picked":"SKIP","floor":46.0},{"not_picked":["Flechettes"],"picked":"SKIP","floor":48}],"player_experience":1009145,"relics_obtained":[{"floor":7.0,"key":"Regal Pillow"},{"floor":9.0,"key":"Vajra"},{"floor":11.0,"key":"Mango"},{"floor":13.0,"key":"Incense Burner"},{"floor":24.0,"key":"Ninja Scroll"},{"floor":26.0,"key":"Ornamental Fan"},{"floor":27.0,"key":"Kunai"},{"floor":29.0,"key":"Tough Bandages"},{"floor":42.0,"key":"Toxic Egg 2"},{"floor":43.0,"key":"Blue Candle"},{"floor":45.0,"key":"Bird Faced Urn"}],"event_choices":[{"cards_removed":["Strike_G"],"damage_healed":0.0,"max_hp_gain":0.0,"max_hp_loss":0.0,"gold_gain":0.0,"event_name":"The Cleric","player_choice":"Card Removal","floor":2.0,"gold_loss":75.0,"damage_taken":0.0},{"damage_healed":0.0,"max_hp_gain":0.0,"max_hp_loss":6.0,"gold_gain":0.0,"event_name":"Golden Idol","player_choice":"Lose Max HP","floor":4.0,"gold_loss":0.0,"damage_taken":0.0,"relics_obtained":["Golden Idol"]},{"damage_healed":24.0,"max_hp_gain":0.0,"max_hp_loss":0.0,"gold_gain":0.0,"event_name":"Big Fish","player_choice":"Banana","floor":14.0,"gold_loss":0.0,"damage_taken":0.0},{"damage_healed":0.0,"max_hp_gain":0.0,"max_hp_loss":0.0,"gold_gain":0.0,"event_name":"Back to Basics","player_choice":"Simplicity","floor":19.0,"gold_loss":0.0,"damage_taken":0.0,"cards_upgraded":["Defend_G","Defend_G","Defend_G","Defend_G","Defend_G","Strike_G","Strike_G","Strike_G","Strike_G"]},{"damage_healed":0.0,"max_hp_gain":0.0,"max_hp_loss":0.0,"gold_gain":0.0,"event_name":"Forgotten Altar","player_choice":"Gave Idol","floor":20.0,"relics_lost":["Golden Idol"],"gold_loss":0.0,"damage_taken":0.0,"relics_obtained":["Bloody Idol"]},{"damage_healed":0.0,"max_hp_gain":0.0,"max_hp_loss":0.0,"gold_gain":0.0,"event_name":"Tomb of Lord Red Mask","player_choice":"Paid","floor":37.0,"gold_loss":50.0,"damage_taken":0.0,"relics_obtained":["Red Mask"]},{"damage_healed":0.0,"max_hp_gain":0.0,"max_hp_loss":0.0,"gold_gain":0.0,"event_name":"FaceTrader","player_choice":"Trade","floor":39.0,"gold_loss":0.0,"damage_taken":0.0,"relics_obtained":["FaceOfCleric"]}],"is_beta":false,"boss_relics":[{"not_picked":["Black Star","Tiny House"],"picked":"Ectoplasm"},{"not_picked":["Philosopher\u0027s Stone","Runic Dome"],"picked":"Busted Crown"}],"items_purged_floors":[],"is_endless":false,"potions_floor_spawned":[7,10,13,22,24,27,33,35,44,45,48],"killed_by":"Time Eater","ascension_level":20}