{"gold_per_floor":[112,112,125,75,0,40,115,138,165,186,186,205,223,236,236,366,366,390,1,1,15,15,15,15,28,55,55,72,72,99,109,109,206,206,226,242,242,261,274,274,274,306,331,331,331,10,10],"floor_reached":47,"playtime":2840,"items_purged":["Defend_G"],"score":552,"play_id":"8e0f6772-8ece-4f84-9a43-108bd7fb88c8","local_time":"20190126235714","is_ascension_mode":false,"campfire_choices":[{"data":"Distraction","floor":11.0,"key":"SMITH"},{"data":"Neutralize","floor":15.0,"key":"SMITH"},{"data":"Discovery","floor":23.0,"key":"SMITH"},{"data":"Skewer","floor":27.0,"key":"SMITH"},{"data":"Distraction","floor":29.0,"key":"SMITH"},{"floor":32.0,"key":"REST"},{"data":"Metamorphosis","floor":40,"key":"SMITH"}],"neow_cost":"NONE","seed_source_timestamp":11303788409151,"circlet_count":0,"master_deck":["Defend_G","Defend_G","Defend_G","Defend_G","Strike_G","Strike_G","Strike_G","Survivor","Neutralize+1","PiercingWail","Dash","Backflip","Skewer+1","Distraction+1","Cloak And Dagger","Malaise","Backflip","Footwork+1","Discovery+1","Writhe","Accuracy+1","Necronomicurse","Distraction","Distraction+1","Grand Finale","Deflect+1","Night Terror","Distraction+1","Outmaneuver+1","Good Instincts","Jack Of All Trades","Metamorphosis+1","Parasite","Cloak And Dagger+1","Flying Knee+1","Calculated Gamble+1","Parasite","Madness","Madness","Metamorphosis"],"special_seed":0,"relics":["Ring of the Snake","NeowsBlessing","Bloody Idol","Bronze Scales","Oddly Smooth Stone","Runic Dome","Frozen Egg 2","Ornamental Fan","Necronomicon","Potion Belt","Anchor","Cursed Key","Regal Pillow","Strawberry","Vajra"],"potions_floor_usage":[42],"damage_taken":[{"damage":0.0,"enemies":"Jaw Worm","floor":1.0,"turns":1.0},{"damage":0.0,"enemies":"Small Slimes","floor":3.0,"turns":1.0},{"damage":0.0,"enemies":"3 Sentries","floor":6.0,"turns":2.0},{"damage":0.0,"enemies":"2 Louse","floor":8.0,"turns":2.0},{"damage":0.0,"enemies":"2 Fungi Beasts","floor":10.0,"turns":4.0},{"damage":1.0,"enemies":"Looter","floor":12.0,"turns":3.0},{"damage":2.0,"enemies":"Large Slime","floor":13.0,"turns":8.0},{"damage":0.0,"enemies":"2 Fungi Beasts","floor":14.0,"turns":3.0},{"damage":18.0,"enemies":"Hexaghost","floor":16.0,"turns":9.0},{"damage":4.0,"enemies":"3 Byrds","floor":18.0,"turns":5.0},{"damage":0.0,"enemies":"2 Thieves","floor":21.0,"turns":4.0},{"damage":1.0,"enemies":"3 Cultists","floor":25.0,"turns":6.0},{"damage":15.0,"enemies":"Snake Plant","floor":28.0,"turns":3.0},{"damage":8.0,"enemies":"Book of Stabbing","floor":30.0,"turns":5.0},{"damage":17.0,"enemies":"Centurion and Healer","floor":31.0,"turns":9.0},{"damage":6.0,"enemies":"Automaton","floor":33.0,"turns":9.0},{"damage":1.0,"enemies":"Orb Walker","floor":35.0,"turns":4.0},{"damage":16.0,"enemies":"3 Darklings","floor":36.0,"turns":6.0},{"damage":0,"enemies":"Writhing Mass","floor":38,"turns":10},{"damage":18,"enemies":"Jaw Worm Horde","floor":39,"turns":7},{"damage":1,"enemies":"Nemesis","floor":42,"turns":9},{"damage":43,"enemies":"Giant Head","floor":47,"turns":7}],"seed_played":"-4240014749176904940","potions_obtained":[{"floor":6.0,"key":"FearPotion"},{"floor":8.0,"key":"Weak Potion"},{"floor":12.0,"key":"SneckoOil"},{"floor":13.0,"key":"Poison Potion"},{"floor":16.0,"key":"SpeedPotion"},{"floor":21.0,"key":"Block Potion"},{"floor":25.0,"key":"Ancient Potion"},{"floor":28.0,"key":"Strength Potion"},{"floor":31.0,"key":"Block Potion"},{"floor":33.0,"key":"Swift Potion"},{"floor":36.0,"key":"Explosive Potion"},{"floor":38,"key":"SkillPotion"},{"floor":39,"key":"Dexterity Potion"},{"floor":42,"key":"LiquidBronze"}],"is_trial":false,"path_per_floor":["M","?","M","?","$","E","?","M","T","M","R","M","M","M","R","B",null,"M","$","?","M","?","R","?","M","T","R","M","R","E","M","R","B",null,"M","M","?","M","M","R","?","E","T","?","?","$","E"],"character_chosen":"THE_SILENT","items_purchased":["Frozen Egg 2","Footwork+1","Discovery","Metamorphosis","Vajra"],"campfire_rested":1,"item_purchase_floors":[19,19,19,46,46],"current_hp_per_floor":[70,65,65,65,65,65,54,54,54,54,54,53,51,51,51,33,65,61,61,61,61,45,45,45,49,54,54,44,44,41,29,48,47,65,65,54,44,49,36,36,36,40,52,52,43,43,0],"gold":10,"neow_bonus":"THREE_ENEMY_KILL","is_prod":false,"is_daily":false,"chose_seed":false,"campfire_upgraded":6,"win_rate":0,"timestamp":1548568634,"path_taken":["M","?","M","?","$","E","?","M","T","?","R","M","M","M","R","BOSS","M","$","?","M","?","R","?","M","T","R","M","R","E","M","R","BOSS","M","M","?","M","M","R","?","E","T","?","?","$","E"],"build_version":"2019-01-23","purchased_purges":1,"victory":false,"max_hp_per_floor":[70,65,65,65,65,65,65,65,65,65,65,65,65,65,65,65,65,65,65,65,65,65,65,65,65,65,65,65,65,65,65,65,65,65,65,65,65,65,65,65,65,65,72,72,72,72,72],"card_choices":[{"not_picked":["Quick Slash","Dagger Throw"],"picked":"PiercingWail","floor":1.0},{"not_picked":["Prepared","Choke"],"picked":"Dash","floor":3.0},{"not_picked":["Dagger Spray","Endless Agony"],"picked":"Backflip","floor":6.0},{"not_picked":["Concentrate","Prepared"],"picked":"Skewer","floor":8.0},{"not_picked":["Endless Agony","Dash"],"picked":"Distraction","floor":10.0},{"not_picked":["Dagger Spray","Blade Dance","Reflex"],"picked":"SKIP","floor":12.0},{"not_picked":["Deflect","Choke"],"picked":"Cloak And Dagger","floor":13.0},{"not_picked":["Tactician","Dagger Throw","Underhanded Strike"],"picked":"SKIP","floor":14.0},{"not_picked":["Unload","Venomology"],"picked":"Malaise","floor":16.0},{"not_picked":["Cloak And Dagger","Bane"],"picked":"Backflip","floor":18.0},{"not_picked":["Dash","Masterful Stab"],"picked":"Accuracy+1","floor":21.0},{"not_picked":["Dagger Spray","Calculated Gamble"],"picked":"Distraction","floor":25.0},{"not_picked":["Cloak And Dagger","Quick Slash"],"picked":"Distraction","floor":28.0},{"not_picked":["Expertise+1","Dodge and Roll"],"picked":"Grand Finale","floor":30.0},{"not_picked":["Dagger Spray","Bane"],"picked":"Deflect+1","floor":31.0},{"not_picked":["Malaise","Venomology"],"picked":"Night Terror","floor":33.0},{"not_picked":["Acrobatics","Blade Dance"],"picked":"Distraction+1","floor":35.0},{"not_picked":["Leg Sweep","Poisoned Stab"],"picked":"Outmaneuver+1","floor":36.0},{"not_picked":["Finesse","Panacea"],"picked":"Good Instincts","floor":37},{"not_picked":["PanicButton","Blind"],"picked":"Jack Of All Trades","floor":37},{"not_picked":["The Bomb","Flash of Steel"],"picked":"Metamorphosis","floor":37},{"not_picked":["Prepared","Expertise+1"],"picked":"Cloak And Dagger+1","floor":38},{"not_picked":["Dagger Spray+1","Deflect"],"picked":"Flying Knee+1","floor":39},{"not_picked":["Quick Slash","Slice"],"picked":"Calculated Gamble+1","floor":42}],"player_experience":653540,"relics_obtained":[{"floor":6.0,"key":"Bronze Scales"},{"floor":9.0,"key":"Oddly Smooth Stone"},{"floor":22.0,"key":"Necronomicon"},{"floor":26.0,"key":"Potion Belt"},{"floor":30.0,"key":"Anchor"},{"floor":42,"key":"Regal Pillow"},{"floor":43,"key":"Strawberry"}],"event_choices":[{"damage_healed":0.0,"max_hp_gain":0.0,"max_hp_loss":5.0,"gold_gain":0.0,"event_name":"Golden Idol","player_choice":"Lose Max HP","floor":2.0,"gold_loss":0.0,"damage_taken":0.0,"relics_obtained":["Golden Idol"]},{"cards_removed":["Strike_G"],"damage_healed":0.0,"max_hp_gain":0.0,"max_hp_loss":0.0,"gold_gain":0.0,"event_name":"The Cleric","player_choice":"Card Removal","floor":4.0,"gold_loss":50.0,"damage_taken":0.0},{"damage_healed":0.0,"max_hp_gain":0.0,"max_hp_loss":0.0,"gold_gain":75.0,"event_name":"World of Goop","player_choice":"Gather Gold","floor":7.0,"gold_loss":0.0,"damage_taken":11.0},{"damage_healed":0.0,"max_hp_gain":0.0,"max_hp_loss":0.0,"gold_gain":0.0,"event_name":"The Mausoleum","player_choice":"Opened","floor":20.0,"gold_loss":0.0,"damage_taken":0.0,"relics_obtained":["Ornamental Fan"],"cards_obtained":["Writhe"]},{"damage_healed":0.0,"max_hp_gain":0.0,"max_hp_loss":0.0,"gold_gain":0.0,"event_name":"Cursed Tome","player_choice":"Obtained Book","floor":22.0,"gold_loss":0.0,"damage_taken":16.0},{"damage_healed":0.0,"max_hp_gain":0.0,"max_hp_loss":0.0,"gold_gain":0.0,"event_name":"Forgotten Altar","player_choice":"Gave Idol","floor":24.0,"relics_lost":["Golden Idol"],"gold_loss":0.0,"damage_taken":0.0,"relics_obtained":["Bloody Idol"]},{"damage_healed":0,"gold_gain":0,"player_choice":"Memory 3","damage_taken":10,"max_hp_gain":0,"max_hp_loss":0,"event_name":"SensoryStone","floor":37,"gold_loss":0},{"damage_healed":0,"gold_gain":0,"player_choice":"Ignored","damage_taken":0,"max_hp_gain":0,"max_hp_loss":0,"event_name":"Tomb of Lord Red Mask","floor":41,"gold_loss":0},{"cards_removed":["Strike_G"],"damage_healed":0,"gold_gain":0,"player_choice":"Removed Attack","damage_taken":0,"max_hp_gain":0,"max_hp_loss":0,"event_name":"Falling","floor":44,"gold_loss":0},{"damage_healed":0,"gold_gain":0,"player_choice":"Embrace Madness","damage_taken":9,"max_hp_gain":0,"max_hp_loss":0,"event_name":"Winding Halls","floor":45,"gold_loss":0,"cards_obtained":["Madness","Madness"]}],"is_beta":false,"boss_relics":[{"not_picked":["Eternal Feather","HoveringKite"],"picked":"Runic Dome"},{"not_picked":["Lizard Tail","Ring of the Serpent"],"picked":"Cursed Key"}],"items_purged_floors":[5],"is_endless":false,"potions_floor_spawned":[6,8,12,13,16,21,25,28,31,33,36,38,39,42],"killed_by":"Giant Head","ascension_level":0}