{"gold_per_floor":[116,116,133,133,145,145,170,20,70,70,70,87,119,134,134,230,230,248,263,278,102,113,113,113,113,113,146,146,177,22,121,121,121],"floor_reached":33,"playtime":1933,"items_purged":[],"score":308,"play_id":"3d0b99db-36a5-43fd-964e-a05b45666a85","local_time":"20190126091136","is_ascension_mode":true,"campfire_choices":[{"floor":6,"key":"RECALL"},{"floor":10,"key":"REST"},{"floor":15,"key":"REST"},{"floor":23,"key":"REST"},{"data":"Hello World","floor":25,"key":"SMITH"},{"floor":28,"key":"REST"},{"floor":32,"key":"REST"}],"neow_cost":"NONE","seed_source_timestamp":1439158021876923,"circlet_count":0,"master_deck":["Strike_B","Strike_B","Strike_B","Strike_B","Defend_B","Defend_B","Defend_B","Zap","Dualcast","Cold Snap+1","Ball Lightning","Reinforced Body","White Noise","Sweeping Beam","Stack","Ball Lightning","Electrodynamics","White Noise+1","Loop","Gash","Hologram","Hello World+1","Defragment+1","Melter"],"relics":["Cracked Core","Happy Flower","Bag of Preparation","Ginger","Black Star","Tiny Chest","WingedGreaves","Prayer Wheel","Centennial Puzzle","Nunchaku","Pen Nib","Lantern"],"potions_floor_usage":[7,16,20,20,20,33],"damage_taken":[{"damage":2,"enemies":"Small Slimes","floor":1,"turns":4},{"damage":0,"enemies":"Cultist","floor":3,"turns":2},{"damage":5,"enemies":"2 Louse","floor":5,"turns":2},{"damage":9,"enemies":"Lagavulin","floor":7,"turns":6},{"damage":1,"enemies":"Looter","floor":12,"turns":4},{"damage":11,"enemies":"Gremlin Nob","floor":13,"turns":4},{"damage":4,"enemies":"3 Louse","floor":14,"turns":2},{"damage":15,"enemies":"Slime Boss","floor":16,"turns":8},{"damage":0,"enemies":"Chosen","floor":18,"turns":4},{"damage":10,"enemies":"3 Byrds","floor":19,"turns":2},{"damage":12,"enemies":"Centurion and Healer","floor":20,"turns":4},{"damage":3,"enemies":"Snecko","floor":22,"turns":4},{"damage":51,"enemies":"Slavers","floor":27,"turns":4},{"damage":43,"enemies":"Gremlin Leader","floor":29,"turns":6},{"damage":42,"enemies":"Champ","floor":33,"turns":10}],"seed_played":"-6802955457575417033","potions_obtained":[{"floor":5,"key":"Block Potion"},{"floor":12,"key":"Swift Potion"},{"floor":13,"key":"Swift Potion"},{"floor":16,"key":"SteroidPotion"},{"floor":18,"key":"Energy Potion"},{"floor":19,"key":"Fire Potion"},{"floor":29,"key":"SkillPotion"}],"is_trial":false,"path_per_floor":["M","?","M","?","M","R","E","$","T","R","?","M","E","M","R","B",null,"M","M","M","$","M","R","?","R","T","E","R","E","$","?","R","B"],"character_chosen":"DEFECT","items_purchased":["Bag of Preparation","Tiny Chest","Hologram","Lantern"],"campfire_rested":5,"item_purchase_floors":[8,21,21,30],"current_hp_per_floor":[80,80,80,80,75,75,66,66,66,82,82,81,70,66,82,67,82,82,72,60,60,57,81,81,81,81,30,54,11,11,11,35,0],"gold":121,"neow_bonus":"TEN_PERCENT_HP_BONUS","is_prod":false,"is_daily":false,"chose_seed":false,"campfire_upgraded":1,"win_rate":0,"timestamp":1548501096,"path_taken":["M","?","M","?","M","R","E","$","T","R","?","M","E","M","R","BOSS","M","?","M","?","M","R","?","R","T","E","R","E","$","?","R","BOSS"],"build_version":"2019-01-23","purchased_purges":0,"victory":false,"max_hp_per_floor":[82,82,82,82,82,82,82,82,82,82,82,82,82,82,82,82,82,82,82,82,82,82,82,82,82,82,82,82,82,82,82,82,82],"card_choices":[{"not_picked":["Glacier","Rebound"],"picked":"Cold Snap","floor":1},{"not_picked":["Redo","Storm"],"picked":"Ball Lightning","floor":3},{"not_picked":["Chill","Cold Snap"],"picked":"Reinforced Body","floor":5},{"not_picked":["Reinforced Body","Streamline"],"picked":"White Noise","floor":7},{"not_picked":["Compile Driver","Chaos"],"picked":"Sweeping Beam","floor":12},{"not_picked":["Steam","Recycle"],"picked":"Stack","floor":13},{"not_picked":["Turbo","Compile Driver"],"picked":"Ball Lightning","floor":14},{"not_picked":["Machine Learning","Hyperbeam"],"picked":"Electrodynamics","floor":16},{"not_picked":["Auto Shields","Reinforced Body+1"],"picked":"White Noise+1","floor":18},{"not_picked":["Steam","Capacitor"],"picked":"Loop","floor":19},{"not_picked":["Genetic Algorithm","Heatsinks+1"],"picked":"Gash","floor":20},{"not_picked":["Chaos","Sweeping Beam+1"],"picked":"Hello World","floor":22},{"not_picked":["Gash","Doom and Gloom"],"picked":"Defragment+1","floor":27},{"not_picked":["Cold Snap","Scrape"],"picked":"Melter","floor":29}],"player_experience":54931,"relics_obtained":[{"floor":7,"key":"Happy Flower"},{"floor":13,"key":"Ginger"},{"floor":26,"key":"WingedGreaves"},{"floor":27,"key":"Prayer Wheel"},{"floor":27,"key":"Centennial Puzzle"},{"floor":29,"key":"Nunchaku"},{"floor":29,"key":"Pen Nib"}],"event_choices":[{"damage_healed":0,"gold_gain":0,"player_choice":"Grow","damage_taken":0,"max_hp_gain":0,"max_hp_loss":0,"event_name":"Living Wall","floor":2,"gold_loss":0,"cards_upgraded":["Cold Snap"]},{"damage_healed":0,"gold_gain":0,"player_choice":"Leave","damage_taken":0,"max_hp_gain":0,"max_hp_loss":0,"event_name":"The Cleric","floor":4,"gold_loss":0},{"cards_removed":["Defend_B"],"damage_healed":0,"gold_gain":0,"player_choice":"Offered Basic","damage_taken":0,"max_hp_gain":0,"max_hp_loss":0,"event_name":"Bonfire Elementals","floor":11,"gold_loss":0},{"damage_healed":0,"gold_gain":0,"player_choice":"Ignored","damage_taken":0,"max_hp_gain":0,"max_hp_loss":0,"event_name":"Ghosts","floor":24,"gold_loss":0},{"damage_healed":0,"gold_gain":99,"player_choice":"Stole From Cult","damage_taken":0,"max_hp_gain":0,"max_hp_loss":0,"event_name":"Nest","floor":31,"gold_loss":0}],"is_beta":false,"boss_relics":[{"not_picked":["Pandora\u0027s Box","Coffee Dripper"],"picked":"Black Star"}],"items_purged_floors":[],"is_endless":false,"potions_floor_spawned":[5,12,13,16,18,19,29],"killed_by":"Champ","ascension_level":1}