{"gold_per_floor":[112,112,127,138,156,156,170,186,186,218,232,232,246,94,94,193,243,255,0,0,10,20,20,20],"floor_reached":24,"playtime":15117,"items_purged":[],"score":253,"play_id":"e61a9ceb-468c-488b-a003-413b4dd32118","local_time":"20190203184640","is_ascension_mode":true,"campfire_choices":[{"floor":6,"key":"REST"},{"floor":15,"key":"REST"},{"floor":23,"key":"REST"}],"neow_cost":"NONE","seed_source_timestamp":311030808718944,"circlet_count":0,"master_deck":["Strike_B","Strike_B","Strike_B","Defend_B","Defend_B+1","Defend_B+1","Zap","Dualcast","Hologram","Beam Cell","Fusion+1","Compile Driver","Redo","Static Discharge","White Noise","Gash","Reinforced Body+1","Self Repair","Self Repair","Core Surge","Leap+1","Darkness+1","Cold Snap","Cold Snap","Gash+1","Loop+1"],"relics":["Cracked Core","Toxic Egg 2","Vajra","War Paint","Tiny House","ClockworkSouvenir"],"potions_floor_usage":[7,10,16,16,21,22,22,22],"damage_taken":[{"damage":1,"enemies":"Small Slimes","floor":1,"turns":4},{"damage":11,"enemies":"2 Louse","floor":3,"turns":3},{"damage":1,"enemies":"Cultist","floor":4,"turns":4},{"damage":6,"enemies":"Looter","floor":5,"turns":2},{"damage":0,"enemies":"3 Louse","floor":7,"turns":3},{"damage":0,"enemies":"Lots of Slimes","floor":8,"turns":1},{"damage":40,"enemies":"3 Sentries","floor":10,"turns":6},{"damage":13,"enemies":"Blue Slaver","floor":11,"turns":3},{"damage":0,"enemies":"Exordium Wildlife","floor":13,"turns":5},{"damage":52,"enemies":"The Guardian","floor":16,"turns":9},{"damage":41,"enemies":"2 Thieves","floor":18,"turns":5},{"damage":5,"enemies":"Shell Parasite","floor":21,"turns":6},{"damage":10,"enemies":"3 Cultists","floor":22,"turns":5},{"damage":40,"enemies":"Gremlin Leader","floor":24,"turns":3}],"seed_played":"5324323303422206538","potions_obtained":[{"floor":4,"key":"FocusPotion"},{"floor":5,"key":"AttackPotion"},{"floor":7,"key":"Strength Potion"},{"floor":13,"key":"Energy Potion"},{"floor":16,"key":"Energy Potion"},{"floor":17,"key":"SkillPotion"},{"floor":18,"key":"FearPotion"},{"floor":21,"key":"SteroidPotion"}],"is_trial":false,"path_per_floor":["M","?","M","M","M","R","M","M","T","E","M","?","M","$","R","B",null,"M","$","?","M","M","R","E"],"character_chosen":"DEFECT","items_purchased":["War Paint","ClockworkSouvenir","Cold Snap"],"campfire_rested":3,"item_purchase_floors":[14,19,19],"current_hp_per_floor":[74,74,63,62,56,75,75,75,75,35,22,27,34,34,58,6,67,40,40,40,49,53,78,38],"gold":20,"neow_bonus":"TRANSFORM_CARD","is_prod":false,"is_daily":false,"chose_seed":false,"campfire_upgraded":0,"win_rate":0,"timestamp":1549226800,"path_taken":["M","?","M","M","M","R","M","M","T","E","M","?","M","$","R","BOSS","M","$","?","M","?","R","E"],"build_version":"2019-01-23","purchased_purges":0,"victory":false,"max_hp_per_floor":[75,75,75,75,75,75,75,75,75,75,75,80,80,80,80,80,85,85,85,85,85,85,85,85],"card_choices":[{"not_picked":["Turbo","Scrape"],"picked":"Beam Cell","floor":1},{"not_picked":["Undo","Chill"],"picked":"Compile Driver","floor":3},{"not_picked":["Coolheaded","Amplify"],"picked":"Redo","floor":4},{"not_picked":["Glacier","Leap"],"picked":"Static Discharge","floor":5},{"not_picked":["Steam Power","Steam"],"picked":"White Noise","floor":7},{"not_picked":["Leap","Reinforced Body"],"picked":"Gash","floor":8},{"not_picked":["Beam Cell","Steam Power+1"],"picked":"Reinforced Body+1","floor":10},{"not_picked":["Coolheaded+1","Genetic Algorithm+1"],"picked":"Self Repair","floor":11},{"not_picked":["Rebound","Compile Driver"],"picked":"Self Repair","floor":13},{"not_picked":["Reboot+1","Meteor Strike"],"picked":"Core Surge","floor":16},{"not_picked":["Steam+1","Fusion+1"],"picked":"Leap+1","floor":17},{"not_picked":["Capacitor","Skim+1"],"picked":"Darkness+1","floor":18},{"not_picked":["Turbo+1","Streamline+1"],"picked":"Gash+1","floor":21},{"not_picked":["Recycle+1","Barrage"],"picked":"Loop+1","floor":22}],"player_experience":107464,"relics_obtained":[{"floor":9,"key":"Toxic Egg 2"},{"floor":10,"key":"Vajra"}],"event_choices":[{"damage_healed":0,"gold_gain":0,"cards_transformed":["Defend_B"],"player_choice":"Change","damage_taken":0,"max_hp_gain":0,"max_hp_loss":0,"event_name":"Living Wall","floor":2,"gold_loss":0,"cards_obtained":["Fusion"]},{"damage_healed":0,"gold_gain":0,"player_choice":"Donut","damage_taken":0,"max_hp_gain":5,"max_hp_loss":0,"event_name":"Big Fish","floor":12,"gold_loss":0},{"damage_healed":0,"gold_gain":0,"player_choice":"Copied","damage_taken":0,"max_hp_gain":0,"max_hp_loss":0,"event_name":"Duplicator","floor":20,"gold_loss":0,"cards_obtained":["Cold Snap"]}],"is_beta":false,"boss_relics":[{"not_picked":["Empty Cage","Calling Bell"],"picked":"Tiny House"}],"items_purged_floors":[],"is_endless":false,"potions_floor_spawned":[4,5,7,13,16,18,21],"killed_by":"Gremlin Leader","ascension_level":5}