{"path_per_floor":["M","?","?","$","M","R","M","M","T","$","M","$","T","M","R","B",null,"M","?","?","?","M","R","?"],"character_chosen":"THE_SILENT","items_purchased":["Backflip"],"gold_per_floor":[114,114,114,13,28,28,43,58,133,33,48,48,98,113,113,213,213,198,198,113,113,128,128,128],"floor_reached":25,"campfire_rested":2,"playtime":3731,"current_hp_per_floor":[67,67,67,67,66,66,66,60,60,60,60,60,60,46,67,14,14,12,35,35,35,7,28,28],"items_purged":["Strike_G","Defend_G"],"gold":128,"score":191,"play_id":"89ae0532-1a16-4940-aea3-945f69071431","local_time":"20180303141346","daily_mods":[{"name":"All Star","description":"Start with 2 colorless cards.","modID":"Allstar","img":{"data":{"file":{"file":{"path":"images\\ui\\run_mods\\all_star.png"},"type":"Internal"},"width":64,"height":64,"format":"RGBA8888","useMipMaps":false,"isPrepared":false},"glTarget":3553,"glHandle":684,"minFilter":"Linear","magFilter":"Linear","uWrap":"ClampToEdge","vWrap":"ClampToEdge"},"positive":true},{"name":"Lethal Enemies","description":"All enemies start with +3 Strength.","modID":"Lethal Enemies","img":{"data":{"file":{"file":{"path":"images\\ui\\run_mods\\lethal_enemies.png"},"type":"Internal"},"width":64,"height":64,"format":"RGBA8888","useMipMaps":false,"isPrepared":false},"glTarget":3553,"glHandle":675,"minFilter":"Linear","magFilter":"Linear","uWrap":"ClampToEdge","vWrap":"ClampToEdge"},"positive":false},{"name":"Elite Swarm","description":"Elite enemies are swarming the Spire.","modID":"Elite Swarm","img":{"data":{"file":{"file":{"path":"images\\ui\\run_mods\\elite_swarm.png"},"type":"Internal"},"width":64,"height":64,"format":"RGBA8888","useMipMaps":false,"isPrepared":false},"glTarget":3553,"glHandle":674,"minFilter":"Linear","magFilter":"Linear","uWrap":"ClampToEdge","vWrap":"ClampToEdge"},"positive":false},{"name":"Restless Journey","description":"You no longer heal when entering new acts.","modID":"Restless Journey","img":{"data":{"file":{"file":{"path":"images\\ui\\run_mods\\restless_journey.png"},"type":"Internal"},"width":64,"height":64,"format":"RGBA8888","useMipMaps":false,"isPrepared":false},"glTarget":3553,"glHandle":676,"minFilter":"Linear","magFilter":"Linear","uWrap":"ClampToEdge","vWrap":"ClampToEdge"},"positive":false}],"is_prod":false,"is_daily":true,"is_ascension_mode":false,"campfire_upgraded":1,"timestamp":1520086426,"path_taken":["M","?","?","$","?","R","M","M","T","$","M","?","?","M","R","BOSS","M","?","?","?","M","R","?","E"],"build_version":"2018-03-01-PROD1","purchased_purges":2,"victory":false,"master_deck":["Defend_G","Defend_G","Defend_G","Defend_G","Strike_G","Strike_G","Strike_G","Survivor","Neutralize","Dark Shackles","Purity","Flechettes+1","Backflip","PiercingWail","Backflip","Well Laid Plans","Distraction","Setup","Bullet Time","Reflex+1","Blur+1"],"max_hp_per_floor":[70,70,70,70,70,70,70,70,70,70,70,70,70,70,70,70,70,70,70,70,70,70,70,70],"relics":["Ring of the Snake","Molten Egg 2","Juzu Bracelet","Question Card","Toolbox"],"card_choices":[{"not_picked":["Sucker Punch","Choke"],"picked":"Flechettes"},{"not_picked":["Slice","Outmaneuver"],"picked":"PiercingWail"},{"not_picked":["Cloak And Dagger","Deflect"],"picked":"Backflip"},{"not_picked":["Caltrops","Dagger Throw"],"picked":"Well Laid Plans"},{"not_picked":["Masterful Stab","Backflip"],"picked":"Distraction"},{"not_picked":["Leg Sweep","Deflect"],"picked":"Setup"},{"not_picked":["A Thousand Cuts","Envenom"],"picked":"Bullet Time"},{"not_picked":["Backflip","Deadly Poison","Choke"],"picked":"Reflex"},{"not_picked":["Backflip","Slice","Dodge and Roll"],"picked":"Blur"}],"player_experience":105863,"potions_floor_usage":[8,11,16,16,18],"damage_taken":[{"damage":3,"enemies":"Small Slimes","floor":1,"turns":4},{"damage":1,"enemies":"Cultist","floor":5,"turns":3},{"damage":0,"enemies":"2 Louse","floor":7,"turns":3},{"damage":6,"enemies":"Gremlin Gang","floor":8,"turns":4},{"damage":0,"enemies":"3 Louse","floor":11,"turns":4},{"damage":14,"enemies":"Lots of Slimes","floor":14,"turns":8},{"damage":53,"enemies":"Hexaghost","floor":16,"turns":15},{"damage":2,"enemies":"2 Thieves","floor":18,"turns":4},{"damage":28,"enemies":"Shell Parasite","floor":22,"turns":13},{"damage":29,"enemies":"Gremlin Leader","floor":25,"turns":9}],"event_choices":[{"event_name":"The Lab","player_choice":"Got Potions","floor":2,"damage_taken":0},{"event_name":"Purifier","player_choice":"One Purge","floor":3,"damage_taken":0},{"event_name":"The Library","player_choice":"Heal","floor":19,"damage_taken":0},{"event_name":"Addict","player_choice":"Obtained Relic","floor":20,"damage_taken":0},{"event_name":"Cursed Tome","player_choice":"Ignored","floor":21,"damage_taken":0},{"event_name":"Vampires","player_choice":"Ignored","floor":24,"damage_taken":0}],"boss_relics":[{"not_picked":["Runic Pyramid","The Specimen"],"picked":"Question Card"}],"potions_floor_spawned":[5,8,16],"seed_played":"7095695899989429765","killed_by":"Gremlin Leader","ascension_level":0,"is_trial":false}