{"gold_per_floor":[112,131,149,13,32,32,65,79,79,79,104,29,29,62,62,137,137,155,227,246,246,446,446,458,458],"floor_reached":25,"playtime":1459,"items_purged":["Strike_B"],"score":401,"play_id":"0021ec4b-6bbe-43f1-8fa5-6db8a63b7643","local_time":"20190125140854","is_ascension_mode":true,"campfire_choices":[{"data":"Streamline","floor":6.0,"key":"SMITH"},{"data":"Zap","floor":10.0,"key":"SMITH"},{"floor":15.0,"key":"REST"},{"data":"Multi-Cast","floor":23.0,"key":"SMITH"}],"neow_cost":"NONE","seed_source_timestamp":258851534270353,"circlet_count":0,"master_deck":["AscendersBane","Strike_B+1","Defend_B","Defend_B","Defend_B","Defend_B","Zap+1","Dualcast","Go for the Eyes","Capacitor","FTL+1","Streamline+1","Glacier","Conserve Battery","Coolheaded","Doom and Gloom","Multi-Cast+1","Cold Snap+1","Glacier+1"],"special_seed":0,"relics":["Cracked Core","Omamori","Centennial Puzzle","Potion Belt","Odd Mushroom","Whetstone","Empty Cage","Singing Bowl"],"potions_floor_usage":[],"damage_taken":[{"damage":4.0,"enemies":"Jaw Worm","floor":1.0,"turns":4.0},{"damage":8.0,"enemies":"2 Louse","floor":2.0,"turns":3.0},{"damage":0.0,"enemies":"Cultist","floor":3.0,"turns":3.0},{"damage":9.0,"enemies":"Red Slaver","floor":5.0,"turns":4.0},{"damage":20.0,"enemies":"Lagavulin","floor":7.0,"turns":6.0},{"damage":0.0,"enemies":"Large Slime","floor":8.0,"turns":5.0},{"damage":0.0,"enemies":"The Mushroom Lair","floor":11.0,"turns":3.0},{"damage":15.0,"enemies":"3 Sentries","floor":14.0,"turns":10.0},{"damage":7.0,"enemies":"The Guardian","floor":16.0,"turns":12.0},{"damage":8.0,"enemies":"Spheric Guardian","floor":18.0,"turns":4.0},{"damage":11.0,"enemies":"3 Byrds","floor":20.0,"turns":6.0},{"damage":28,"enemies":"Shelled Parasite and Fungi","floor":24,"turns":10},{"damage":29,"enemies":"Book of Stabbing","floor":25,"turns":5}],"seed_played":"5702285093834642583","potions_obtained":[{"floor":2.0,"key":"EntropicBrew"},{"floor":5.0,"key":"Explosive Potion"},{"floor":13.0,"key":"Ancient Potion"},{"floor":13.0,"key":"GamblersBrew"},{"floor":20.0,"key":"Ancient Potion"}],"is_trial":false,"path_per_floor":["?","?","T","M","?","?","M"],"character_chosen":"DEFECT","items_purchased":["FTL","Block Potion"],"campfire_rested":1,"item_purchase_floors":[4,4],"current_hp_per_floor":[60,52,52,52,43,43,23,23,23,23,23,23,23,8,29,22,59,51,51,40,54,54,54,26,0],"gold":458,"neow_bonus":"RANDOM_COMMON_RELIC","is_prod":false,"is_daily":false,"chose_seed":false,"campfire_upgraded":3,"win_rate":0,"timestamp":1548421734,"path_taken":["M","M","M","$","M","R","E","M","T","R","?","$","?","E","R","BOSS","M","?","?","?","?","R","?","E"],"build_version":"2019-01-23","purchased_purges":1,"victory":false,"max_hp_per_floor":[71,71,71,71,71,71,71,71,71,71,71,71,71,71,71,71,71,71,71,71,71,71,71,71,71],"card_choices":[{"not_picked":["Leap","Stack"],"picked":"Go for the Eyes","floor":1.0},{"not_picked":["Hologram","Compile Driver","Consume"],"picked":"SKIP","floor":2.0},{"not_picked":["Go for the Eyes","Auto Shields"],"picked":"Capacitor","floor":3.0},{"not_picked":["Gash","Blizzard"],"picked":"Streamline","floor":5.0},{"not_picked":["FTL","Chill"],"picked":"Glacier","floor":7.0},{"not_picked":["Leap","Creative AI"],"picked":"Conserve Battery","floor":8.0},{"not_picked":["Heatsinks","Streamline"],"picked":"Coolheaded","floor":11.0},{"not_picked":["Streamline","Compile Driver"],"picked":"Doom and Gloom","floor":14.0},{"not_picked":["Meteor Strike","Hyperbeam"],"picked":"Multi-Cast","floor":16.0},{"not_picked":["Compile Driver","Ball Lightning","Beam Cell"],"picked":"SKIP","floor":18.0},{"not_picked":["Compile Driver","Static Discharge"],"picked":"Cold Snap+1","floor":20.0},{"not_picked":["Redo","Ball Lightning"],"picked":"Glacier+1","floor":24}],"player_experience":993641,"relics_obtained":[{"floor":7.0,"key":"Centennial Puzzle"},{"floor":9.0,"key":"Potion Belt"},{"floor":11.0,"key":"Odd Mushroom"},{"floor":14.0,"key":"Whetstone"},{"floor":19.0,"key":"Singing Bowl"}],"event_choices":[{"damage_healed":0.0,"max_hp_gain":0.0,"max_hp_loss":0.0,"gold_gain":0.0,"event_name":"Mushrooms","player_choice":"Fought Mushrooms","floor":11.0,"gold_loss":0.0,"damage_taken":0.0},{"damage_healed":0.0,"max_hp_gain":0.0,"max_hp_loss":0.0,"gold_gain":0.0,"event_name":"Lab","player_choice":"Got Potions","floor":13.0,"gold_loss":0.0,"damage_taken":0.0},{"damage_healed":14.0,"max_hp_gain":0.0,"max_hp_loss":0.0,"gold_gain":0.0,"event_name":"The Library","player_choice":"Heal","floor":21.0,"gold_loss":0.0,"damage_taken":0.0},{"damage_healed":0.0,"max_hp_gain":0.0,"max_hp_loss":0.0,"gold_gain":250.0,"event_name":"The Joust","player_choice":"Bet on Owner","floor":22.0,"gold_loss":50.0,"damage_taken":0.0}],"is_beta":false,"boss_relics":[{"not_picked":["Black Star","Busted Crown"],"picked":"Empty Cage"}],"items_purged_floors":[12],"is_endless":false,"potions_floor_spawned":[2,5,7,8,20],"killed_by":"Book of Stabbing","ascension_level":18}