{"gold_per_floor":[110,125,2,2,16,16,46,65,92,107,141,155,155,170,170,268,268,284,301,326,251,274,299,343,48,48,48,48,48,48,77,77,178,178,193,593,593,612,612,612,645,645,696,666,326,379,379,379,379,379],"floor_reached":51,"playtime":5559,"items_purged":["Strike_G","Endless Agony"],"score":719,"play_id":"06c06c64-87f2-4e7d-b52d-3ece1911612d","local_time":"20190108144459","is_ascension_mode":false,"campfire_choices":[{"data":"Neutralize","floor":6.0,"key":"SMITH"},{"data":"A Thousand Cuts","floor":13.0,"key":"SMITH"},{"data":"Well Laid Plans","floor":15.0,"key":"SMITH"},{"data":"Cloak And Dagger","floor":27.0,"key":"SMITH"},{"data":"Blade Dance","floor":28.0,"key":"SMITH"},{"floor":29.0,"key":"DIG"},{"floor":32.0,"key":"DIG"},{"floor":40,"key":"DIG"},{"floor":42,"key":"DIG"},{"floor":47,"key":"DIG"},{"floor":49,"key":"DIG"}],"neow_cost":"NONE","seed_source_timestamp":219315604328684,"circlet_count":0,"master_deck":["Defend_G","Defend_G","Defend_G+1","Defend_G","Defend_G","Survivor","Neutralize+1","Die Die Die","Dagger Throw","Well Laid Plans+1","Dagger Throw","A Thousand Cuts+1","Blade Dance+1","Caltrops","Cloak And Dagger+1","Bullet Time+1","Blade Dance+1","Noxious Fumes+1","Outmaneuver","PiercingWail","Footwork+1","Backflip","Master of Strategy"],"special_seed":0,"relics":["Ring of the Snake","Centennial Puzzle","Bag of Preparation","Pen Nib","Empty Cage","Red Mask","MawBank","War Paint","Shovel","WingedGreaves","Juzu Bracelet","PreservedInsect","Mango","Snecko Eye","Old Coin","Dream Catcher","Ancient Tea Set","Lantern","Potion Belt","Paper Crane","Peace Pipe","Anchor","Blood Vial"],"potions_floor_usage":[46,50,50,50,50],"damage_taken":[{"damage":0.0,"enemies":"Small Slimes","floor":1.0,"turns":3.0},{"damage":0.0,"enemies":"Cultist","floor":2.0,"turns":3.0},{"damage":0.0,"enemies":"Jaw Worm","floor":5.0,"turns":3.0},{"damage":20.0,"enemies":"Gremlin Nob","floor":7.0,"turns":4.0},{"damage":2.0,"enemies":"Red Slaver","floor":8.0,"turns":4.0},{"damage":13.0,"enemies":"Lots of Slimes","floor":10.0,"turns":2.0},{"damage":9.0,"enemies":"3 Sentries","floor":11.0,"turns":5.0},{"damage":1.0,"enemies":"2 Fungi Beasts","floor":12.0,"turns":3.0},{"damage":2.0,"enemies":"Looter","floor":14.0,"turns":4.0},{"damage":5.0,"enemies":"The Guardian","floor":16.0,"turns":11.0},{"damage":0.0,"enemies":"3 Byrds","floor":18.0,"turns":1.0},{"damage":17.0,"enemies":"Spheric Guardian","floor":19.0,"turns":4.0},{"damage":10.0,"enemies":"Masked Bandits","floor":20.0,"turns":3.0},{"damage":18.0,"enemies":"Centurion and Healer","floor":23.0,"turns":3.0},{"damage":6.0,"enemies":"Slavers","floor":24.0,"turns":3.0},{"damage":0.0,"enemies":"Gremlin Leader","floor":31.0,"turns":4.0},{"damage":35.0,"enemies":"Champ","floor":33.0,"turns":10.0},{"damage":0.0,"enemies":"Orb Walker","floor":35.0,"turns":2.0},{"damage":2,"enemies":"Mind Bloom Boss Battle","floor":36,"turns":6},{"damage":0,"enemies":"3 Shapes","floor":38,"turns":3},{"damage":11,"enemies":"Reptomancer","floor":41,"turns":5},{"damage":1,"enemies":"2 Orb Walkers","floor":46,"turns":4},{"damage":15,"enemies":"Donu and Deca","floor":50,"turns":8}],"seed_played":"2888579444868601773","potions_obtained":[{"floor":5.0,"key":"FairyPotion"},{"floor":7.0,"key":"Ancient Potion"},{"floor":11.0,"key":"Weak Potion"},{"floor":14.0,"key":"EssenceOfSteel"},{"floor":16.0,"key":"Dexterity Potion"},{"floor":18.0,"key":"Regen Potion"},{"floor":24.0,"key":"Swift Potion"},{"floor":31.0,"key":"Poison Potion"},{"floor":33.0,"key":"Dexterity Potion"},{"floor":36,"key":"AttackPotion"},{"floor":38,"key":"Explosive Potion"},{"floor":44,"key":"SteroidPotion"},{"floor":44,"key":"Poison Potion"}],"is_trial":false,"path_per_floor":["M","M","$","?","M","R","E","M","T","M","E","M","R","M","R","B",null,"M","M","?","?","T","M","E","$","T","R","R","R","$","E","R","B",null,"M","?","?","M","?","R","E","R","T","?","$","?","R","?","R","B",null],"character_chosen":"THE_SILENT","items_purchased":["Weak Potion","Shovel","Paper Crane"],"campfire_rested":0,"item_purchase_floors":[3,25,45],"current_hp_per_floor":[70,70,70,70,70,70,50,48,48,35,26,25,25,23,23,18,70,70,53,43,43,43,34,28,28,28,28,28,28,28,28,42,7,84,84,82,82,82,82,82,71,71,71,71,71,70,70,70,70,57],"gold":379,"neow_bonus":"ONE_RANDOM_RARE_CARD","is_prod":false,"is_daily":false,"chose_seed":false,"campfire_upgraded":5,"win_rate":0,"timestamp":1546955099,"path_taken":["M","M","$","?","M","R","E","M","T","M","E","M","R","?","R","BOSS","M","M","?","?","?","?","E","$","T","R","R","R","?","E","R","BOSS","M","?","?","M","?","R","E","R","T","?","$","?","R","?","R","BOSS"],"build_version":"2019-01-03v4","purchased_purges":2,"victory":true,"max_hp_per_floor":[70,70,70,70,70,70,70,70,70,70,70,70,70,70,70,70,70,70,70,70,70,70,70,70,70,70,70,70,70,70,70,84,84,84,84,84,84,84,84,84,84,84,84,84,84,84,84,84,84,84],"card_choices":[{"not_picked":["Quick Slash","Prepared"],"picked":"Dagger Throw","floor":1.0},{"not_picked":["Heel Hook","Poisoned Stab"],"picked":"Well Laid Plans","floor":2.0},{"not_picked":["Blur","Prepared","Outmaneuver"],"picked":"SKIP","floor":5.0},{"not_picked":["Terror","Cloak And Dagger"],"picked":"A Thousand Cuts","floor":7.0},{"not_picked":["Masterful Stab","Dodge and Roll","Setup"],"picked":"SKIP","floor":8.0},{"not_picked":["Slice","Dagger Spray"],"picked":"Blade Dance","floor":10.0},{"not_picked":["Concentrate","Backflip"],"picked":"Caltrops","floor":11.0},{"not_picked":["Escape Plan","Flechettes","Dagger Spray"],"picked":"SKIP","floor":12.0},{"not_picked":["Expertise","Infinite Blades"],"picked":"Cloak And Dagger","floor":14.0},{"not_picked":["Phantasmal Killer","Glass Knife"],"picked":"Bullet Time","floor":16.0},{"not_picked":["Masterful Stab+1","Deadly Poison"],"picked":"Endless Agony","floor":18.0},{"not_picked":["Prepared","Sucker Punch","Deadly Poison"],"picked":"SKIP","floor":19.0},{"not_picked":["Quick Slash","Prepared+1"],"picked":"Blade Dance+1","floor":20.0},{"not_picked":["Dagger Spray+1","Deflect","Underhanded Strike"],"picked":"SKIP","floor":23.0},{"not_picked":["Deadly Poison","Phantasmal Killer"],"picked":"Noxious Fumes+1","floor":24.0},{"not_picked":["Infinite Blades","Sucker Punch","Dash"],"picked":"SKIP","floor":31.0},{"not_picked":["Outmaneuver","Prepared","Dagger Spray+1"],"picked":"SKIP","floor":35.0},{"not_picked":["Blade Dance","All Out Attack+1"],"picked":"Outmaneuver","floor":36},{"not_picked":["Skewer+1","Prepared"],"picked":"Footwork","floor":38},{"not_picked":["Dash+1","Dagger Throw+1","Blade Dance"],"picked":"SKIP","floor":41},{"not_picked":["Blade Dance+1","Deadly Poison"],"picked":"Backflip","floor":46},{"not_picked":["Impatience","Dramatic Entrance"],"picked":"Master of Strategy","floor":48}],"player_experience":782648,"relics_obtained":[{"floor":7.0,"key":"Centennial Puzzle"},{"floor":9.0,"key":"Bag of Preparation"},{"floor":11.0,"key":"Pen Nib"},{"floor":20.0,"key":"Red Mask"},{"floor":22.0,"key":"MawBank"},{"floor":24.0,"key":"War Paint"},{"floor":26.0,"key":"WingedGreaves"},{"floor":29.0,"key":"Juzu Bracelet"},{"floor":31.0,"key":"PreservedInsect"},{"floor":32.0,"key":"Mango"},{"floor":36,"key":"Old Coin"},{"floor":40,"key":"Dream Catcher"},{"floor":41,"key":"Ancient Tea Set"},{"floor":42,"key":"Lantern"},{"floor":43,"key":"Potion Belt"},{"floor":46,"key":"Peace Pipe"},{"floor":47,"key":"Anchor"},{"floor":49,"key":"Blood Vial"}],"event_choices":[{"damage_healed":0.0,"max_hp_gain":0.0,"max_hp_loss":0.0,"gold_gain":0.0,"event_name":"Match and Keep!","player_choice":"1 cards matched","floor":4.0,"gold_loss":0.0,"damage_taken":0.0,"cards_obtained":["Dagger Throw"]},{"damage_healed":0.0,"max_hp_gain":0.0,"max_hp_loss":0.0,"gold_gain":0.0,"event_name":"Masked Bandits","player_choice":"Fought Bandits","floor":20.0,"gold_loss":0.0,"damage_taken":0.0},{"cards_removed":["Strike_G"],"damage_healed":0.0,"max_hp_gain":0.0,"max_hp_loss":0.0,"gold_gain":0.0,"event_name":"Beggar","player_choice":"Gave Gold","floor":21.0,"gold_loss":75.0,"damage_taken":0.0},{"damage_healed":0,"gold_gain":0,"player_choice":"Fight","damage_taken":0,"max_hp_gain":0,"max_hp_loss":0,"event_name":"MindBloom","floor":36,"gold_loss":0},{"damage_healed":0,"gold_gain":0,"cards_transformed":["Strike_G"],"player_choice":"Transformed","damage_taken":0,"max_hp_gain":0,"max_hp_loss":0,"event_name":"Transmorgrifier","floor":37,"gold_loss":0,"cards_obtained":["PiercingWail"]},{"damage_healed":0,"gold_gain":0,"player_choice":"Upgraded","damage_taken":0,"max_hp_gain":0,"max_hp_loss":0,"event_name":"Upgrade Shrine","floor":39,"gold_loss":0,"cards_upgraded":["Footwork"]},{"damage_healed":0,"gold_gain":0,"player_choice":"Bought 2 Potions","damage_taken":0,"max_hp_gain":0,"max_hp_loss":0,"event_name":"The Woman in Blue","floor":44,"gold_loss":0},{"damage_healed":0,"gold_gain":0,"player_choice":"Fight","damage_taken":0,"max_hp_gain":0,"max_hp_loss":0,"event_name":"Mysterious Sphere","floor":46,"gold_loss":0},{"damage_healed":0,"gold_gain":0,"player_choice":"Memory 1","damage_taken":0,"max_hp_gain":0,"max_hp_loss":0,"event_name":"SensoryStone","floor":48,"gold_loss":0}],"is_beta":false,"boss_relics":[{"not_picked":["Velvet Choker","Eternal Feather"],"picked":"Empty Cage"},{"not_picked":["Cursed Key","Pandora\u0027s Box"],"picked":"Snecko Eye"}],"items_purged_floors":[3,45],"is_endless":false,"potions_floor_spawned":[5,7,11,14,16,18,24,31,33,36,38,41],"ascension_level":0}