{"gold_per_floor":[210,223,236,246,256,256,286,84,84,84,100,141,141,172,172,297,297,315,331,331,23,46,46,46,46,46,46,86,86,114,39,39,141,141,160,160,215,233,34,34,60,60,60,75,4,20,30,46,46,46,46,46,23,49,49],"floor_reached":55,"playtime":3743,"items_purged":[],"score":906,"play_id":"b7c91af0-9e6f-4416-9211-3a5f5c97d0de","local_time":"20190129224744","is_ascension_mode":true,"campfire_choices":[{"floor":6,"key":"REST"},{"floor":13,"key":"REST"},{"floor":15,"key":"REST"},{"floor":23,"key":"REST"},{"floor":25,"key":"RECALL"},{"floor":27,"key":"REST"},{"data":"Go for the Eyes","floor":32,"key":"SMITH"},{"floor":40,"key":"REST"},{"floor":42,"key":"REST"},{"floor":49,"key":"REST"},{"data":"Leap","floor":52,"key":"SMITH"}],"neow_cost":"NONE","seed_source_timestamp":1745527969958564,"circlet_count":0,"master_deck":["Strike_B","Strike_B","Defend_B","Defend_B","Defend_B","Zap","Dualcast","Tempest","Compile Driver","Leap+1","Force Field","Conserve Battery","Defragment","Cold Snap","Conserve Battery","Electrodynamics+1","Go for the Eyes+1","Buffer+1","Stack+1","Streamline+1","Leap+1","Gash","Redo+1","Conserve Battery","Beam Cell","Conserve Battery","Core Surge","Sweeping Beam","The Bomb","Go for the Eyes","Sweeping Beam","Compile Driver+1","Ball Lightning","Melter","Force Field","Parasite","Gash+1","Defragment+1","Hologram","FTL"],"relics":["Cracked Core","Calipers","PreservedInsect","Frozen Egg 2","Bloody Idol","Oddly Smooth Stone","Pear","Astrolabe","Enchiridion","FossilizedHelix","Sundial","Bronze Scales","Nunchaku","Bird Faced Urn","HandDrill","Kunai","Bottled Tornado","Bag of Marbles"],"potions_floor_usage":[3,7,7,14,16,33,33,35,37,41,50],"damage_taken":[{"damage":5,"enemies":"Small Slimes","floor":1,"turns":4},{"damage":7,"enemies":"Jaw Worm","floor":2,"turns":3},{"damage":2,"enemies":"2 Louse","floor":3,"turns":2},{"damage":7,"enemies":"Looter","floor":4,"turns":3},{"damage":5,"enemies":"2 Fungi Beasts","floor":5,"turns":3},{"damage":18,"enemies":"Gremlin Nob","floor":7,"turns":4},{"damage":25,"enemies":"Large Slime","floor":11,"turns":6},{"damage":6,"enemies":"3 Sentries","floor":12,"turns":9},{"damage":27,"enemies":"Gremlin Nob","floor":14,"turns":4},{"damage":36,"enemies":"Slime Boss","floor":16,"turns":8},{"damage":4,"enemies":"3 Byrds","floor":18,"turns":4},{"damage":9,"enemies":"Chosen","floor":19,"turns":7},{"damage":23,"enemies":"Snake Plant","floor":22,"turns":6},{"damage":12,"enemies":"Book of Stabbing","floor":28,"turns":6},{"damage":14,"enemies":"Slavers","floor":30,"turns":2},{"damage":0,"enemies":"Collector","floor":33,"turns":7},{"damage":11,"enemies":"3 Shapes","floor":35,"turns":2},{"damage":56,"enemies":"2 Orb Walkers","floor":37,"turns":6},{"damage":0,"enemies":"Orb Walker","floor":38,"turns":4},{"damage":50,"enemies":"Giant Head","floor":41,"turns":10},{"damage":0,"enemies":"Spire Growth","floor":44,"turns":6},{"damage":9,"enemies":"3 Darklings","floor":46,"turns":3},{"damage":34,"enemies":"Writhing Mass","floor":47,"turns":6},{"damage":1,"enemies":"Spire Growth","floor":48,"turns":6},{"damage":86,"enemies":"Awakened One","floor":50,"turns":15},{"damage":57,"enemies":"Shield and Spear","floor":54,"turns":6},{"damage":70,"enemies":"The Heart","floor":55,"turns":3}],"seed_played":"-5193186663183271065","potions_obtained":[{"floor":1,"key":"SpeedPotion"},{"floor":3,"key":"Fruit Juice"},{"floor":5,"key":"Strength Potion"},{"floor":12,"key":"SteroidPotion"},{"floor":14,"key":"Explosive Potion"},{"floor":22,"key":"FocusPotion"},{"floor":28,"key":"Poison Potion"},{"floor":33,"key":"Explosive Potion"},{"floor":35,"key":"FocusPotion"},{"floor":38,"key":"EssenceOfSteel"},{"floor":41,"key":"SteroidPotion"},{"floor":54,"key":"Strength Potion"}],"is_trial":false,"path_per_floor":["M","M","M","M","M","R","E","$","T","?","M","E","R","E","R","B",null,"M","M","?","$","M","R","?","R","T","R","E","?","E","?","R","B",null,"M","?","?","M","$","R","E","R","T","M","$","M","M","M","R","B",null,"R","$","E","B"],"character_chosen":"DEFECT","items_purchased":["PreservedInsect","Cold Snap","FossilizedHelix","HandDrill","Melter","Hologram"],"campfire_rested":8,"item_purchase_floors":[8,8,21,39,45,53],"current_hp_per_floor":[70,63,66,59,54,78,60,60,60,60,35,29,53,36,63,27,90,86,77,61,61,38,65,65,65,65,90,78,78,69,69,69,74,90,84,84,33,42,42,69,32,59,59,70,70,70,57,69,90,10,90,90,90,42,0],"gold":49,"neow_bonus":"HUNDRED_GOLD","is_prod":false,"is_daily":false,"chose_seed":false,"campfire_upgraded":2,"win_rate":0,"timestamp":1548809264,"path_taken":["M","M","M","M","M","R","E","$","T","?","M","E","R","E","R","BOSS","M","M","?","$","M","R","?","R","T","R","E","?","E","?","R","BOSS","M","?","?","M","$","R","E","R","T","M","?","M","M","M","R","BOSS","R","$","E","BOSS"],"build_version":"2019-01-23","purchased_purges":0,"victory":false,"max_hp_per_floor":[75,75,80,80,80,80,80,80,80,80,80,80,80,90,90,90,90,90,90,90,90,90,90,90,90,90,90,90,90,90,90,90,90,90,90,90,90,90,90,90,90,90,90,90,90,90,90,90,90,90,90,90,90,90,90],"card_choices":[{"not_picked":["Beam Cell","Steam Power"],"picked":"Tempest","floor":1},{"not_picked":["Blizzard","Steam"],"picked":"Compile Driver","floor":2},{"not_picked":["Barrage","Capacitor"],"picked":"Leap","floor":3},{"not_picked":["Doom and Gloom","Rebound"],"picked":"Force Field","floor":4},{"not_picked":["Beam Cell","Leap"],"picked":"Conserve Battery","floor":5},{"not_picked":["Melter","Double Energy"],"picked":"Defragment","floor":7},{"not_picked":["Reboot","Steam"],"picked":"Conserve Battery","floor":11},{"not_picked":["Steam","Blizzard"],"picked":"Electrodynamics+1","floor":12},{"not_picked":["Beam Cell","Fusion"],"picked":"Go for the Eyes","floor":14},{"not_picked":["Hyperbeam","Meteor Strike"],"picked":"Buffer+1","floor":16},{"not_picked":["Streamline","Beam Cell+1"],"picked":"Gash","floor":18},{"not_picked":["Consume+1","Conserve Battery"],"picked":"Redo+1","floor":19},{"not_picked":["Loop+1","Compile Driver"],"picked":"Conserve Battery","floor":22},{"not_picked":["Chill","Capacitor+1"],"picked":"Beam Cell","floor":28},{"not_picked":["Consume","Steam+1"],"picked":"Conserve Battery","floor":30},{"not_picked":["Multi-Cast","All For One"],"picked":"Core Surge","floor":33},{"not_picked":["Hologram","Beam Cell"],"picked":"Sweeping Beam","floor":35},{"not_picked":["Enlightenment","Purity"],"picked":"The Bomb","floor":36},{"not_picked":["Stack+1","Steam"],"picked":"Go for the Eyes","floor":37},{"not_picked":["Redo","Aggregate"],"picked":"Sweeping Beam","floor":38},{"not_picked":["Fusion","Recycle+1"],"picked":"Compile Driver+1","floor":41},{"not_picked":["Skim+1","Sweeping Beam"],"picked":"Ball Lightning","floor":44},{"not_picked":["Scrape","Aggregate"],"picked":"Force Field","floor":46},{"not_picked":["Conserve Battery+1","Echo Form+1"],"picked":"Gash+1","floor":47},{"not_picked":["Rebound+1","Chaos"],"picked":"Defragment+1","floor":48},{"not_picked":["Melter","Streamline"],"picked":"FTL","floor":54}],"player_experience":79781,"relics_obtained":[{"floor":7,"key":"Calipers"},{"floor":9,"key":"Frozen Egg 2"},{"floor":12,"key":"Oddly Smooth Stone"},{"floor":14,"key":"Pear"},{"floor":20,"key":"Enchiridion"},{"floor":28,"key":"Bronze Scales"},{"floor":30,"key":"Nunchaku"},{"floor":37,"key":"Bird Faced Urn"},{"floor":41,"key":"Kunai"},{"floor":43,"key":"Bottled Tornado"},{"floor":54,"key":"Bag of Marbles"}],"event_choices":[{"damage_healed":0,"gold_gain":0,"player_choice":"Take Wound","damage_taken":0,"relics_obtained":["Golden Idol"],"max_hp_gain":0,"max_hp_loss":0,"event_name":"Golden Idol","floor":10,"gold_loss":0,"cards_obtained":["Injury"]},{"damage_healed":0,"gold_gain":0,"player_choice":"Obtained Book","damage_taken":16,"max_hp_gain":0,"max_hp_loss":0,"event_name":"Cursed Tome","floor":20,"gold_loss":0},{"damage_healed":0,"gold_gain":0,"player_choice":"Opened","damage_taken":0,"relics_obtained":["Sundial"],"max_hp_gain":0,"max_hp_loss":0,"event_name":"The Mausoleum","floor":24,"gold_loss":0},{"damage_healed":0,"gold_gain":0,"player_choice":"Gave Idol","damage_taken":0,"relics_obtained":["Bloody Idol"],"max_hp_gain":0,"max_hp_loss":0,"event_name":"Forgotten Altar","floor":29,"relics_lost":["Golden Idol"],"gold_loss":0},{"cards_removed":["Injury"],"damage_healed":0,"gold_gain":0,"player_choice":"Gave Gold","damage_taken":0,"max_hp_gain":0,"max_hp_loss":0,"event_name":"Beggar","floor":31,"gold_loss":75},{"damage_healed":0,"gold_gain":0,"player_choice":"Memory 1","damage_taken":0,"max_hp_gain":0,"max_hp_loss":0,"event_name":"SensoryStone","floor":36,"gold_loss":0},{"damage_healed":0,"gold_gain":0,"player_choice":"Fight","damage_taken":0,"max_hp_gain":0,"max_hp_loss":0,"event_name":"Mysterious Sphere","floor":37,"gold_loss":0}],"is_beta":false,"boss_relics":[{"not_picked":["Runic Pyramid","Cursed Key"],"picked":"Astrolabe"},{"not_picked":["Snecko Eye","Sozu","Empty Cage"]}],"items_purged_floors":[],"is_endless":false,"potions_floor_spawned":[1,3,5,12,14,22,28,33,35,38,41,54],"killed_by":"The Heart","ascension_level":2}