{"gold_per_floor":[111,61,61,81,256,290,290,290,290,317,328,346,360,377,377,476,476,487,156,156,156,156,156,171,187,234,234,264,277,49,83,83,185,185,198,44,56,75,91,91,125,142,142,142,161,175,175,125,125,125,125,125,86,121,121],"floor_reached":56,"playtime":5301,"items_purged":["Doubt","Venomology"],"score":1204,"play_id":"fbe61a52-3861-4a25-af73-4632839e279b","local_time":"20190109173211","is_ascension_mode":false,"campfire_choices":[{"data":"Malaise","floor":8.0,"key":"SMITH"},{"data":"Neutralize","floor":15.0,"key":"SMITH"},{"data":"Envenom","floor":23.0,"key":"SMITH"},{"floor":27.0,"key":"REST"},{"floor":32.0,"key":"REST"},{"data":"Crippling Poison","floor":40.0,"key":"SMITH"},{"data":"Catalyst","floor":44.0,"key":"SMITH"},{"floor":47.0,"key":"REST"},{"floor":49.0,"key":"RECALL"},{"data":"Footwork","floor":52.0,"key":"SMITH"}],"neow_cost":"NONE","seed_source_timestamp":78364460500229,"circlet_count":0,"master_deck":["Defend_G","Defend_G","Defend_G+1","Defend_G","Defend_G","Strike_G+1","Survivor","Neutralize+1","Dagger Spray","Calculated Gamble","Malaise+1","Backstab","Dash","Backflip","Envenom+1","Riddle With Holes+1","Footwork+1","PiercingWail+1","Crippling Poison+1","Footwork+1","Poisoned Stab+1","Catalyst+1","Leg Sweep","Caltrops+1","Corpse Explosion","Dodge and Roll","Deadly Poison","Envenom+1","Crippling Poison","Noxious Fumes+1","Riddle With Holes+1"],"special_seed":0,"relics":["Ring of the Snake","NeowsBlessing","Ornamental Fan","Matryoshka","Art of War","Blue Candle","Gremlin Horn","Astrolabe","Snake Skull","Enchiridion","Kunai","Smiling Mask","Unceasing Top","Happy Flower","Centennial Puzzle","Sozu","Oddly Smooth Stone","Frozen Egg 2","Sundial"],"potions_floor_usage":[],"damage_taken":[{"damage":0.0,"enemies":"2 Louse","floor":1.0,"turns":1.0},{"damage":0.0,"enemies":"Small Slimes","floor":4.0,"turns":1.0},{"damage":0.0,"enemies":"3 Sentries","floor":6.0,"turns":1.0},{"damage":23.0,"enemies":"Gremlin Nob","floor":10.0,"turns":7.0},{"damage":1.0,"enemies":"Cultist","floor":11.0,"turns":5.0},{"damage":8.0,"enemies":"Blue Slaver","floor":12.0,"turns":5.0},{"damage":1.0,"enemies":"3 Louse","floor":13.0,"turns":2.0},{"damage":1.0,"enemies":"Looter","floor":14.0,"turns":4.0},{"damage":12.0,"enemies":"The Guardian","floor":16.0,"turns":22.0},{"damage":5.0,"enemies":"3 Byrds","floor":18.0,"turns":6.0},{"damage":10.0,"enemies":"2 Thieves","floor":24.0,"turns":4.0},{"damage":10.0,"enemies":"Sentry and Sphere","floor":25.0,"turns":16.0},{"damage":1.0,"enemies":"Book of Stabbing","floor":28.0,"turns":7.0},{"damage":0.0,"enemies":"Cultist and Chosen","floor":29.0,"turns":7.0},{"damage":9.0,"enemies":"Slavers","floor":31.0,"turns":8.0},{"damage":17.0,"enemies":"Champ","floor":33.0,"turns":13.0},{"damage":3.0,"enemies":"3 Darklings","floor":35.0,"turns":3.0},{"damage":0.0,"enemies":"3 Shapes","floor":37.0,"turns":3.0},{"damage":16.0,"enemies":"Jaw Worm Horde","floor":38.0,"turns":3.0},{"damage":0.0,"enemies":"Transient","floor":39.0,"turns":5.0},{"damage":26.0,"enemies":"Reptomancer","floor":41.0,"turns":8.0},{"damage":0.0,"enemies":"Maw","floor":42.0,"turns":7.0},{"damage":3.0,"enemies":"3 Darklings","floor":45.0,"turns":2.0},{"damage":9.0,"enemies":"Writhing Mass","floor":46.0,"turns":5.0},{"damage":31.0,"enemies":"Awakened One","floor":50.0,"turns":14.0},{"damage":20.0,"enemies":"Shield and Spear","floor":54.0,"turns":7.0},{"damage":36,"enemies":"The Heart","floor":55,"turns":10}],"seed_played":"-8340437664530370007","potions_obtained":[{"floor":1.0,"key":"LiquidBronze"},{"floor":12.0,"key":"GhostInAJar"},{"floor":14.0,"key":"LiquidBronze"},{"floor":16.0,"key":"SpeedPotion"},{"floor":24.0,"key":"Swift Potion"}],"is_trial":false,"path_per_floor":["M","?","?","M","?","E","?","R","T","E","M","M","M","M","R","B",null,"M","$","?","?","?","R","M","M","T","R","E","M","$","E","R","B",null,"M","$","M","M","M","R","E","M","T","R","M","M","R","$","R","B",null,"R","$","E","B",null],"character_chosen":"THE_SILENT","items_purchased":["Snake Skull","Crippling Poison","Footwork","Happy Flower","Leg Sweep","Oddly Smooth Stone","Noxious Fumes+1"],"campfire_rested":3,"item_purchase_floors":[19,19,19,30,30,36,53],"current_hp_per_floor":[70,70,70,70,70,70,56,56,56,33,32,24,23,22,22,10,70,65,65,49,36,36,36,26,16,16,38,37,37,37,28,50,33,75,72,72,72,56,56,56,30,30,30,30,27,18,40,40,40,9,75,75,75,55,19],"gold":121,"neow_bonus":"THREE_ENEMY_KILL","is_prod":false,"is_daily":false,"chose_seed":false,"campfire_upgraded":6,"win_rate":0,"timestamp":1547051531,"path_taken":["M","?","?","?","?","E","?","R","T","E","M","M","M","M","R","BOSS","M","$","?","?","?","R","M","M","T","R","E","M","$","E","R","BOSS","M","$","M","M","M","R","E","M","T","R","M","M","R","$","R","BOSS","R","$","E","BOSS"],"build_version":"2019-01-03v4","purchased_purges":2,"victory":true,"max_hp_per_floor":[70,70,70,70,70,70,70,70,70,70,70,70,70,70,70,70,70,70,70,70,75,75,75,75,75,75,75,75,75,75,75,75,75,75,75,75,75,75,75,75,75,75,75,75,75,75,75,75,75,75,75,75,75,75,75],"card_choices":[{"not_picked":["Riddle With Holes","Choke"],"picked":"Dagger Spray","floor":1.0},{"not_picked":["Sucker Punch","Dodge and Roll"],"picked":"Calculated Gamble","floor":4.0},{"not_picked":["Escape Plan","Heel Hook"],"picked":"Malaise","floor":6.0},{"not_picked":["Underhanded Strike","Endless Agony","Sucker Punch"],"picked":"SKIP","floor":10.0},{"not_picked":["Underhanded Strike","Endless Agony","Sucker Punch"],"picked":"SKIP","floor":10.0},{"not_picked":["Reflex","Outmaneuver","Sucker Punch"],"picked":"SKIP","floor":11.0},{"not_picked":["Poisoned Stab","Heel Hook"],"picked":"Backstab","floor":12.0},{"not_picked":["Endless Agony","Prepared"],"picked":"Dash","floor":13.0},{"not_picked":["Finisher","Dodge and Roll"],"picked":"Backflip","floor":14.0},{"not_picked":["Malaise","Doppelganger"],"picked":"Envenom","floor":16.0},{"not_picked":["Catalyst","Dagger Throw"],"picked":"PiercingWail+1","floor":18.0},{"not_picked":["Setup","Dagger Throw","Sucker Punch"],"picked":"SKIP","floor":24.0},{"not_picked":["Blade Dance","Flying Knee"],"picked":"Poisoned Stab+1","floor":25.0},{"not_picked":["Quick Slash","Adrenaline"],"picked":"Catalyst","floor":28.0},{"not_picked":["Quick Slash","Endless Agony","Dagger Throw"],"picked":"SKIP","floor":29.0},{"not_picked":["Underhanded Strike","Backstab"],"picked":"Caltrops+1","floor":31.0},{"not_picked":["Tools of the Trade","Venomology"],"picked":"Corpse Explosion","floor":33.0},{"not_picked":["PiercingWail+1","Setup+1"],"picked":"Dodge and Roll","floor":35.0},{"not_picked":["Slice","Setup","Blade Dance"],"picked":"SKIP","floor":37.0},{"not_picked":["Bane+1","Dagger Throw+1","Phantasmal Killer"],"picked":"SKIP","floor":38.0},{"not_picked":["Prepared+1","Terror+1"],"picked":"Deadly Poison","floor":39.0},{"not_picked":["Flying Knee+1","Slice+1"],"picked":"Envenom","floor":41.0},{"not_picked":["Calculated Gamble+1","Acrobatics","Tactician"],"picked":"SKIP","floor":42.0},{"not_picked":["Skewer","Reflex","PiercingWail"],"picked":"SKIP","floor":45.0},{"not_picked":["Dagger Throw","Caltrops+1"],"picked":"Crippling Poison","floor":46.0},{"not_picked":["Cloak And Dagger","Crippling Poison"],"picked":"Riddle With Holes+1","floor":54.0}],"player_experience":804889,"relics_obtained":[{"floor":3.0,"key":"Ornamental Fan"},{"floor":6.0,"key":"Matryoshka"},{"floor":9.0,"key":"Art of War"},{"floor":9.0,"key":"Blue Candle"},{"floor":10.0,"key":"Gremlin Horn"},{"floor":20.0,"key":"Enchiridion"},{"floor":26.0,"key":"Kunai"},{"floor":26.0,"key":"Smiling Mask"},{"floor":28.0,"key":"Unceasing Top"},{"floor":31.0,"key":"Centennial Puzzle"},{"floor":41.0,"key":"Frozen Egg 2"},{"floor":54.0,"key":"Sundial"}],"event_choices":[{"cards_removed":["Strike_G"],"damage_healed":0.0,"max_hp_gain":0.0,"max_hp_loss":0.0,"gold_gain":0.0,"event_name":"The Cleric","player_choice":"Card Removal","floor":2.0,"gold_loss":50.0,"damage_taken":0.0},{"damage_healed":0.0,"max_hp_gain":0.0,"max_hp_loss":0.0,"gold_gain":0.0,"event_name":"Wheel of Change","player_choice":"Relic","floor":3.0,"gold_loss":0.0,"damage_taken":0.0},{"damage_healed":0.0,"max_hp_gain":0.0,"max_hp_loss":0.0,"gold_gain":175.0,"event_name":"Liars Game","player_choice":"AGREE","floor":5.0,"gold_loss":0.0,"damage_taken":0.0,"cards_obtained":["Doubt"]},{"damage_healed":0.0,"max_hp_gain":0.0,"max_hp_loss":0.0,"gold_gain":0.0,"event_name":"Shining Light","player_choice":"Entered Light","floor":7.0,"gold_loss":0.0,"damage_taken":14.0,"cards_upgraded":["Strike_G","Defend_G"]},{"damage_healed":0.0,"max_hp_gain":0.0,"max_hp_loss":0.0,"gold_gain":0.0,"event_name":"Cursed Tome","player_choice":"Obtained Book","floor":20.0,"gold_loss":0.0,"damage_taken":16.0},{"damage_healed":0.0,"max_hp_gain":5.0,"max_hp_loss":0.0,"gold_gain":0.0,"event_name":"Forgotten Altar","player_choice":"Shed Blood","floor":21.0,"gold_loss":0.0,"damage_taken":18.0},{"damage_healed":0.0,"max_hp_gain":0.0,"max_hp_loss":0.0,"gold_gain":0.0,"cards_transformed":["Eviscerate"],"event_name":"Transmorgrifier","player_choice":"Transformed","floor":22.0,"gold_loss":0.0,"damage_taken":0.0,"cards_obtained":["Venomology"]}],"is_beta":false,"boss_relics":[{"not_picked":["HoveringKite","Coffee Dripper"],"picked":"Astrolabe"},{"not_picked":["Velvet Choker","Eternal Feather"],"picked":"Sozu"}],"items_purged_floors":[19,48],"is_endless":false,"potions_floor_spawned":[1,12,14,16,24,25,29,33,35,39,42],"ascension_level":0}