{"gold_per_floor":[115,130,130,130,141,141,170,170,170,170,170,187,203,214,214,317,317,331,0,20,32,32,45,45,45,95,95,113,113,113,0,0,0],"floor_reached":33,"playtime":714,"items_purged":["Defend_R"],"score":247,"play_id":"57e30da1-50bd-4138-9b79-ad2be6958753","local_time":"20190128184425","is_ascension_mode":false,"campfire_choices":[{"data":"Headbutt","floor":6,"key":"SMITH"},{"data":"Thunderclap","floor":8,"key":"SMITH"},{"floor":10,"key":"REST"},{"data":"Clothesline","floor":15,"key":"SMITH"},{"data":"Clash","floor":27,"key":"SMITH"},{"data":"Dropkick","floor":29,"key":"SMITH"},{"data":"Fire Breathing","floor":32,"key":"SMITH"}],"neow_cost":"NONE","seed_source_timestamp":535487153043457,"circlet_count":0,"master_deck":["Strike_R","Strike_R+1","Strike_R","Strike_R","Strike_R","Defend_R","Defend_R","Defend_R+1","Bash+1","Pummel+1","Rage","Headbutt+1","Thunderclap+1","Dropkick+1","Clash+1","Clothesline+1","Juggernaut","Clash+1","Fire Breathing+1","Thunderclap+1","Metallicize+1"],"relics":["Burning Blood","Letter Opener","Shuriken","Black Star","MealTicket","Dodecahedron","Strawberry","Happy Flower"],"potions_floor_usage":[12,13,20,21,23,33,33],"damage_taken":[{"damage":11,"enemies":"Jaw Worm","floor":1,"turns":3},{"damage":12,"enemies":"2 Louse","floor":2,"turns":2},{"damage":6,"enemies":"Cultist","floor":5,"turns":3},{"damage":48,"enemies":"Lagavulin","floor":7,"turns":6},{"damage":0,"enemies":"Lots of Slimes","floor":12,"turns":1},{"damage":7,"enemies":"2 Fungi Beasts","floor":13,"turns":2},{"damage":20,"enemies":"Looter","floor":14,"turns":3},{"damage":17,"enemies":"Hexaghost","floor":16,"turns":6},{"damage":36,"enemies":"Shell Parasite","floor":18,"turns":5},{"damage":21,"enemies":"2 Thieves","floor":20,"turns":3},{"damage":16,"enemies":"Snecko","floor":21,"turns":4},{"damage":34,"enemies":"Snake Plant","floor":23,"turns":3},{"damage":4,"enemies":"Centurion and Healer","floor":28,"turns":4},{"damage":36,"enemies":"Automaton","floor":33,"turns":6}],"seed_played":"5912793919117012465","potions_obtained":[{"floor":1,"key":"Energy Potion"},{"floor":5,"key":"LiquidBronze"},{"floor":7,"key":"AttackPotion"},{"floor":13,"key":"FearPotion"},{"floor":20,"key":"Weak Potion"},{"floor":21,"key":"BloodPotion"},{"floor":23,"key":"Block Potion"}],"is_trial":false,"path_per_floor":["M","M","?","?","M","R","E","R","T","R","?","M","M","M","R","B",null,"M","$","M","M","?","M","?","$","T","R","M","R","T","?","R","B"],"character_chosen":"IRONCLAD","items_purchased":["MealTicket","AttackPotion"],"campfire_rested":1,"item_purchase_floors":[19,19],"current_hp_per_floor":[75,69,74,57,57,57,15,15,15,40,40,46,45,31,31,20,85,55,55,40,30,30,10,10,25,32,32,34,34,34,34,34,0],"gold":0,"neow_bonus":"UPGRADE_CARD","is_prod":false,"is_daily":false,"chose_seed":false,"campfire_upgraded":6,"win_rate":0,"timestamp":1548697465,"path_taken":["M","M","?","?","M","R","E","R","T","R","?","M","?","M","R","BOSS","M","$","M","?","?","?","?","$","T","R","M","R","?","?","R","BOSS"],"build_version":"2019-01-23","purchased_purges":1,"victory":false,"max_hp_per_floor":[80,80,85,85,85,85,85,85,85,85,85,85,85,85,85,85,85,85,85,85,85,85,85,85,85,92,92,92,92,92,92,92,92],"card_choices":[{"not_picked":["Flame Barrier","Shrug It Off"],"picked":"Pummel","floor":1},{"not_picked":["True Grit","Cleave"],"picked":"Rage","floor":2},{"not_picked":["Flex","Rupture"],"picked":"Headbutt","floor":5},{"not_picked":["Feed","Body Slam"],"picked":"Thunderclap","floor":7},{"not_picked":["True Grit","Twin Strike"],"picked":"Dropkick","floor":12},{"not_picked":["Sword Boomerang","Warcry"],"picked":"Clash","floor":13},{"not_picked":["Infernal Blade","Pommel Strike"],"picked":"Clothesline","floor":14},{"not_picked":["Barricade","Exhume"],"picked":"Juggernaut","floor":16},{"not_picked":["Dropkick","Wild Strike+1"],"picked":"Clash+1","floor":18},{"not_picked":["Shrug It Off","Disarm"],"picked":"Fire Breathing","floor":20},{"not_picked":["Warcry","Ghostly Armor"],"picked":"Thunderclap+1","floor":21},{"not_picked":["Dropkick","Perfected Strike+1"],"picked":"Metallicize+1","floor":23},{"not_picked":["Headbutt","Blood for Blood","Perfected Strike"],"picked":"SKIP","floor":28}],"player_experience":1043117,"relics_obtained":[{"floor":7,"key":"Letter Opener"},{"floor":9,"key":"Shuriken"},{"floor":26,"key":"Strawberry"},{"floor":30,"key":"Happy Flower"}],"event_choices":[{"damage_healed":0,"gold_gain":0,"player_choice":"Donut","damage_taken":0,"max_hp_gain":5,"max_hp_loss":0,"event_name":"Big Fish","floor":3,"gold_loss":0},{"damage_healed":0,"gold_gain":0,"player_choice":"Entered Light","damage_taken":17,"max_hp_gain":0,"max_hp_loss":0,"event_name":"Shining Light","floor":4,"gold_loss":0,"cards_upgraded":["Strike_R","Defend_R"]},{"damage_healed":0,"gold_gain":0,"player_choice":"Upgraded","damage_taken":0,"max_hp_gain":0,"max_hp_loss":0,"event_name":"Upgrade Shrine","floor":11,"gold_loss":0,"cards_upgraded":["Pummel"]},{"damage_healed":0,"gold_gain":0,"player_choice":"Gave Potion","damage_taken":0,"relics_obtained":["Dodecahedron"],"max_hp_gain":0,"max_hp_loss":0,"event_name":"WeMeetAgain","floor":22,"gold_loss":0},{"damage_healed":0,"gold_gain":0,"player_choice":"Ignored","damage_taken":0,"max_hp_gain":0,"max_hp_loss":0,"event_name":"Vampires","floor":24,"gold_loss":0},{"damage_healed":0,"gold_gain":0,"player_choice":"Paid Fearfully","damage_taken":0,"max_hp_gain":0,"max_hp_loss":0,"event_name":"Masked Bandits","floor":31,"gold_loss":113}],"is_beta":false,"boss_relics":[{"not_picked":["Pandora\u0027s Box","Velvet Choker"],"picked":"Black Star"}],"items_purged_floors":[19],"is_endless":false,"potions_floor_spawned":[1,5,7,13,20,21,23],"killed_by":"Automaton","ascension_level":0}