{"gold_per_floor":[113,128,147,147,158,183,183,248,248,73,73,73,73,86,86,86],"floor_reached":16,"playtime":12308,"items_purged":["Strike_G"],"score":204,"play_id":"8de445c9-4331-44cf-a85e-4805cf8f6984","local_time":"20190106182535","is_ascension_mode":true,"campfire_choices":[{"data":"Dagger Spray","floor":12,"key":"SMITH"},{"floor":15,"key":"REST"}],"neow_cost":"NONE","seed_source_timestamp":53210340198857,"circlet_count":0,"master_deck":["AscendersBane","Defend_G","Defend_G","Defend_G","Defend_G","Defend_G","Strike_G","Strike_G","Strike_G","Survivor","Neutralize+1","Dagger Spray+1","Quick Slash","Noxious Fumes","Cloak And Dagger","Backstab","Parasite","Deadly Poison"],"relics":["Ring of the Snake","Smiling Mask","Golden Idol","Tiny Chest","Boot"],"potions_floor_usage":[8,8],"damage_taken":[{"damage":0,"enemies":"Small Slimes","floor":1,"turns":5},{"damage":7,"enemies":"2 Louse","floor":2,"turns":3},{"damage":7,"enemies":"Jaw Worm","floor":3,"turns":4},{"damage":7,"enemies":"2 Fungi Beasts","floor":5,"turns":3},{"damage":24,"enemies":"3 Sentries","floor":6,"turns":8},{"damage":5,"enemies":"Gremlin Nob","floor":8,"turns":3},{"damage":7,"enemies":"Exordium Thugs","floor":14,"turns":5},{"damage":32,"enemies":"Slime Boss","floor":16,"turns":8}],"seed_played":"5218079236605308123","potions_obtained":[{"floor":2,"key":"Poison Potion"},{"floor":3,"key":"FearPotion"}],"is_trial":false,"path_per_floor":["M","M","M","?","M","E","?","E","T","$","?","R","?","M","R","B"],"character_chosen":"THE_SILENT","items_purchased":["Backstab","EssenceOfSteel"],"campfire_rested":1,"item_purchase_floors":[10,10],"current_hp_per_floor":[59,52,45,38,31,7,7,2,2,2,17,17,17,10,28,0],"gold":86,"neow_bonus":"UPGRADE_CARD","is_prod":false,"is_daily":false,"chose_seed":false,"campfire_upgraded":1,"win_rate":0,"timestamp":1546795535,"path_taken":["M","M","M","?","M","E","?","E","T","$","?","R","?","M","R","BOSS"],"build_version":"2019-01-03v4","purchased_purges":1,"victory":false,"max_hp_per_floor":[66,66,66,66,66,66,60,60,60,60,60,60,60,60,60,60],"card_choices":[{"not_picked":["Deflect","Leg Sweep"],"picked":"Dagger Spray","floor":1},{"not_picked":["Prepared","Deflect"],"picked":"Quick Slash","floor":2},{"not_picked":["Dodge and Roll","Infinite Blades","Setup"],"picked":"SKIP","floor":3},{"not_picked":["Terror","Backflip","Dagger Throw"],"picked":"SKIP","floor":5},{"not_picked":["Outmaneuver","Flying Knee"],"picked":"Noxious Fumes","floor":6},{"not_picked":["Flechettes","Sucker Punch"],"picked":"Cloak And Dagger","floor":8},{"not_picked":["Bane","Quick Slash"],"picked":"Deadly Poison","floor":14}],"player_experience":749600,"relics_obtained":[{"floor":6,"key":"Smiling Mask"},{"floor":8,"key":"Tiny Chest"},{"floor":9,"key":"Boot"}],"event_choices":[{"cards_removed":["Strike_G"],"damage_healed":0,"gold_gain":0,"player_choice":"Card Removal","damage_taken":7,"max_hp_gain":0,"max_hp_loss":0,"event_name":"Golden Wing","floor":4,"gold_loss":0},{"damage_healed":0,"gold_gain":0,"player_choice":"Lose Max HP","damage_taken":0,"relics_obtained":["Golden Idol"],"max_hp_gain":0,"max_hp_loss":6,"event_name":"Golden Idol","floor":7,"gold_loss":0},{"damage_healed":15,"gold_gain":0,"player_choice":"Healed and dodged fight","damage_taken":0,"max_hp_gain":0,"max_hp_loss":0,"event_name":"Mushrooms","floor":11,"gold_loss":0,"cards_obtained":["Parasite"]},{"damage_healed":0,"gold_gain":0,"player_choice":"Ignored","damage_taken":0,"max_hp_gain":0,"max_hp_loss":0,"event_name":"Liars Game","floor":13,"gold_loss":0}],"is_beta":false,"boss_relics":[],"items_purged_floors":[10],"is_endless":false,"potions_floor_spawned":[2,3],"killed_by":"Slime Boss","ascension_level":17}