{"gold_per_floor":[119,134,209,209,134,134,164,226,226,254,38,38],"floor_reached":12,"playtime":589,"items_purged":["Strike_G"],"score":147,"play_id":"93dd962a-c3a9-4e55-b667-09dad3262ce1","local_time":"20190203010331","is_ascension_mode":true,"campfire_choices":[{"data":"Flying Knee","floor":6.0,"key":"SMITH"}],"neow_cost":"NONE","seed_source_timestamp":990180592883814,"circlet_count":0,"master_deck":["AscendersBane","Defend_G","Defend_G","Defend_G","Defend_G","Defend_G","Strike_G","Strike_G","Survivor","Neutralize","Dagger Throw","Flying Knee+1","All Out Attack","Footwork"],"special_seed":0,"relics":["Ring of the Snake","Matryoshka","Omamori","Question Card","Potion Belt"],"potions_floor_usage":[12,12,12],"damage_taken":[{"damage":0.0,"enemies":"Small Slimes","floor":1.0,"turns":3.0},{"damage":5.0,"enemies":"Jaw Worm","floor":2.0,"turns":5.0},{"damage":16.0,"enemies":"Gremlin Nob","floor":7.0,"turns":5.0},{"damage":24.0,"enemies":"Lagavulin","floor":10.0,"turns":9.0},{"damage":3,"enemies":"3 Sentries","floor":12,"turns":6}],"seed_played":"809998586731091938","potions_obtained":[{"floor":0.0,"key":"EssenceOfSteel"},{"floor":0.0,"key":"Ancient Potion"},{"floor":10.0,"key":"SkillPotion"}],"is_trial":false,"path_per_floor":["M","M","?","?","?","R","E","?","T","E","$","E"],"character_chosen":"THE_SILENT","items_purchased":["Footwork","FearPotion","SkillPotion"],"campfire_rested":0,"item_purchase_floors":[11,11,11],"current_hp_per_floor":[59,54,43,43,43,43,27,27,27,3,3,0],"gold":38,"neow_bonus":"THREE_SMALL_POTIONS","is_prod":false,"is_daily":false,"chose_seed":false,"campfire_upgraded":1,"win_rate":0,"timestamp":1549152211,"path_taken":["M","M","?","?","?","R","E","?","T","E","$","E"],"build_version":"2019-01-23","purchased_purges":1,"victory":false,"max_hp_per_floor":[66,66,66,66,66,66,66,66,66,66,66,66],"card_choices":[{"not_picked":["Terror","Sucker Punch"],"picked":"Dagger Throw","floor":1.0},{"not_picked":["Sucker Punch","Grand Finale"],"picked":"Flying Knee","floor":2.0},{"not_picked":["Finisher","Acrobatics","Setup"],"picked":"SKIP","floor":7.0},{"not_picked":["Quick Slash","Distraction","Cloak And Dagger"],"picked":"All Out Attack","floor":10.0}],"player_experience":1164765,"relics_obtained":[{"floor":7.0,"key":"Matryoshka"},{"floor":9.0,"key":"Omamori"},{"floor":9.0,"key":"Question Card"},{"floor":10.0,"key":"Potion Belt"}],"event_choices":[{"damage_healed":0.0,"max_hp_gain":0.0,"max_hp_loss":0.0,"gold_gain":75.0,"event_name":"World of Goop","player_choice":"Gather Gold","floor":3.0,"gold_loss":0.0,"damage_taken":11.0},{"cards_removed":["Strike_G"],"damage_healed":0.0,"max_hp_gain":0.0,"max_hp_loss":0.0,"gold_gain":0.0,"event_name":"Living Wall","player_choice":"Forget","floor":4.0,"gold_loss":0.0,"damage_taken":0.0},{"cards_removed":["Strike_G"],"damage_healed":0.0,"max_hp_gain":0.0,"max_hp_loss":0.0,"gold_gain":0.0,"event_name":"The Cleric","player_choice":"Card Removal","floor":5.0,"gold_loss":75.0,"damage_taken":0.0},{"damage_healed":0.0,"max_hp_gain":0.0,"max_hp_loss":0.0,"gold_gain":62.0,"event_name":"Golden Wing","player_choice":"Gained Gold","floor":8.0,"gold_loss":0.0,"damage_taken":0.0}],"is_beta":false,"boss_relics":[],"items_purged_floors":[11],"is_endless":false,"potions_floor_spawned":[10],"killed_by":"3 Sentries","ascension_level":15}