{"path_per_floor":["M","M","?","?","?","E","R","M","T","E","M","M","$","T","R","B",null,"M","?","M","M","$","R","E","?","T","R","$","M","M","$","R"],"character_chosen":"IRONCLAD","items_purchased":["Membership Card","Shrug It Off","Paper Frog"],"gold_per_floor":[210,228,228,228,228,261,261,276,276,310,321,331,35,89,89,194,194,212,212,227,240,38,38,70,70,138,138,58,69,80,80,80],"floor_reached":33,"campfire_rested":1,"playtime":2081,"current_hp_per_floor":[77,80,80,80,64,45,69,77,91,88,84,96,96,96,96,70,100,95,71,76,82,82,82,84,84,84,84,84,68,72,72,72],"items_purged":["Strike_R","Doubt"],"gold":80,"score":315,"play_id":"15a8932c-15ff-42f6-ab93-8651f298fb8c","local_time":"20180315202204","is_prod":false,"is_daily":false,"is_ascension_mode":true,"campfire_upgraded":4,"timestamp":1521145324,"path_taken":["M","M","?","?","?","E","R","?","T","E","?","M","$","?","R","BOSS","M","?","M","M","$","R","E","?","T","R","?","M","M","$","R","BOSS"],"build_version":"2018-03-09","purchased_purges":3,"victory":false,"master_deck":["Defend_R+1","Defend_R+1","Defend_R","Defend_R","Bash","Cleave","Clash","Blind+1","Whirlwind+1","Armaments+1","Shrug It Off","Feed+1","Bite","Bite","Bite","Bite","Bite","Shockwave+1"],"max_hp_per_floor":[80,80,80,80,80,80,80,82,96,98,98,100,100,100,100,100,100,102,71,76,82,82,82,84,84,84,84,84,88,90,90,90],"relics":["Burning Blood","Singing Bowl","Mango","War Paint","Membership Card","Pen Nib","Cursed Key","Paper Frog","Letter Opener","Centennial Puzzle"],"card_choices":[{"not_picked":["Havoc","Heavy Blade"],"picked":"Cleave"},{"not_picked":["Infernal Blade","Entrench"],"picked":"Clash"},{"not_picked":["Flex","Pommel Strike"],"picked":"Whirlwind"},{"not_picked":["Iron Wave","Reckless Charge"],"picked":"Armaments"},{"not_picked":["Exhume","Fiend Fire"],"picked":"Feed"},{"not_picked":["Sword Boomerang","Clash"],"picked":"Shockwave"}],"player_experience":151062,"potions_floor_usage":[24,24],"damage_taken":[{"damage":9.0,"enemies":"Jaw Worm","floor":1.0,"turns":5.0},{"damage":1.0,"enemies":"Cultist","floor":2.0,"turns":3.0},{"damage":25.0,"enemies":"Lagavulin","floor":6.0,"turns":7.0},{"damage":0.0,"enemies":"Small Slimes","floor":8.0,"turns":3.0},{"damage":11.0,"enemies":"3 Sentries","floor":10.0,"turns":6.0},{"damage":10.0,"enemies":"Looter","floor":11.0,"turns":3.0},{"damage":11.0,"enemies":"Large Slime","floor":12.0,"turns":6.0},{"damage":32.0,"enemies":"The Guardian","floor":16.0,"turns":17.0},{"damage":13,"enemies":"Chosen","floor":18,"turns":6},{"damage":12,"enemies":"2 Thieves","floor":20,"turns":4},{"damage":7,"enemies":"3 Cultists","floor":21,"turns":4},{"damage":8,"enemies":"Book of Stabbing","floor":24,"turns":5},{"damage":45,"enemies":"Sentry and Sphere","floor":29,"turns":8},{"damage":16,"enemies":"Snake Plant","floor":30,"turns":4},{"damage":141,"enemies":"Champ","floor":33,"turns":16}],"event_choices":[{"event_name":"Match and Keep!","player_choice":"1 cards matched","floor":3.0,"damage_taken":0.0},{"event_name":"Liars Game","player_choice":"disagreed","floor":4.0,"damage_taken":0.0},{"event_name":"Shining Light","player_choice":"Entered Light","floor":5.0,"damage_taken":0.0},{"event_name":"Vampires","player_choice":"Became a vampire","floor":19,"damage_taken":0},{"event_name":"Addict","player_choice":"Ignored","floor":25,"damage_taken":0}],"boss_relics":[{"not_picked":["Lizard Tail","Runic Dome"],"picked":"Cursed Key"}],"potions_floor_spawned":[8,10,12,18,20],"seed_played":"8115675764356643726","killed_by":"Champ","ascension_level":1,"is_trial":false}