{"gold_per_floor":[111,121,134,148,163,163,189,189,240,260,291,309,329,346,346,441,441,451,471,481,501,514,514,532,563,563,563,582,582,594,611,611,716,716,733,747,598,698,598,598,610,610,610,622,622,632,646,660,660,660,660,660,30,65,65],"floor_reached":56,"playtime":4226,"items_purged":["Flex","Armaments+1","Bash"],"score":1145,"play_id":"783c591d-02dc-4b34-b5d5-4e7ca8018e1c","local_time":"20190203192453","is_ascension_mode":false,"campfire_choices":[{"data":"Body Slam","floor":6.0,"key":"SMITH"},{"data":"Fiend Fire","floor":8.0,"key":"SMITH"},{"data":"Iron Wave","floor":15.0,"key":"SMITH"},{"data":"Barricade","floor":23.0,"key":"SMITH"},{"data":"Body Slam","floor":27.0,"key":"SMITH"},{"data":"Metallicize","floor":29.0,"key":"SMITH"},{"data":"Metallicize","floor":32.0,"key":"SMITH"},{"floor":40.0,"key":"RECALL"},{"data":"Juggernaut","floor":45.0,"key":"SMITH"},{"data":"Uppercut","floor":49.0,"key":"SMITH"},{"data":"Pommel Strike","floor":52.0,"key":"SMITH"}],"neow_cost":"NONE","seed_source_timestamp":0,"circlet_count":0,"master_deck":["Body Slam+1","Metallicize+1","Fiend Fire+1","Shrug It Off","Thunderclap","Impervious+1","Iron Wave+1","Entrench+1","Reaper","Hemokinesis","Pommel Strike","Berserk","Metallicize+1","Double Tap+1","Barricade+1","Uppercut+1","Feel No Pain","Carnage","Pommel Strike+1","Shrug It Off+1","Body Slam+1","Headbutt+1","True Grit+1","Disarm+1","Juggernaut+1","True Grit+1","True Grit+1","Dual Wield+1","Flame Barrier+1","Ghostly Armor+1","Shrug It Off+1","Warcry+1","Body Slam+1"],"special_seed":0,"relics":["Burning Blood","Self Forming Clay","Orichalcum","Toxic Egg 2","Pandora\u0027s Box","Vajra","Velvet Choker","Charon\u0027s Ashes","Letter Opener","Kunai","Lee\u0027s Waffle","Happy Flower"],"potions_floor_usage":[55,55],"damage_taken":[{"damage":6.0,"enemies":"Cultist","floor":1.0,"turns":3.0},{"damage":5.0,"enemies":"2 Louse","floor":2.0,"turns":2.0},{"damage":1.0,"enemies":"Jaw Worm","floor":3.0,"turns":3.0},{"damage":13.0,"enemies":"Red Slaver","floor":4.0,"turns":5.0},{"damage":10.0,"enemies":"Looter","floor":5.0,"turns":3.0},{"damage":26.0,"enemies":"Gremlin Nob","floor":7.0,"turns":5.0},{"damage":6.0,"enemies":"Large Slime","floor":10.0,"turns":7.0},{"damage":12.0,"enemies":"3 Sentries","floor":11.0,"turns":11.0},{"damage":1.0,"enemies":"2 Fungi Beasts","floor":12.0,"turns":2.0},{"damage":0.0,"enemies":"Blue Slaver","floor":13.0,"turns":4.0},{"damage":0.0,"enemies":"Exordium Thugs","floor":14.0,"turns":2.0},{"damage":52.0,"enemies":"Hexaghost","floor":16.0,"turns":12.0},{"damage":0.0,"enemies":"Spheric Guardian","floor":18.0,"turns":4.0},{"damage":4.0,"enemies":"3 Byrds","floor":19.0,"turns":7.0},{"damage":12.0,"enemies":"Snecko","floor":20.0,"turns":6.0},{"damage":4.0,"enemies":"3 Cultists","floor":21.0,"turns":7.0},{"damage":9.0,"enemies":"Snake Plant","floor":22.0,"turns":2.0},{"damage":3.0,"enemies":"Snecko","floor":24.0,"turns":4.0},{"damage":23.0,"enemies":"Book of Stabbing","floor":25.0,"turns":6.0},{"damage":2.0,"enemies":"Centurion and Healer","floor":28.0,"turns":4.0},{"damage":10.0,"enemies":"Snake Plant","floor":30.0,"turns":15.0},{"damage":5.0,"enemies":"Sentry and Sphere","floor":31.0,"turns":7.0},{"damage":4.0,"enemies":"Automaton","floor":33.0,"turns":10.0},{"damage":0.0,"enemies":"3 Darklings","floor":35.0,"turns":8.0},{"damage":12.0,"enemies":"Orb Walker","floor":36.0,"turns":2.0},{"damage":6.0,"enemies":"Mind Bloom Boss Battle","floor":38.0,"turns":6.0},{"damage":2.0,"enemies":"Spire Growth","floor":41.0,"turns":6.0},{"damage":6.0,"enemies":"Transient","floor":44.0,"turns":5.0},{"damage":6.0,"enemies":"Jaw Worm Horde","floor":46.0,"turns":7.0},{"damage":2.0,"enemies":"3 Darklings","floor":47.0,"turns":6.0},{"damage":5.0,"enemies":"4 Shapes","floor":48.0,"turns":4.0},{"damage":11.0,"enemies":"Time Eater","floor":50.0,"turns":12.0},{"damage":39,"enemies":"Shield and Spear","floor":54,"turns":9},{"damage":34,"enemies":"The Heart","floor":55,"turns":10}],"seed_played":"2857620827479221003","potions_obtained":[{"floor":0.0,"key":"FairyPotion"},{"floor":0.0,"key":"Weak Potion"},{"floor":0.0,"key":"Strength Potion"},{"floor":7.0,"key":"BloodPotion"},{"floor":13.0,"key":"Block Potion"},{"floor":22.0,"key":"PowerPotion"},{"floor":36.0,"key":"Ancient Potion"},{"floor":47.0,"key":"SteroidPotion"}],"is_trial":false,"path_per_floor":["M","M","M","M","M","R","E","R","T","M","E","M","M","M","R","B",null,"M","M","M","M","M","R","M","E","T","R","M","R","M","M","R","B",null,"M","M","$","?","$","R","M","?","T","M","R","M","M","M","R","B",null,"R","$","E","B",null],"character_chosen":"IRONCLAD","items_purchased":["LiquidBronze","Kunai","Warcry+1","Lee\u0027s Waffle"],"campfire_rested":0,"item_purchase_floors":[37,53,53,53],"current_hp_per_floor":[80,80,80,73,69,69,49,49,49,49,43,48,62,68,68,22,80,80,80,80,80,77,77,80,63,63,63,74,74,73,74,74,76,80,80,74,74,80,80,80,80,80,80,80,80,80,80,80,80,75,80,80,87,57,34],"gold":65,"neow_bonus":"THREE_SMALL_POTIONS","is_prod":false,"is_daily":false,"chose_seed":false,"campfire_upgraded":10,"win_rate":0,"timestamp":1549193093,"path_taken":["M","M","M","M","M","R","E","R","T","M","E","M","M","M","R","BOSS","M","M","M","M","M","R","?","E","T","R","M","R","M","M","R","BOSS","M","M","$","?","$","R","M","?","T","M","R","M","?","M","R","BOSS","R","$","E","BOSS"],"build_version":"2019-01-23","purchased_purges":3,"victory":true,"max_hp_per_floor":[80,80,80,80,80,80,80,80,80,80,80,80,80,80,80,80,80,80,80,80,80,80,80,80,80,80,80,80,80,80,80,80,80,80,80,80,80,80,80,80,80,80,80,80,80,80,80,80,80,80,80,80,87,87,87],"card_choices":[{"not_picked":["Warcry","Shockwave"],"picked":"Flex","floor":1.0},{"not_picked":["Dropkick","Searing Blow"],"picked":"Body Slam","floor":2.0},{"not_picked":["Corruption","Warcry"],"picked":"Metallicize","floor":3.0},{"not_picked":["Clothesline","Clash"],"picked":"Fiend Fire","floor":4.0},{"not_picked":["Seeing Red","Havoc","Infernal Blade"],"picked":"SKIP","floor":5.0},{"not_picked":["Clothesline","Headbutt"],"picked":"Shrug It Off","floor":7.0},{"not_picked":["Dropkick","Body Slam"],"picked":"Thunderclap","floor":10.0},{"not_picked":["Pommel Strike","Thunderclap"],"picked":"Impervious","floor":11.0},{"not_picked":["Clash","Cleave"],"picked":"Iron Wave","floor":12.0},{"not_picked":["Sword Boomerang","Thunderclap","Bloodletting+1"],"picked":"SKIP","floor":13.0},{"not_picked":["Searing Blow","Cleave"],"picked":"Entrench+1","floor":14.0},{"not_picked":["Berserk","Dark Embrace"],"picked":"Reaper","floor":16.0},{"not_picked":["Pummel","Metallicize"],"picked":"Pommel Strike","floor":18.0},{"not_picked":["Cleave+1","Thunderclap+1"],"picked":"Shrug It Off+1","floor":19.0},{"not_picked":["Dropkick+1","Blood for Blood"],"picked":"Body Slam","floor":20.0},{"not_picked":["Twin Strike","Flex+1"],"picked":"Headbutt+1","floor":21.0},{"not_picked":["Twin Strike","Sever Soul","Anger"],"picked":"SKIP","floor":22.0},{"not_picked":["Limit Break+1","Iron Wave"],"picked":"Armaments+1","floor":24.0},{"not_picked":["Flex+1","Perfected Strike","Clash"],"picked":"SKIP","floor":25.0},{"not_picked":["Anger","Corruption"],"picked":"True Grit+1","floor":28.0},{"not_picked":["Immolate","Clash","Perfected Strike+1"],"picked":"SKIP","floor":30.0},{"not_picked":["Armaments+1","Dropkick"],"picked":"Disarm+1","floor":31.0},{"not_picked":["Immolate","Fiend Fire"],"picked":"Juggernaut","floor":33.0},{"not_picked":["Rampage+1","Shockwave+1"],"picked":"True Grit+1","floor":35.0},{"not_picked":["Shrug It Off+1","Wild Strike+1"],"picked":"True Grit+1","floor":36.0},{"not_picked":["Second Wind+1","True Grit+1"],"picked":"Dual Wield+1","floor":38.0},{"not_picked":["Headbutt+1","Pommel Strike+1"],"picked":"Flame Barrier+1","floor":41.0},{"not_picked":["Thunderclap","Uppercut+1"],"picked":"Ghostly Armor+1","floor":44.0},{"not_picked":["Reckless Charge","Cleave+1","Perfected Strike"],"picked":"SKIP","floor":46.0},{"not_picked":["Searing Blow","Dropkick","Clash"],"picked":"SKIP","floor":47.0},{"not_picked":["Clothesline+1","Heavy Blade"],"picked":"Shrug It Off+1","floor":48.0},{"not_picked":["Bludgeon","Pummel"],"picked":"Body Slam+1","floor":54}],"player_experience":638963,"relics_obtained":[{"floor":7.0,"key":"Self Forming Clay"},{"floor":9.0,"key":"Orichalcum"},{"floor":11.0,"key":"Toxic Egg 2"},{"floor":25.0,"key":"Vajra"},{"floor":38.0,"key":"Charon\u0027s Ashes"},{"floor":43.0,"key":"Letter Opener"},{"floor":54,"key":"Happy Flower"}],"event_choices":[{"damage_healed":0.0,"max_hp_gain":0.0,"max_hp_loss":0.0,"gold_gain":0.0,"event_name":"MindBloom","player_choice":"Fight","floor":38.0,"gold_loss":0.0,"damage_taken":0.0},{"damage_healed":0.0,"max_hp_gain":0.0,"max_hp_loss":0.0,"gold_gain":0.0,"event_name":"SecretPortal","player_choice":"Ignored","floor":42.0,"gold_loss":0.0,"damage_taken":0.0}],"is_beta":false,"boss_relics":[{"not_picked":["Runic Cube","Calling Bell"],"picked":"Pandora\u0027s Box"},{"not_picked":["Black Star","Coffee Dripper"],"picked":"Velvet Choker"}],"items_purged_floors":[37,39,53],"is_endless":false,"potions_floor_spawned":[5,7,11,12,13,14,16,19,22,25,31,33,36,38,47],"ascension_level":0}