{"gold_per_floor":[364,41,55,72,91,116,116,116,185,185,23,50,0,14,14,91,91,111,123,54,69,89,89],"floor_reached":23,"playtime":1000,"items_purged":["Strike_G"],"score":382,"play_id":"74df0c45-a2c4-4f16-897e-781ce3a08c1c","local_time":"20190203134253","is_ascension_mode":true,"campfire_choices":[{"floor":7.0,"key":"REST"},{"data":"Dagger Spray","floor":10.0,"key":"SMITH"},{"floor":15.0,"key":"REST"}],"neow_cost":"PERCENT_DAMAGE","seed_source_timestamp":9117277041200,"circlet_count":0,"master_deck":["AscendersBane","Defend_G","Defend_G","Defend_G","Defend_G","Defend_G","Strike_G","Strike_G","Strike_G","Strike_G","Survivor","Neutralize+1","Dagger Spray+1","PiercingWail","PiercingWail","Poisoned Stab","Well Laid Plans","Bane","Catalyst","Corpse Explosion","Noxious Fumes","Leg Sweep","PiercingWail"],"special_seed":0,"relics":["Ring of the Snake","Snake Skull","Torii","Blue Candle","Odd Mushroom","Sozu"],"potions_floor_usage":[16,16,23],"damage_taken":[{"damage":4.0,"enemies":"Small Slimes","floor":1.0,"turns":5.0},{"damage":3.0,"enemies":"Jaw Worm","floor":3.0,"turns":5.0},{"damage":0.0,"enemies":"Cultist","floor":4.0,"turns":6.0},{"damage":13.0,"enemies":"Gremlin Gang","floor":5.0,"turns":4.0},{"damage":19.0,"enemies":"3 Sentries","floor":6.0,"turns":6.0},{"damage":2.0,"enemies":"The Mushroom Lair","floor":12.0,"turns":4.0},{"damage":8.0,"enemies":"Lots of Slimes","floor":14.0,"turns":4.0},{"damage":10,"enemies":"The Guardian","floor":16,"turns":3},{"damage":8,"enemies":"3 Byrds","floor":18,"turns":4},{"damage":14,"enemies":"2 Thieves","floor":19,"turns":3},{"damage":14,"enemies":"Sentry and Sphere","floor":21,"turns":5},{"damage":1,"enemies":"Cultist and Chosen","floor":22,"turns":6},{"damage":18,"enemies":"Book of Stabbing","floor":23,"turns":6}],"seed_played":"2674339285269141216","potions_obtained":[{"floor":5.0,"key":"AttackPotion"},{"floor":12.0,"key":"SkillPotion"},{"floor":16,"key":"SteroidPotion"}],"is_trial":false,"path_per_floor":["M","$","M","M","M","E","R","?","T","R","$","?","$","M","R","B",null,"M","M","$","M","M","E"],"character_chosen":"THE_SILENT","items_purchased":["Snake Skull","SteroidPotion","SteroidPotion","Poisoned Stab","Well Laid Plans","Bane","Poison Potion","Noxious Fumes"],"campfire_rested":2,"item_purchase_floors":[2,2,2,11,11,11,13,20],"current_hp_per_floor":[40,40,37,37,24,5,24,24,24,24,24,22,22,14,33,23,55,47,33,33,19,18,0],"gold":89,"neow_bonus":"TWO_FIFTY_GOLD","is_prod":false,"is_daily":false,"chose_seed":false,"campfire_upgraded":1,"win_rate":0,"timestamp":1549194173,"path_taken":["M","$","M","M","M","E","R","?","T","R","$","?","?","?","R","BOSS","M","M","$","M","?","E"],"build_version":"2019-01-23","purchased_purges":1,"victory":false,"max_hp_per_floor":[66,66,66,66,66,66,66,66,66,66,66,66,66,66,66,66,66,66,66,66,66,66,66],"card_choices":[{"not_picked":["Sucker Punch","Cloak And Dagger"],"picked":"Dagger Spray","floor":1.0},{"not_picked":["Slice","Outmaneuver","Deflect"],"picked":"SKIP","floor":3.0},{"not_picked":["Outmaneuver","Dagger Throw"],"picked":"PiercingWail","floor":4.0},{"not_picked":["Dagger Throw","Expertise"],"picked":"PiercingWail","floor":5.0},{"not_picked":["Dodge and Roll","Phantasmal Killer","All Out Attack"],"picked":"SKIP","floor":6.0},{"not_picked":["Riddle With Holes","Eviscerate"],"picked":"Catalyst","floor":12.0},{"not_picked":["Prepared","Underhanded Strike","Reflex"],"picked":"SKIP","floor":14.0},{"not_picked":["Wraith Form v2","Night Terror"],"picked":"Corpse Explosion","floor":16},{"not_picked":["Heel Hook","Terror","Flying Knee"],"picked":"SKIP","floor":18},{"not_picked":["Caltrops","Distraction","Blade Dance"],"picked":"SKIP","floor":19},{"not_picked":["Caltrops","Bane"],"picked":"Leg Sweep","floor":21},{"not_picked":["Cloak And Dagger+1","Quick Slash"],"picked":"PiercingWail","floor":22}],"player_experience":586044,"relics_obtained":[{"floor":6.0,"key":"Torii"},{"floor":9.0,"key":"Blue Candle"},{"floor":12.0,"key":"Odd Mushroom"}],"event_choices":[{"damage_healed":0.0,"max_hp_gain":0.0,"max_hp_loss":0.0,"gold_gain":0.0,"event_name":"Living Wall","player_choice":"Grow","floor":8.0,"gold_loss":0.0,"damage_taken":0.0,"cards_upgraded":["Neutralize"]},{"damage_healed":0.0,"max_hp_gain":0.0,"max_hp_loss":0.0,"gold_gain":0.0,"event_name":"Mushrooms","player_choice":"Fought Mushrooms","floor":12.0,"gold_loss":0.0,"damage_taken":0.0}],"is_beta":false,"boss_relics":[{"not_picked":["Ectoplasm","Calling Bell"],"picked":"Sozu"}],"items_purged_floors":[2],"is_endless":false,"potions_floor_spawned":[3,5,12,16,18,21],"killed_by":"Book of Stabbing","ascension_level":15}