{"gold_per_floor":[117,136,154,171,189,218,218,246,246,246,266,266,266,277,277,354,354,331,331,343,343,48,48,48],"floor_reached":24,"playtime":1883,"items_purged":["Strike_G"],"score":416,"play_id":"b8890f38-e90d-46dd-bc08-d8eb58bdefc2","local_time":"20190203085055","is_ascension_mode":true,"campfire_choices":[{"data":"Neutralize","floor":7,"key":"SMITH"},{"data":"Noxious Fumes","floor":10,"key":"SMITH"},{"data":"Deadly Poison","floor":12,"key":"SMITH"},{"data":"Poisoned Stab","floor":15,"key":"SMITH"},{"data":"Malaise","floor":23,"key":"SMITH"}],"neow_cost":"NONE","seed_source_timestamp":1033894069292163,"circlet_count":0,"master_deck":["AscendersBane","Defend_G","Defend_G","Defend_G","Defend_G","Defend_G","Strike_G","Strike_G","Strike_G","Survivor","Neutralize+1","Noxious Fumes+1","Deadly Poison+1","Infinite Blades","Quick Slash","Poisoned Stab+1","Backstab","Cloak And Dagger","Malaise+1","PiercingWail","Dodge and Roll","PiercingWail"],"relics":["Ring of the Snake","Oddly Smooth Stone","Ornamental Fan","Art of War","Question Card","Philosopher\u0027s Stone","Potion Belt"],"potions_floor_usage":[5,8,16,24],"damage_taken":[{"damage":0,"enemies":"Cultist","floor":1,"turns":5},{"damage":0,"enemies":"2 Louse","floor":2,"turns":4},{"damage":6,"enemies":"Small Slimes","floor":3,"turns":4},{"damage":8,"enemies":"Exordium Wildlife","floor":4,"turns":4},{"damage":13,"enemies":"Lots of Slimes","floor":5,"turns":4},{"damage":14,"enemies":"Lagavulin","floor":6,"turns":6},{"damage":15,"enemies":"3 Sentries","floor":8,"turns":8},{"damage":0,"enemies":"2 Fungi Beasts","floor":11,"turns":3},{"damage":9,"enemies":"Large Slime","floor":14,"turns":5},{"damage":1,"enemies":"The Guardian","floor":16,"turns":9},{"damage":22,"enemies":"2 Thieves","floor":18,"turns":4},{"damage":0,"enemies":"3 Byrds","floor":20,"turns":6},{"damage":31,"enemies":"Slavers","floor":24,"turns":6}],"seed_played":"4034097539846612448","potions_obtained":[{"floor":1,"key":"Energy Potion"},{"floor":2,"key":"FearPotion"},{"floor":6,"key":"Regen Potion"},{"floor":20,"key":"Swift Potion"}],"is_trial":false,"path_per_floor":["M","?","?","?","$"],"character_chosen":"THE_SILENT","items_purchased":["PiercingWail","Potion Belt"],"campfire_rested":0,"item_purchase_floors":[22,22],"current_hp_per_floor":[59,59,53,45,32,18,18,18,18,18,18,18,18,9,9,8,52,30,30,30,30,30,30,0],"gold":48,"neow_bonus":"RANDOM_COMMON_RELIC","is_prod":false,"is_daily":false,"chose_seed":false,"campfire_upgraded":5,"win_rate":0,"timestamp":1549176655,"path_taken":["M","M","M","M","?","E","R","E","T","R","M","R","?","M","R","BOSS","M","?","M","?","?","R","E"],"build_version":"2019-01-23","purchased_purges":1,"victory":false,"max_hp_per_floor":[66,66,66,66,66,66,66,66,66,66,66,66,66,66,66,66,66,66,66,66,66,66,66,66],"card_choices":[{"not_picked":["All Out Attack","Flechettes"],"picked":"Noxious Fumes","floor":1},{"not_picked":["Flying Knee","Blade Dance"],"picked":"Deadly Poison","floor":2},{"not_picked":["Backflip","Blade Dance"],"picked":"Infinite Blades","floor":3},{"not_picked":["Blade Dance","Blur"],"picked":"Quick Slash","floor":4},{"not_picked":["Flechettes","All Out Attack"],"picked":"Poisoned Stab","floor":5},{"not_picked":["Flechettes","Venomology","Bouncing Flask"],"picked":"SKIP","floor":6},{"not_picked":["Sucker Punch","Bane"],"picked":"Backstab","floor":8},{"not_picked":["Underhanded Strike","Prepared","Blur"],"picked":"Cloak And Dagger","floor":11},{"not_picked":["Reflex","Setup","Blade Dance","Cloak And Dagger"],"picked":"SKIP","floor":14},{"not_picked":["Burst","Doppelganger","Bullet Time"],"picked":"Malaise","floor":16},{"not_picked":["Dash","Deflect","Terror","Distraction"],"picked":"SKIP","floor":18},{"not_picked":["Bouncing Flask","Riddle With Holes","Deadly Poison"],"picked":"Dodge and Roll","floor":20}],"player_experience":1151060,"relics_obtained":[{"floor":6,"key":"Ornamental Fan"},{"floor":8,"key":"Art of War"},{"floor":9,"key":"Question Card"}],"event_choices":[{"cards_removed":["Strike_G"],"damage_healed":0,"gold_gain":0,"player_choice":"Forget","damage_taken":0,"max_hp_gain":0,"max_hp_loss":0,"event_name":"Living Wall","floor":13,"gold_loss":0},{"damage_healed":0,"gold_gain":0,"player_choice":"Read","damage_taken":0,"max_hp_gain":0,"max_hp_loss":0,"event_name":"The Library","floor":19,"gold_loss":0,"cards_obtained":["PiercingWail"]},{"damage_healed":0,"gold_gain":0,"player_choice":"Ignored","damage_taken":0,"max_hp_gain":0,"max_hp_loss":0,"event_name":"Vampires","floor":21,"gold_loss":0}],"is_beta":false,"boss_relics":[{"not_picked":["Coffee Dripper","Sozu"],"picked":"Philosopher\u0027s Stone"}],"items_purged_floors":[22],"is_endless":false,"potions_floor_spawned":[1,2,6,20],"killed_by":"Slavers","ascension_level":20}