{"gold_per_floor":[114,114,289,308,0,33,33,63,63,94,113,141,151,5,5,104,104,122,122,142,142,142,174,174,190,190,190,29,45,72,92,92,191,191,204,304,304,304,304,330,330,656,709,709,723,723,465,66,66,66],"floor_reached":51,"playtime":7285,"items_purged":["Doubt","Strike_B","Strike_B","Strike_B"],"score":1286,"play_id":"e08e8595-dd92-4d62-9a4c-e444e65df0a3","local_time":"20181210151048","is_ascension_mode":true,"campfire_choices":[{"data":"Dualcast","floor":7.0,"key":"SMITH"},{"floor":15.0,"key":"REST"},{"floor":24.0,"key":"REST"},{"floor":27,"key":"REST"},{"data":"Reinforced Body","floor":32,"key":"SMITH"},{"data":"Apotheosis","floor":41,"key":"SMITH"},{"data":"Machine Learning","floor":49,"key":"SMITH"}],"neow_cost":"NONE","seed_source_timestamp":60995018620671,"circlet_count":0,"master_deck":["AscendersBane","Defend_B","Defend_B","Defend_B","Defend_B+1","Zap+1","Dualcast+1","Sweeping Beam","Core Surge","Reinforced Body+1","Capacitor","Compile Driver","Hologram","Rainbow+1","Go for the Eyes","Conserve Battery","BootSequence+1","Undo","Machine Learning+1","White Noise+1","Apotheosis+1","Madness","Madness","Madness","Barrage+1","Seek","Redo+1"],"special_seed":0,"relics":["Cracked Core","Juzu Bracelet","Membership Card","PreservedInsect","Symbiotic Virus","Gremlin Horn","Cables","Incense Burner","Mercury Hourglass","Pantograph","Velvet Choker","Emotion Chip","MutagenicStrength","Bronze Scales","FossilizedHelix","Anchor","War Paint","Inserter","Bird Faced Urn","Molten Egg 2","Old Coin","Orichalcum","Vajra","Frozen Egg 2","Chemical X","Strawberry","Thread and Needle"],"potions_floor_usage":[50,50],"damage_taken":[{"damage":2.0,"enemies":"Small Slimes","floor":1.0,"turns":3.0},{"damage":0.0,"enemies":"2 Louse","floor":4.0,"turns":2.0},{"damage":20.0,"enemies":"3 Sentries","floor":6.0,"turns":6.0},{"damage":16.0,"enemies":"Gremlin Nob","floor":10.0,"turns":3.0},{"damage":2.0,"enemies":"Jaw Worm","floor":11.0,"turns":3.0},{"damage":10.0,"enemies":"3 Sentries","floor":12.0,"turns":3.0},{"damage":5.0,"enemies":"Gremlin Gang","floor":13.0,"turns":2.0},{"damage":18.0,"enemies":"The Guardian","floor":16.0,"turns":7.0},{"damage":10.0,"enemies":"3 Byrds","floor":18.0,"turns":3.0},{"damage":1.0,"enemies":"Spheric Guardian","floor":20.0,"turns":3.0},{"damage":30.0,"enemies":"Slavers","floor":23.0,"turns":3.0},{"damage":19,"enemies":"Shelled Parasite and Fungi","floor":25,"turns":4},{"damage":0,"enemies":"Chosen and Byrds","floor":29,"turns":4},{"damage":0,"enemies":"Gremlin Leader","floor":30,"turns":4},{"damage":0,"enemies":"3 Cultists","floor":31,"turns":4},{"damage":10,"enemies":"Collector","floor":33,"turns":10},{"damage":10,"enemies":"3 Darklings","floor":35,"turns":7},{"damage":0,"enemies":"Mind Bloom Boss Battle","floor":36,"turns":6},{"damage":24,"enemies":"Reptomancer","floor":40,"turns":6},{"damage":42,"enemies":"Giant Head","floor":42,"turns":9},{"damage":0,"enemies":"3 Shapes","floor":45,"turns":4},{"damage":0,"enemies":"Awakened One","floor":50,"turns":11}],"seed_played":"-6786128581891486332","potions_obtained":[{"floor":11.0,"key":"FearPotion"},{"floor":12.0,"key":"Swift Potion"},{"floor":13.0,"key":"FearPotion"},{"floor":16.0,"key":"EssenceOfSteel"},{"floor":23.0,"key":"Explosive Potion"},{"floor":25,"key":"Explosive Potion"},{"floor":30,"key":"EssenceOfSteel"}],"is_trial":false,"path_per_floor":["M","?","?","M","$","E","R","?","T","E","M","E","M","$","R","B",null,"M","?","M","?","?","E","R","M","T","R","$","M","E","M","R","B",null,"M","?","?","?","?","E","R","E","T","?","M","?","$","$","R","B",null],"character_chosen":"DEFECT","items_purchased":["Membership Card","PreservedInsect","Pantograph","Hologram","Anchor","Undo","Vajra","Frozen Egg 2","Chemical X","Strawberry","Thread and Needle"],"campfire_rested":3,"item_purchase_floors":[5,5,14,14,28,28,47,47,48,48,48],"current_hp_per_floor":[66,66,66,66,66,46,46,46,46,30,28,18,13,13,35,42,67,57,43,42,42,42,12,36,17,17,41,41,41,41,41,41,56,74,64,80,75,75,65,47,47,11,11,11,17,70,70,77,77,77],"gold":66,"neow_bonus":"RANDOM_COMMON_RELIC","is_prod":false,"is_daily":false,"chose_seed":false,"campfire_upgraded":4,"win_rate":0,"timestamp":1544451048,"path_taken":["M","?","?","M","$","E","R","?","T","E","M","E","M","$","R","BOSS","M","?","M","?","?","E","R","M","T","R","$","M","E","M","R","BOSS","M","?","?","?","?","E","R","E","T","?","M","?","?","$","R","BOSS"],"build_version":"2018-12-06","purchased_purges":4,"victory":true,"max_hp_per_floor":[75,75,75,75,75,75,75,75,75,75,75,75,75,75,75,75,75,75,80,80,80,80,80,80,80,80,80,80,80,80,80,80,80,80,80,80,80,80,80,80,80,80,80,80,80,70,70,77,77,77],"card_choices":[{"not_picked":["Hologram","Ball Lightning"],"picked":"Sweeping Beam","floor":1.0},{"not_picked":["Gash","Scrape","Compile Driver"],"picked":"SKIP","floor":4.0},{"not_picked":["Capacitor","Consume"],"picked":"Core Surge","floor":6.0},{"not_picked":["Stack","Scrape"],"picked":"Reinforced Body","floor":10.0},{"not_picked":["Double Energy","Heatsinks"],"picked":"Capacitor","floor":11.0},{"not_picked":["Fusion","Darkness"],"picked":"Compile Driver","floor":12.0},{"not_picked":["Stack","Gash","Sweeping Beam"],"picked":"SKIP","floor":13.0},{"not_picked":["Amplify","All For One"],"picked":"Rainbow","floor":16.0},{"not_picked":["Gash","Compile Driver"],"picked":"Go for the Eyes","floor":18.0},{"not_picked":["Sunder+1","Hello World"],"picked":"Conserve Battery","floor":20.0},{"not_picked":["Barrage","All For One"],"picked":"BootSequence+1","floor":23.0},{"not_picked":["Gash","Compile Driver","Ball Lightning"],"picked":"SKIP","floor":25},{"not_picked":["Reprogram","Aggregate","Beam Cell"],"picked":"SKIP","floor":29},{"not_picked":["Heatsinks","Beam Cell","Compile Driver"],"picked":"SKIP","floor":30},{"not_picked":["Force Field","Stack","Sunder+1"],"picked":"SKIP","floor":31},{"not_picked":["Buffer","Rainbow"],"picked":"Machine Learning","floor":33},{"not_picked":["Leap","Rebound","Skim+1"],"picked":"SKIP","floor":35},{"not_picked":["Barrage","Hologram"],"picked":"White Noise+1","floor":36},{"not_picked":["PanicButton","Flash of Steel"],"picked":"Apotheosis","floor":37},{"not_picked":["The Bomb","Mind Blast"],"picked":"Madness","floor":37},{"not_picked":["Beam Cell","Leap"],"picked":"Barrage+1","floor":40},{"not_picked":["Lockon+1","Loop"],"picked":"Seek","floor":42},{"not_picked":["Gash+1","Stack"],"picked":"Redo+1","floor":45}],"player_experience":540530,"relics_obtained":[{"floor":6.0,"key":"Symbiotic Virus"},{"floor":9.0,"key":"Cables"},{"floor":10.0,"key":"Incense Burner"},{"floor":12.0,"key":"Mercury Hourglass"},{"floor":23.0,"key":"Bronze Scales"},{"floor":26,"key":"FossilizedHelix"},{"floor":30,"key":"War Paint"},{"floor":36,"key":"Bird Faced Urn"},{"floor":40,"key":"Molten Egg 2"},{"floor":42,"key":"Old Coin"},{"floor":43,"key":"Orichalcum"}],"event_choices":[{"damage_healed":0.0,"max_hp_gain":0.0,"max_hp_loss":0.0,"gold_gain":0.0,"event_name":"Living Wall","player_choice":"Grow","floor":2.0,"gold_loss":0.0,"damage_taken":0.0,"cards_upgraded":["Zap"]},{"damage_healed":0.0,"max_hp_gain":0.0,"max_hp_loss":0.0,"gold_gain":175.0,"event_name":"Liars Game","player_choice":"AGREE","floor":3.0,"gold_loss":0.0,"damage_taken":0.0,"cards_obtained":["Doubt"]},{"damage_healed":0.0,"max_hp_gain":0.0,"max_hp_loss":0.0,"gold_gain":30.0,"event_name":"Dead Adventurer","player_choice":"Searched \u00273\u0027 times","floor":8.0,"gold_loss":0.0,"damage_taken":0.0,"relics_obtained":["Gremlin Horn"]},{"damage_healed":0.0,"max_hp_gain":5.0,"max_hp_loss":0.0,"gold_gain":0.0,"event_name":"Forgotten Altar","player_choice":"Shed Blood","floor":19.0,"gold_loss":0.0,"damage_taken":19.0},{"damage_healed":0.0,"max_hp_gain":0.0,"max_hp_loss":0.0,"gold_gain":0.0,"event_name":"WeMeetAgain","player_choice":"Gave Potion","floor":21.0,"gold_loss":0.0,"damage_taken":0.0,"relics_obtained":["Emotion Chip"]},{"damage_healed":0.0,"max_hp_gain":0.0,"max_hp_loss":0.0,"gold_gain":0.0,"event_name":"Drug Dealer","player_choice":"Inject Mutagens","floor":22.0,"gold_loss":0.0,"damage_taken":0.0,"relics_obtained":["MutagenicStrength"]},{"damage_healed":0,"gold_gain":0,"player_choice":"Fight","damage_taken":0,"max_hp_gain":0,"max_hp_loss":0,"event_name":"MindBloom","floor":36,"gold_loss":0},{"damage_healed":0,"gold_gain":0,"player_choice":"Memory 2","damage_taken":5,"max_hp_gain":0,"max_hp_loss":0,"event_name":"SensoryStone","floor":37,"gold_loss":0},{"cards_removed":["Strike_B"],"damage_healed":0,"gold_gain":0,"player_choice":"Removed Attack","damage_taken":0,"max_hp_gain":0,"max_hp_loss":0,"event_name":"Falling","floor":38,"gold_loss":0},{"damage_healed":0,"gold_gain":0,"player_choice":"Embrace Madness","damage_taken":10,"max_hp_gain":0,"max_hp_loss":0,"event_name":"Winding Halls","floor":39,"gold_loss":0,"cards_obtained":["Madness","Madness"]},{"damage_healed":0,"gold_gain":0,"player_choice":"Ignored","damage_taken":0,"max_hp_gain":0,"max_hp_loss":0,"event_name":"Tomb of Lord Red Mask","floor":44,"gold_loss":0},{"damage_healed":70,"gold_gain":0,"player_choice":"Heal","damage_taken":0,"max_hp_gain":0,"max_hp_loss":10,"event_name":"The Moai Head","floor":46,"gold_loss":0}],"is_beta":false,"boss_relics":[{"not_picked":["Black Star","Astrolabe"],"picked":"Velvet Choker"},{"not_picked":["Lizard Tail","Busted Crown"],"picked":"Inserter"}],"items_purged_floors":[5,28,47,48],"is_endless":false,"potions_floor_spawned":[11,12,13,16,23,25,29,30,35,36,42,45],"ascension_level":10}