{"gold_per_floor":[116,135,135,135,150,150,213,213,213,213,229,229,245,245,245,245],"floor_reached":16,"playtime":584,"items_purged":[],"score":200,"play_id":"01879b90-e6b1-4677-84a0-09d46e9b25ef","local_time":"20190203112005","is_ascension_mode":true,"campfire_choices":[{"data":"Dagger Spray","floor":6,"key":"SMITH"},{"data":"Flechettes","floor":8,"key":"SMITH"},{"floor":10,"key":"DIG"},{"floor":12,"key":"DIG"},{"floor":15,"key":"DIG"}],"neow_cost":"NONE","seed_source_timestamp":1044143542061208,"circlet_count":0,"master_deck":["AscendersBane","Defend_G","Defend_G","Defend_G","Defend_G+1","Defend_G","Strike_G","Strike_G","Strike_G","Strike_G","Strike_G","Survivor","Neutralize+1","Dagger Spray+1","PiercingWail+1","Sucker Punch","Flechettes+1"],"relics":["Ring of the Snake","FossilizedHelix","Tiny Chest","Shovel","War Paint","Lantern","Golden Idol","Snake Skull"],"potions_floor_usage":[16],"damage_taken":[{"damage":8,"enemies":"Small Slimes","floor":1,"turns":4},{"damage":3,"enemies":"2 Louse","floor":2,"turns":2},{"damage":0,"enemies":"Cultist","floor":5,"turns":4},{"damage":27,"enemies":"3 Sentries","floor":7,"turns":8},{"damage":0,"enemies":"Red Slaver","floor":11,"turns":4},{"damage":0,"enemies":"3 Louse","floor":13,"turns":3},{"damage":18,"enemies":"Slime Boss","floor":16,"turns":7}],"seed_played":"-5651902656560269985","potions_obtained":[{"floor":7,"key":"Energy Potion"},{"floor":11,"key":"Poison Potion"}],"is_trial":false,"path_per_floor":["?","?","?"],"character_chosen":"THE_SILENT","items_purchased":[],"campfire_rested":0,"item_purchase_floors":[],"current_hp_per_floor":[51,48,53,42,42,42,15,15,15,15,15,15,15,15,15,0],"gold":245,"neow_bonus":"UPGRADE_CARD","is_prod":false,"is_daily":false,"chose_seed":false,"campfire_upgraded":2,"win_rate":0,"timestamp":1549185605,"path_taken":["M","M","?","?","M","R","E","R","T","R","M","R","M","?","R","BOSS"],"build_version":"2019-01-23","purchased_purges":0,"victory":false,"max_hp_per_floor":[66,66,71,71,71,71,71,71,71,71,71,71,71,64,64,64],"card_choices":[{"not_picked":["Underhanded Strike","Cloak And Dagger"],"picked":"Dagger Spray","floor":1},{"not_picked":["Reflex","Slice"],"picked":"PiercingWail","floor":2},{"not_picked":["Setup","Blur"],"picked":"Sucker Punch","floor":5},{"not_picked":["Deflect","Burst"],"picked":"Flechettes","floor":7},{"not_picked":["Prepared","Dodge and Roll","Sucker Punch"],"picked":"SKIP","floor":11},{"not_picked":["Caltrops","All Out Attack","Distraction"],"picked":"SKIP","floor":13}],"player_experience":1155643,"relics_obtained":[{"floor":7,"key":"Tiny Chest"},{"floor":9,"key":"Shovel"},{"floor":10,"key":"War Paint"},{"floor":12,"key":"Lantern"},{"floor":15,"key":"Snake Skull"}],"event_choices":[{"damage_healed":0,"gold_gain":0,"player_choice":"Donut","damage_taken":0,"max_hp_gain":5,"max_hp_loss":0,"event_name":"Big Fish","floor":3,"gold_loss":0},{"damage_healed":0,"gold_gain":0,"player_choice":"Success","damage_taken":11,"relics_obtained":["FossilizedHelix"],"max_hp_gain":0,"max_hp_loss":0,"event_name":"Scrap Ooze","floor":4,"gold_loss":0},{"damage_healed":0,"gold_gain":0,"player_choice":"Lose Max HP","damage_taken":0,"relics_obtained":["Golden Idol"],"max_hp_gain":0,"max_hp_loss":7,"event_name":"Golden Idol","floor":14,"gold_loss":0}],"is_beta":false,"boss_relics":[],"items_purged_floors":[],"is_endless":false,"potions_floor_spawned":[7,11],"killed_by":"Slime Boss","ascension_level":20}