{"gold_per_floor":[219,234,252,177,177,202,202,58,104,135,135,210,244,73,73,151,201,214,104,120,139,156,156,171,171,207,244,256,293,305,331,343,355],"floor_reached":33,"playtime":1422,"items_purged":["Strike_G","Strike_G"],"score":530,"play_id":"5fd6c04d-a976-44f7-9fc5-f89c4e8ac6e5","local_time":"20190203132541","is_ascension_mode":true,"campfire_choices":[{"floor":7,"key":"REST"},{"floor":11,"key":"REST"},{"data":"Footwork","floor":15,"key":"SMITH"},{"data":"Caltrops","floor":23,"key":"SMITH"},{"floor":28,"key":"REST"},{"floor":30,"key":"REST"},{"data":"Cloak And Dagger","floor":32,"key":"SMITH"}],"neow_cost":"NONE","seed_source_timestamp":7685733640700,"circlet_count":0,"master_deck":["AscendersBane","Defend_G","Defend_G+1","Defend_G","Defend_G","Defend_G","Survivor","Neutralize+1","Dagger Spray","Dash+1","Caltrops+1","Deadly Poison","Bane+1","Footwork+1","After Image","Leg Sweep","Blade Dance+1","Calculated Gamble+1","Venomology","Cloak And Dagger+1"],"relics":["Ring of the Snake","Bronze Scales","PreservedInsect","Oddly Smooth Stone","Art of War","Tiny House","MawBank","Vajra","Whetstone","Meat on the Bone"],"potions_floor_usage":[10,13,18,27,27,31,33],"damage_taken":[{"damage":2,"enemies":"2 Louse","floor":1,"turns":3},{"damage":2,"enemies":"Jaw Worm","floor":2,"turns":5},{"damage":9,"enemies":"Small Slimes","floor":3,"turns":3},{"damage":25,"enemies":"Gremlin Nob","floor":6,"turns":6},{"damage":17,"enemies":"Lagavulin","floor":10,"turns":8},{"damage":1,"enemies":"Gremlin Nob","floor":13,"turns":4},{"damage":1,"enemies":"Hexaghost","floor":16,"turns":11},{"damage":13,"enemies":"Spheric Guardian","floor":18,"turns":8},{"damage":0,"enemies":"3 Byrds","floor":20,"turns":4},{"damage":3,"enemies":"Shelled Parasite and Fungi","floor":21,"turns":8},{"damage":9,"enemies":"3 Cultists","floor":22,"turns":8},{"damage":7,"enemies":"Chosen and Byrds","floor":24,"turns":6},{"damage":27,"enemies":"Slavers","floor":27,"turns":4},{"damage":19,"enemies":"Gremlin Leader","floor":29,"turns":8},{"damage":4,"enemies":"Snecko","floor":31,"turns":5},{"damage":52,"enemies":"Champ","floor":33,"turns":12}],"seed_played":"-1270917339946419954","potions_obtained":[{"floor":2,"key":"GamblersBrew"},{"floor":3,"key":"Energy Potion"},{"floor":10,"key":"Block Potion"},{"floor":13,"key":"GhostInAJar"},{"floor":17,"key":"Regen Potion"},{"floor":18,"key":"Ancient Potion"},{"floor":22,"key":"Dexterity Potion"}],"is_trial":false,"path_per_floor":["M","M","M","?","?","E","R","$","T","E","R","?","E","$","R","B",null,"M","?","M","M","M","R","M","T","T","E","R","E","R","M","R","B"],"character_chosen":"THE_SILENT","items_purchased":["Caltrops","Footwork"],"campfire_rested":4,"item_purchase_floors":[8,14],"current_hp_per_floor":[57,55,46,46,39,14,33,33,33,16,35,24,23,23,23,22,60,61,61,61,58,49,49,42,42,42,15,36,17,38,46,46,0],"gold":355,"neow_bonus":"HUNDRED_GOLD","is_prod":false,"is_daily":false,"chose_seed":false,"campfire_upgraded":3,"win_rate":0,"timestamp":1549193141,"path_taken":["M","M","M","?","?","E","R","$","T","E","R","?","E","$","R","BOSS","M","?","?","M","M","R","M","?","T","E","R","E","R","?","R","BOSS"],"build_version":"2019-01-23","purchased_purges":2,"victory":false,"max_hp_per_floor":[66,66,66,66,66,66,66,66,66,66,66,66,66,66,66,66,71,71,71,71,71,71,71,71,71,71,71,71,71,71,71,71,71],"card_choices":[{"not_picked":["Blade Dance","Backflip"],"picked":"Dagger Spray","floor":1},{"not_picked":["Prepared","Cloak And Dagger","Eviscerate"],"picked":"SKIP","floor":2},{"not_picked":["Quick Slash","Eviscerate"],"picked":"Dash","floor":3},{"not_picked":["Tactician","Underhanded Strike","Dagger Throw"],"picked":"SKIP","floor":6},{"not_picked":["PiercingWail","Masterful Stab"],"picked":"Deadly Poison","floor":10},{"not_picked":["Wraith Form v2","Prepared"],"picked":"Bane","floor":13},{"not_picked":["A Thousand Cuts","Bullet Time"],"picked":"After Image","floor":16},{"not_picked":["Cloak And Dagger","Flechettes"],"picked":"Leg Sweep","floor":17},{"not_picked":["Flechettes","Quick Slash","Reflex+1"],"picked":"SKIP","floor":18},{"not_picked":["Finisher","Underhanded Strike","Dodge and Roll"],"picked":"SKIP","floor":20},{"not_picked":["Dodge and Roll","Prepared","Blur"],"picked":"SKIP","floor":21},{"not_picked":["Cloak And Dagger","Flying Knee"],"picked":"Blade Dance+1","floor":22},{"not_picked":["Unload","Underhanded Strike"],"picked":"Calculated Gamble+1","floor":24},{"not_picked":["Quick Slash","Storm of Steel","Dagger Spray"],"picked":"SKIP","floor":27},{"not_picked":["Dagger Spray","Deadly Poison"],"picked":"Venomology","floor":29},{"not_picked":["Concentrate","Leg Sweep","Cloak And Dagger"],"picked":"SKIP","floor":31},{"not_picked":["Concentrate","Leg Sweep"],"picked":"Cloak And Dagger","floor":31}],"player_experience":584622,"relics_obtained":[{"floor":6,"key":"Bronze Scales"},{"floor":9,"key":"PreservedInsect"},{"floor":10,"key":"Oddly Smooth Stone"},{"floor":13,"key":"Art of War"},{"floor":25,"key":"MawBank"},{"floor":26,"key":"Vajra"},{"floor":27,"key":"Whetstone"},{"floor":29,"key":"Meat on the Bone"}],"event_choices":[{"cards_removed":["Strike_G"],"damage_healed":0,"gold_gain":0,"player_choice":"Card Removal","damage_taken":0,"max_hp_gain":0,"max_hp_loss":0,"event_name":"The Cleric","floor":4,"gold_loss":75},{"cards_removed":["Strike_G"],"damage_healed":0,"gold_gain":0,"player_choice":"Card Removal","damage_taken":7,"max_hp_gain":0,"max_hp_loss":0,"event_name":"Golden Wing","floor":5,"gold_loss":0},{"damage_healed":0,"gold_gain":75,"player_choice":"Gather Gold","damage_taken":11,"max_hp_gain":0,"max_hp_loss":0,"event_name":"World of Goop","floor":12,"gold_loss":0},{"cards_removed":["Strike_G"],"damage_healed":0,"gold_gain":0,"player_choice":"Upgrade and Remove","damage_taken":0,"max_hp_gain":0,"max_hp_loss":0,"event_name":"Designer","floor":19,"gold_loss":110,"cards_upgraded":["Dash"]}],"is_beta":false,"boss_relics":[{"not_picked":["Ectoplasm","Empty Cage"],"picked":"Tiny House"}],"items_purged_floors":[8,14],"is_endless":false,"potions_floor_spawned":[2,3,10,13,18,22],"killed_by":"Champ","ascension_level":15}