{"gold_per_floor":[117,132,132,0,18,18,31,31,77,90,104,131,142,155,155,232,232,244,260,276,288,19,19,19],"floor_reached":24,"playtime":2487,"items_purged":["Strike_B"],"score":388,"play_id":"d4f7d4ff-9809-40cb-810f-92c1356d48da","local_time":"20190127195644","is_ascension_mode":true,"campfire_choices":[{"data":"Zap","floor":6.0,"key":"SMITH"},{"data":"Sunder","floor":8.0,"key":"SMITH"},{"floor":15.0,"key":"REST"},{"floor":23,"key":"REST"}],"neow_cost":"NONE","seed_source_timestamp":0,"circlet_count":0,"master_deck":["AscendersBane","Strike_B","Strike_B+1","Strike_B+1","Defend_B","Defend_B","Defend_B","Defend_B","Zap+1","Dualcast","Static Discharge","Blizzard","Chill","Sunder+1","Sweeping Beam","Coolheaded","Conserve Battery","BootSequence","Seek","Hologram","Hologram+1","Sweeping Beam+1","Coolheaded"],"special_seed":0,"relics":["Cracked Core","Potion Belt","Strawberry","Whetstone","Snecko Eye","Membership Card"],"potions_floor_usage":[20],"damage_taken":[{"damage":7.0,"enemies":"Small Slimes","floor":1.0,"turns":3.0},{"damage":1.0,"enemies":"Cultist","floor":2.0,"turns":4.0},{"damage":4.0,"enemies":"Jaw Worm","floor":5.0,"turns":3.0},{"damage":7.0,"enemies":"3 Louse","floor":7.0,"turns":3.0},{"damage":10.0,"enemies":"Large Slime","floor":10.0,"turns":4.0},{"damage":9.0,"enemies":"Exordium Thugs","floor":11.0,"turns":3.0},{"damage":6.0,"enemies":"Gremlin Nob","floor":12.0,"turns":3.0},{"damage":13.0,"enemies":"Gremlin Gang","floor":13.0,"turns":3.0},{"damage":3.0,"enemies":"Looter","floor":14.0,"turns":3.0},{"damage":15.0,"enemies":"Hexaghost","floor":16.0,"turns":10.0},{"damage":0,"enemies":"Chosen","floor":18,"turns":5},{"damage":12,"enemies":"Spheric Guardian","floor":19,"turns":4},{"damage":14,"enemies":"Snake Plant","floor":20,"turns":4},{"damage":33,"enemies":"Chosen and Byrds","floor":21,"turns":5},{"damage":27,"enemies":"Centurion and Healer","floor":24,"turns":6}],"seed_played":"-991775298143032509","potions_obtained":[{"floor":1.0,"key":"SkillPotion"},{"floor":2.0,"key":"SneckoOil"},{"floor":10.0,"key":"Fire Potion"},{"floor":13.0,"key":"FocusPotion"},{"floor":16.0,"key":"Strength Potion"}],"is_trial":false,"path_per_floor":["M","M","?","$","M","R","M","R","T","M","M","E","M","M","R","B",null,"M","M","M","M","$","R","M"],"character_chosen":"DEFECT","items_purchased":["Chill","Sunder","Membership Card","Coolheaded"],"campfire_rested":2,"item_purchase_floors":[4,4,22,22],"current_hp_per_floor":[57,56,56,56,52,52,45,45,52,42,33,27,14,11,34,19,63,63,51,37,4,4,27,0],"gold":19,"neow_bonus":"RANDOM_COMMON_RELIC","is_prod":false,"is_daily":false,"chose_seed":false,"campfire_upgraded":2,"win_rate":0,"timestamp":1548615404,"path_taken":["M","M","?","$","M","R","M","R","T","M","?","E","M","M","R","BOSS","M","?","M","M","$","R","M"],"build_version":"2019-01-23","purchased_purges":1,"victory":false,"max_hp_per_floor":[71,71,71,71,71,71,71,71,78,78,78,78,78,78,78,78,78,78,78,78,78,78,78,78],"card_choices":[{"not_picked":["Glacier","Hologram"],"picked":"Static Discharge","floor":1.0},{"not_picked":["Auto Shields","Go for the Eyes"],"picked":"Blizzard","floor":2.0},{"not_picked":["Barrage","Leap"],"picked":"Sweeping Beam","floor":5.0},{"not_picked":["Leap","Barrage"],"picked":"Coolheaded","floor":7.0},{"not_picked":["Rebound","Streamline","Barrage"],"picked":"SKIP","floor":10.0},{"not_picked":["Gash","Go for the Eyes"],"picked":"Conserve Battery","floor":11.0},{"not_picked":["Streamline","Aggregate","Conserve Battery"],"picked":"SKIP","floor":12.0},{"not_picked":["Sweeping Beam","Barrage","Streamline"],"picked":"SKIP","floor":13.0},{"not_picked":["Beam Cell","Conserve Battery"],"picked":"BootSequence","floor":14.0},{"not_picked":["Multi-Cast","Hyperbeam"],"picked":"Seek","floor":16.0},{"not_picked":["Redo+1","Self Repair"],"picked":"Hologram","floor":18},{"not_picked":["Leap","Ball Lightning"],"picked":"Hologram+1","floor":19},{"not_picked":["Steam Power","Go for the Eyes","Reprogram"],"picked":"SKIP","floor":20},{"not_picked":["Turbo","Redo"],"picked":"Sweeping Beam+1","floor":21}],"player_experience":1022931,"relics_obtained":[{"floor":9.0,"key":"Strawberry"},{"floor":12.0,"key":"Whetstone"}],"event_choices":[{"damage_healed":0.0,"max_hp_gain":0.0,"max_hp_loss":0.0,"gold_gain":0.0,"event_name":"Match and Keep!","player_choice":"0 cards matched","floor":3.0,"gold_loss":0.0,"damage_taken":0.0,"cards_obtained":[]}],"is_beta":false,"boss_relics":[{"not_picked":["Calling Bell","Tiny House"],"picked":"Snecko Eye"}],"items_purged_floors":[22],"is_endless":false,"potions_floor_spawned":[1,2,10,13,16],"killed_by":"Centurion and Healer","ascension_level":18}