{"gold_per_floor":[118,118,66,81,81,81,116,116,116,135,154,154,170,186,186,290,290,305,404,404,358,369,402,402,420,443,97,116,116,131,159,159,255,255,272,272,272,272,284,318,318,318,367,367,29,45,45,65,65,65],"floor_reached":50,"playtime":1502,"items_purged":[],"score":585,"play_id":"3aac45b4-975c-4761-86ac-385934230c99","local_time":"20190128191307","is_ascension_mode":false,"campfire_choices":[{"data":"Ball Lightning","floor":6.0,"key":"SMITH"},{"data":"Chill","floor":8.0,"key":"SMITH"},{"data":"Coolheaded","floor":12.0,"key":"SMITH"},{"data":"Defragment","floor":15.0,"key":"SMITH"},{"data":"Defragment","floor":24.0,"key":"SMITH"},{"data":"Biased Cognition","floor":32.0,"key":"SMITH"},{"data":"Defragment","floor":41.0,"key":"SMITH"},{"data":"Double Energy","floor":47.0,"key":"SMITH"},{"data":"White Noise","floor":49.0,"key":"SMITH"}],"neow_cost":"NONE","seed_source_timestamp":536344848116290,"circlet_count":0,"master_deck":["Defend_B+1","Defend_B+1","Defend_B+1","Defend_B+1","Zap+1","Dualcast","Conserve Battery","BootSequence","Chill+1","Coolheaded+1","Capacitor","Defragment+1","Biased Cognition+1","Creative AI+1","Gash+1","White Noise+1","Defragment+1","Ball Lightning+1","Double Energy+1","Hyperbeam+1","Ball Lightning+1","Defragment+1","Glacier","Gash+1","Echo Form","Loop+1","White Noise+1","Thinking Ahead","Gash+1"],"special_seed":0,"relics":["Cracked Core","NeowsBlessing","Ancient Tea Set","Molten Egg 2","Astrolabe","Orichalcum","Oddly Smooth Stone","OrangePellets","StoneCalendar","Eternal Feather","Meat on the Bone","Bag of Marbles","Smiling Mask","Symbiotic Virus","Medical Kit","Anchor"],"potions_floor_usage":[50,50,50],"damage_taken":[{"damage":0.0,"enemies":"Small Slimes","floor":1.0,"turns":1.0},{"damage":0.0,"enemies":"Cultist","floor":4.0,"turns":1.0},{"damage":0.0,"enemies":"Gremlin Nob","floor":7.0,"turns":1.0},{"damage":0.0,"enemies":"Jaw Worm","floor":10.0,"turns":3.0},{"damage":0.0,"enemies":"Looter","floor":11.0,"turns":3.0},{"damage":5.0,"enemies":"Blue Slaver","floor":13.0,"turns":3.0},{"damage":0.0,"enemies":"Red Slaver","floor":14.0,"turns":3.0},{"damage":6.0,"enemies":"The Guardian","floor":16.0,"turns":8.0},{"damage":17.0,"enemies":"Shell Parasite","floor":18.0,"turns":4.0},{"damage":2.0,"enemies":"Spheric Guardian","floor":22.0,"turns":4.0},{"damage":10.0,"enemies":"Slavers","floor":23.0,"turns":6.0},{"damage":0.0,"enemies":"Centurion and Healer","floor":25.0,"turns":4.0},{"damage":0.0,"enemies":"Snake Plant","floor":28.0,"turns":4.0},{"damage":0.0,"enemies":"Snecko","floor":30.0,"turns":5.0},{"damage":0.0,"enemies":"Book of Stabbing","floor":31.0,"turns":5.0},{"damage":12.0,"enemies":"Collector","floor":33.0,"turns":8.0},{"damage":21.0,"enemies":"3 Darklings","floor":35.0,"turns":4.0},{"damage":7.0,"enemies":"3 Shapes","floor":39.0,"turns":5.0},{"damage":0.0,"enemies":"Giant Head","floor":40.0,"turns":9.0},{"damage":0.0,"enemies":"Maw","floor":46.0,"turns":6.0},{"damage":0.0,"enemies":"4 Shapes","floor":48.0,"turns":3.0},{"damage":72,"enemies":"Awakened One","floor":50,"turns":6}],"seed_played":"-2026630514930226275","potions_obtained":[{"floor":1.0,"key":"Strength Potion"},{"floor":10.0,"key":"Strength Potion"},{"floor":11.0,"key":"FocusPotion"},{"floor":23.0,"key":"PowerPotion"},{"floor":35.0,"key":"LiquidBronze"}],"is_trial":false,"path_per_floor":["M","?","$","M","?","R","E","R","T","M","M","R","M","M","R","B",null,"M","?","?","$","M","E","R","M","T","$","M","?","M","E","R","B",null,"M","?","?","T","M","E","R","?","T","T","$","M","R","M","R","B"],"character_chosen":"DEFECT","items_purchased":["Ball Lightning","Ball Lightning+1","OrangePellets","Defragment","Glacier","Medical Kit","Anchor"],"campfire_rested":0,"item_purchase_floors":[3,21,27,27,27,45,45],"current_hp_per_floor":[75,75,75,75,75,75,75,75,75,75,75,75,70,70,70,64,75,58,58,58,58,56,46,46,46,46,46,46,46,46,46,46,34,75,54,54,54,54,47,47,62,62,62,62,62,62,71,71,71,0],"gold":65,"neow_bonus":"THREE_ENEMY_KILL","is_prod":false,"is_daily":false,"chose_seed":false,"campfire_upgraded":9,"win_rate":0,"timestamp":1548699187,"path_taken":["M","?","$","?","?","R","E","R","T","M","M","R","M","M","R","BOSS","M","?","?","$","M","E","R","M","T","$","M","?","M","E","R","BOSS","M","?","?","?","?","E","R","?","T","?","$","M","R","M","R","BOSS"],"build_version":"2019-01-23","purchased_purges":0,"victory":false,"max_hp_per_floor":[75,75,75,75,75,75,75,75,75,75,75,75,75,75,75,75,75,75,75,75,75,75,75,75,75,75,75,75,75,75,75,75,75,75,75,71,71,71,71,71,71,71,71,71,71,71,71,71,71,71],"card_choices":[{"not_picked":["Loop","Blizzard"],"picked":"Conserve Battery","floor":1.0},{"not_picked":["Cold Snap","Heatsinks"],"picked":"BootSequence","floor":4.0},{"not_picked":["Steam","Compile Driver"],"picked":"Chill","floor":7.0},{"not_picked":["Double Energy","Streamline+1","Hello World"],"picked":"SKIP","floor":10.0},{"not_picked":["Tempest","Scrape+1"],"picked":"Coolheaded","floor":11.0},{"not_picked":["Lockon+1","Heatsinks"],"picked":"Capacitor","floor":13.0},{"not_picked":["BootSequence","Storm"],"picked":"Defragment","floor":14.0},{"not_picked":["Creative AI","Thunder Strike+1"],"picked":"Biased Cognition","floor":16.0},{"not_picked":["Redo+1","Beam Cell+1"],"picked":"Defragment","floor":18.0},{"not_picked":["Chill","Hello World"],"picked":"Double Energy","floor":22.0},{"not_picked":["Beam Cell+1","Go for the Eyes+1"],"picked":"Hyperbeam+1","floor":23.0},{"not_picked":["Lockon+1","Rebound+1"],"picked":"Ball Lightning+1","floor":25.0},{"not_picked":["Beam Cell+1","Stack","Streamline+1"],"picked":"SKIP","floor":28.0},{"not_picked":["Undo","Streamline+1","Self Repair"],"picked":"SKIP","floor":30.0},{"not_picked":["Machine Learning","Darkness"],"picked":"Gash+1","floor":31.0},{"not_picked":["All For One+1","Seek"],"picked":"Echo Form","floor":33.0},{"not_picked":["Rebound+1","Steam"],"picked":"Loop+1","floor":35.0},{"not_picked":["Lockon+1","Go for the Eyes+1"],"picked":"White Noise","floor":39.0},{"not_picked":["Barrage+1","Force Field+1","Compile Driver+1"],"picked":"SKIP","floor":40.0},{"not_picked":["Blind","Discovery"],"picked":"Thinking Ahead","floor":42.0},{"not_picked":["Chill+1","Loop+1"],"picked":"Gash+1","floor":46.0},{"not_picked":["Double Energy","Cold Snap+1","Chaos+1"],"picked":"SKIP","floor":48.0}],"player_experience":1043831,"relics_obtained":[{"floor":7.0,"key":"Ancient Tea Set"},{"floor":9.0,"key":"Molten Egg 2"},{"floor":23.0,"key":"Orichalcum"},{"floor":26.0,"key":"Oddly Smooth Stone"},{"floor":31.0,"key":"StoneCalendar"},{"floor":38.0,"key":"Meat on the Bone"},{"floor":40.0,"key":"Bag of Marbles"},{"floor":43.0,"key":"Smiling Mask"},{"floor":44.0,"key":"Symbiotic Virus"}],"event_choices":[{"damage_healed":0.0,"max_hp_gain":0.0,"max_hp_loss":0.0,"gold_gain":0.0,"event_name":"Accursed Blacksmith","player_choice":"Forge","floor":2.0,"gold_loss":0.0,"damage_taken":0.0,"cards_upgraded":["Zap"]},{"cards_removed":["Strike_B"],"damage_healed":0.0,"max_hp_gain":0.0,"max_hp_loss":0.0,"gold_gain":0.0,"event_name":"Living Wall","player_choice":"Forget","floor":5.0,"gold_loss":0.0,"damage_taken":0.0},{"damage_healed":0.0,"max_hp_gain":0.0,"max_hp_loss":0.0,"gold_gain":99.0,"event_name":"Nest","player_choice":"Stole From Cult","floor":19.0,"gold_loss":0.0,"damage_taken":0.0},{"damage_healed":0.0,"max_hp_gain":0.0,"max_hp_loss":0.0,"gold_gain":0.0,"event_name":"Back to Basics","player_choice":"Simplicity","floor":20.0,"gold_loss":0.0,"damage_taken":0.0,"cards_upgraded":["Defend_B","Defend_B","Defend_B","Defend_B"]},{"damage_healed":0.0,"max_hp_gain":0.0,"max_hp_loss":0.0,"gold_gain":0.0,"event_name":"Ghosts","player_choice":"Ignored","floor":29.0,"gold_loss":0.0,"damage_taken":0.0},{"damage_healed":0.0,"max_hp_gain":0.0,"max_hp_loss":4.0,"gold_gain":0.0,"event_name":"Winding Halls","player_choice":"Max HP","floor":36.0,"gold_loss":0.0,"damage_taken":0.0},{"cards_removed":["Ball Lightning"],"damage_healed":0.0,"max_hp_gain":0.0,"max_hp_loss":0.0,"gold_gain":0.0,"event_name":"Falling","player_choice":"Removed Attack","floor":37.0,"gold_loss":0.0,"damage_taken":0.0},{"damage_healed":0.0,"max_hp_gain":0.0,"max_hp_loss":0.0,"gold_gain":0.0,"event_name":"SensoryStone","player_choice":"Memory 1","floor":42.0,"gold_loss":0.0,"damage_taken":0.0}],"is_beta":false,"boss_relics":[{"not_picked":["Tiny House","Fusion Hammer"],"picked":"Astrolabe"},{"not_picked":["Velvet Choker","Calling Bell"],"picked":"Eternal Feather"}],"items_purged_floors":[],"is_endless":false,"potions_floor_spawned":[1,10,11,13,18,23,30,31,35],"killed_by":"Awakened One","ascension_level":0}