{"gold_per_floor":[112,112,123,141,141,141,141,168,168,188,222,222,241,252,252,351,351,351,351,207,207,207,207,207,207,207,207,207,207,207,207,207,207,207,207,207,207,207,207,207,207,207,207,207,207,207,2,2,2,2,2,2,2,2],"floor_reached":54,"playtime":15323,"items_purged":["Strike_G"],"score":929,"play_id":"8c087b36-9541-4260-9af2-06e33d2f4f5e","local_time":"20190116160613","is_ascension_mode":true,"campfire_choices":[{"data":"Dagger Throw","floor":6.0,"key":"SMITH"},{"data":"Footwork","floor":12,"key":"SMITH"},{"data":"Quick Slash","floor":15,"key":"SMITH"},{"data":"A Thousand Cuts","floor":23,"key":"SMITH"},{"data":"Leg Sweep","floor":25,"key":"SMITH"},{"data":"Noxious Fumes","floor":32,"key":"SMITH"},{"floor":40,"key":"REST"},{"data":"Dodge and Roll","floor":42,"key":"SMITH"},{"floor":46,"key":"RECALL"},{"floor":49,"key":"REST"},{"floor":52,"key":"REST"}],"neow_cost":"NONE","seed_source_timestamp":114141789476244,"circlet_count":0,"master_deck":["Defend_G+1","Defend_G+1","Defend_G+1","Defend_G+1","Defend_G+1","Strike_G+1","Strike_G+1","Strike_G+1","Survivor+1","Neutralize+1","Leg Sweep+1","Dagger Throw+1","Quick Slash+1","Footwork+1","Flying Knee+1","Die Die Die+1","PiercingWail+1","A Thousand Cuts+1","Acrobatics+1","Noxious Fumes+1","Escape Plan+1","Backflip+1","Dodge and Roll+1","Tools of the Trade+1","Footwork+1","Dodge and Roll+1","A Thousand Cuts+1"],"special_seed":0,"relics":["Velvet Choker","Gremlin Horn","Orichalcum","Centennial Puzzle","Ectoplasm","Juzu Bracelet","Meat on the Bone","Kunai","Blood Vial","MutagenicStrength","Bag of Preparation","Tiny House","The Specimen","Frozen Egg 2","Mark of the Bloom","Bag of Marbles"],"potions_floor_usage":[31,33,33,37,54],"damage_taken":[{"damage":7.0,"enemies":"Jaw Worm","floor":1.0,"turns":4.0},{"damage":1.0,"enemies":"Small Slimes","floor":3.0,"turns":4.0},{"damage":0.0,"enemies":"Cultist","floor":4.0,"turns":4.0},{"damage":14.0,"enemies":"Lagavulin","floor":8.0,"turns":8.0},{"damage":0.0,"enemies":"Exordium Thugs","floor":10.0,"turns":3.0},{"damage":6.0,"enemies":"3 Sentries","floor":11.0,"turns":9.0},{"damage":0,"enemies":"3 Louse","floor":13,"turns":1},{"damage":0,"enemies":"Looter","floor":14,"turns":3},{"damage":14,"enemies":"The Guardian","floor":16,"turns":15},{"damage":0,"enemies":"3 Byrds","floor":18,"turns":5},{"damage":0,"enemies":"Chosen","floor":21,"turns":5},{"damage":12,"enemies":"Sentry and Sphere","floor":22,"turns":8},{"damage":4,"enemies":"Book of Stabbing","floor":24,"turns":8},{"damage":1,"enemies":"Centurion and Healer","floor":27,"turns":7},{"damage":0,"enemies":"Gremlin Leader","floor":29,"turns":8},{"damage":4,"enemies":"Slavers","floor":31,"turns":5},{"damage":6,"enemies":"Champ","floor":33,"turns":15},{"damage":8,"enemies":"3 Shapes","floor":35,"turns":4},{"damage":0,"enemies":"3 Darklings","floor":36,"turns":5},{"damage":71,"enemies":"2 Orb Walkers","floor":37,"turns":7},{"damage":3,"enemies":"4 Shapes","floor":39,"turns":3},{"damage":0,"enemies":"Nemesis","floor":41,"turns":11},{"damage":0,"enemies":"Maw","floor":45,"turns":9},{"damage":0,"enemies":"Awakened One","floor":50,"turns":18},{"damage":52,"enemies":"Shield and Spear","floor":54,"turns":11}],"seed_played":"-8900110273520945201","potions_obtained":[{"floor":1.0,"key":"Ancient Potion"},{"floor":10.0,"key":"Explosive Potion"},{"floor":13,"key":"GamblersBrew"},{"floor":14,"key":"Strength Potion"},{"floor":33,"key":"SpeedPotion"},{"floor":34,"key":"Regen Potion"},{"floor":37,"key":"FearPotion"},{"floor":39,"key":"PowerPotion"}],"is_trial":false,"path_per_floor":["M","?","M","M","?","R","?","E","T","M","E","R","M","M","R","B",null,"M","?","$","M","M","R","E","R","T","M","T","E","?","E","R","B",null,"M","M","?","?","M","R","E","R","T","?","M","R","$","?","R","B",null,"R","$","E"],"character_chosen":"THE_SILENT","items_purchased":["Noxious Fumes","Strength Potion","Bag of Marbles"],"campfire_rested":3,"item_purchase_floors":[20,47,47],"current_hp_per_floor":[63,63,62,62,55,55,70,56,56,56,50,50,50,50,50,36,70,70,70,70,70,58,58,54,54,54,53,53,53,53,51,51,47,75,67,69,17,17,28,50,52,52,52,52,52,52,52,52,52,52,52,52,52,0],"gold":2,"neow_bonus":"BOSS_RELIC","is_prod":false,"is_daily":false,"chose_seed":false,"campfire_upgraded":7,"win_rate":0,"timestamp":1547676373,"path_taken":["M","?","M","M","?","R","?","E","T","M","E","R","M","M","R","BOSS","M","?","$","?","M","R","E","R","T","M","?","E","?","E","R","BOSS","M","M","?","?","M","R","E","R","T","?","M","R","$","?","R","BOSS","R","$","E"],"build_version":"2019-01-10","purchased_purges":1,"victory":false,"max_hp_per_floor":[70,70,70,70,70,70,70,70,70,70,70,70,70,70,70,70,70,70,70,70,70,70,70,70,70,70,70,70,70,70,70,70,70,75,75,75,75,75,75,75,75,75,75,75,75,75,75,75,75,75,75,75,75,75],"card_choices":[{"not_picked":["Cloak And Dagger","Deadly Poison"],"picked":"Leg Sweep","floor":1.0},{"not_picked":["Caltrops","Deflect"],"picked":"Dagger Throw","floor":3.0},{"not_picked":["Underhanded Strike","Bane"],"picked":"Quick Slash","floor":4.0},{"not_picked":["Bullet Time","Poisoned Stab"],"picked":"Footwork","floor":8.0},{"not_picked":["Slice","Quick Slash"],"picked":"Flying Knee","floor":10.0},{"not_picked":["Slice","Deflect"],"picked":"Die Die Die","floor":11},{"not_picked":["Escape Plan","Catalyst"],"picked":"PiercingWail","floor":13},{"not_picked":["Storm of Steel","Expertise","Flechettes"],"picked":"SKIP","floor":14},{"not_picked":["Storm of Steel","Expertise","Flechettes"],"picked":"SKIP","floor":14},{"not_picked":["Die Die Die","Malaise"],"picked":"A Thousand Cuts","floor":16},{"not_picked":["Blade Dance","Flechettes"],"picked":"Acrobatics","floor":18},{"not_picked":["Setup","Masterful Stab"],"picked":"Escape Plan","floor":21},{"not_picked":["Flying Knee","Dagger Throw+1"],"picked":"Backflip","floor":22},{"not_picked":["Prepared","Dagger Spray"],"picked":"Dodge and Roll","floor":24},{"not_picked":["All Out Attack+1","Endless Agony+1","Reflex"],"picked":"SKIP","floor":27},{"not_picked":["Flying Knee","Deflect","Sucker Punch"],"picked":"SKIP","floor":29},{"not_picked":["Blade Dance","Setup","Burst"],"picked":"SKIP","floor":31},{"not_picked":["Unload","Venomology"],"picked":"Tools of the Trade","floor":33},{"not_picked":["Poisoned Stab","Backflip"],"picked":"Footwork","floor":34},{"not_picked":["Leg Sweep+1","Backflip","Outmaneuver+1"],"picked":"SKIP","floor":35},{"not_picked":["Terror","Bane+1","Slice+1"],"picked":"SKIP","floor":36},{"not_picked":["Underhanded Strike+1","Deflect+1"],"picked":"Dodge and Roll+1","floor":37},{"not_picked":["Poisoned Stab","Cloak And Dagger+1","Noxious Fumes"],"picked":"SKIP","floor":39},{"not_picked":["Finisher","Prepared+1","Phantasmal Killer"],"picked":"SKIP","floor":41},{"not_picked":["Underhanded Strike","Prepared","Flying Knee+1"],"picked":"SKIP","floor":45}],"player_experience":364478,"relics_obtained":[{"floor":8.0,"key":"Gremlin Horn"},{"floor":9.0,"key":"Orichalcum"},{"floor":11,"key":"Centennial Puzzle"},{"floor":24,"key":"Juzu Bracelet"},{"floor":26,"key":"Meat on the Bone"},{"floor":28,"key":"Kunai"},{"floor":29,"key":"Blood Vial"},{"floor":31,"key":"Bag of Preparation"},{"floor":37,"key":"The Specimen"},{"floor":41,"key":"Frozen Egg 2"}],"event_choices":[{"damage_healed":0.0,"max_hp_gain":0.0,"max_hp_loss":0.0,"gold_gain":0.0,"event_name":"Golden Idol","player_choice":"Ignored","floor":2.0,"gold_loss":0.0,"damage_taken":0.0},{"cards_removed":["Strike_G"],"damage_healed":0.0,"max_hp_gain":0.0,"max_hp_loss":0.0,"gold_gain":0.0,"event_name":"Golden Wing","player_choice":"Card Removal","floor":5.0,"gold_loss":0.0,"damage_taken":7.0},{"damage_healed":23.0,"max_hp_gain":0.0,"max_hp_loss":0.0,"gold_gain":0.0,"event_name":"Big Fish","player_choice":"Banana","floor":7.0,"gold_loss":0.0,"damage_taken":0.0},{"damage_healed":0,"gold_gain":0,"player_choice":"Full Heal","damage_taken":0,"max_hp_gain":0,"max_hp_loss":0,"event_name":"Wheel of Change","floor":19,"gold_loss":0},{"damage_healed":0,"gold_gain":0,"player_choice":"Inject Mutagens","damage_taken":0,"relics_obtained":["MutagenicStrength"],"max_hp_gain":0,"max_hp_loss":0,"event_name":"Drug Dealer","floor":30,"gold_loss":0},{"damage_healed":0,"gold_gain":0,"player_choice":"Fight","damage_taken":0,"max_hp_gain":0,"max_hp_loss":0,"event_name":"Mysterious Sphere","floor":37,"gold_loss":0},{"damage_healed":0,"gold_gain":0,"player_choice":"Forge","damage_taken":0,"max_hp_gain":0,"max_hp_loss":0,"event_name":"Accursed Blacksmith","floor":38,"gold_loss":0,"cards_upgraded":["Footwork"]},{"damage_healed":0,"gold_gain":0,"player_choice":"Upgrade","damage_taken":0,"relics_obtained":["Mark of the Bloom"],"max_hp_gain":0,"max_hp_loss":0,"event_name":"MindBloom","floor":44,"gold_loss":0,"cards_upgraded":["Defend_G","Defend_G","Defend_G","Defend_G","Defend_G","Strike_G","Strike_G","Strike_G","Survivor","Neutralize","Flying Knee","PiercingWail","Acrobatics","Escape Plan","Backflip","Tools of the Trade"]},{"damage_healed":0,"gold_gain":0,"player_choice":"Copied","damage_taken":0,"max_hp_gain":0,"max_hp_loss":0,"event_name":"Duplicator","floor":48,"gold_loss":0,"cards_obtained":["A Thousand Cuts"]}],"is_beta":false,"boss_relics":[{"not_picked":["Busted Crown","Pandora\u0027s Box"],"picked":"Ectoplasm"},{"not_picked":["Coffee Dripper","Runic Pyramid"],"picked":"Tiny House"}],"items_purged_floors":[20],"is_endless":false,"potions_floor_spawned":[1,10,13,14,21,22,33,37,39],"killed_by":"Shield and Spear","ascension_level":3}