{"gold_per_floor":[110,110,110,123,142,4,35,35,35,35,35,35,49,10,10,101,101,116,134,134,134,149,149],"floor_reached":23,"playtime":788,"items_purged":[],"score":350,"play_id":"51ab61a5-4e9c-44ee-b08d-db4e897ca3fc","local_time":"20190204020211","is_ascension_mode":true,"campfire_choices":[{"data":"Footwork","floor":8,"key":"SMITH"},{"data":"Dagger Spray","floor":11,"key":"SMITH"},{"data":"Footwork","floor":15,"key":"SMITH"}],"neow_cost":"NONE","seed_source_timestamp":21321332261700,"circlet_count":0,"master_deck":["AscendersBane","Defend_G","Defend_G","Defend_G","Defend_G","Defend_G","Strike_G","Strike_G","Strike_G","Strike_G","Survivor","Neutralize+1","Footwork+1","Dagger Spray+1","Footwork+1","Caltrops","Adrenaline","Terror"],"relics":["Ring of the Snake","NeowsBlessing","Golden Idol","Shuriken","Ornamental Fan","Sozu"],"potions_floor_usage":[7,12,16,16],"damage_taken":[{"damage":0,"enemies":"Jaw Worm","floor":1,"turns":1},{"damage":0,"enemies":"2 Louse","floor":4,"turns":1},{"damage":0,"enemies":"Cultist","floor":5,"turns":1},{"damage":19,"enemies":"3 Sentries","floor":7,"turns":19},{"damage":0,"enemies":"Looter","floor":13,"turns":4},{"damage":28,"enemies":"Hexaghost","floor":16,"turns":13},{"damage":0,"enemies":"Spheric Guardian","floor":18,"turns":6},{"damage":0,"enemies":"Chosen","floor":19,"turns":9},{"damage":16,"enemies":"Sentry and Sphere","floor":22,"turns":8},{"damage":36,"enemies":"Slavers","floor":23,"turns":3}],"seed_played":"-8100507026391069649","potions_obtained":[{"floor":4,"key":"EssenceOfSteel"},{"floor":12,"key":"Fruit Juice"},{"floor":12,"key":"AttackPotion"}],"is_trial":false,"path_per_floor":["M","?","?","M","M","$","E","R","T","?","R","?","M","$","R","B",null,"M","M","?","?","M","E"],"character_chosen":"THE_SILENT","items_purchased":["Footwork","Poison Potion","Caltrops"],"campfire_rested":0,"item_purchase_floors":[6,6,14],"current_hp_per_floor":[59,59,59,59,59,59,40,40,40,33,33,38,38,38,38,10,51,51,51,51,45,29,0],"gold":149,"neow_bonus":"THREE_ENEMY_KILL","is_prod":false,"is_daily":false,"chose_seed":false,"campfire_upgraded":3,"win_rate":0,"timestamp":1549238531,"path_taken":["M","?","?","M","?","$","E","R","T","?","R","?","?","?","R","BOSS","M","M","?","?","?","E"],"build_version":"2019-01-23","purchased_purges":0,"victory":false,"max_hp_per_floor":[66,60,60,60,60,60,60,60,60,60,60,65,65,65,65,65,65,65,65,65,65,65,65],"card_choices":[{"not_picked":["Flying Knee","Underhanded Strike","Sucker Punch"],"picked":"SKIP","floor":1},{"not_picked":["Prepared","Dash","Tactician"],"picked":"SKIP","floor":4},{"not_picked":["Finisher","Quick Slash","Underhanded Strike"],"picked":"SKIP","floor":5},{"not_picked":["Dodge and Roll","Dagger Throw"],"picked":"Dagger Spray","floor":7},{"not_picked":["Concentrate","Crippling Poison"],"picked":"Footwork","floor":13},{"not_picked":["Glass Knife","Wraith Form v2"],"picked":"Adrenaline","floor":16},{"not_picked":["Dagger Spray","Bouncing Flask","Dagger Throw"],"picked":"SKIP","floor":18},{"not_picked":["All Out Attack","Expertise"],"picked":"Terror","floor":19},{"not_picked":["Sucker Punch","Prepared","Eviscerate"],"picked":"SKIP","floor":22}],"player_experience":600927,"relics_obtained":[{"floor":7,"key":"Shuriken"},{"floor":9,"key":"Ornamental Fan"}],"event_choices":[{"damage_healed":0,"gold_gain":0,"player_choice":"Lose Max HP","damage_taken":0,"relics_obtained":["Golden Idol"],"max_hp_gain":0,"max_hp_loss":6,"event_name":"Golden Idol","floor":2,"gold_loss":0},{"damage_healed":0,"gold_gain":0,"player_choice":"Forge","damage_taken":0,"max_hp_gain":0,"max_hp_loss":0,"event_name":"Accursed Blacksmith","floor":3,"gold_loss":0,"cards_upgraded":["Neutralize"]},{"cards_removed":["Strike_G"],"damage_healed":0,"gold_gain":0,"player_choice":"Card Removal","damage_taken":7,"max_hp_gain":0,"max_hp_loss":0,"event_name":"Golden Wing","floor":10,"gold_loss":0},{"damage_healed":0,"gold_gain":0,"player_choice":"Got Potions","damage_taken":0,"max_hp_gain":0,"max_hp_loss":0,"event_name":"Lab","floor":12,"gold_loss":0},{"damage_healed":0,"gold_gain":0,"player_choice":"Ignored","damage_taken":0,"max_hp_gain":0,"max_hp_loss":0,"event_name":"Ghosts","floor":20,"gold_loss":0},{"damage_healed":0,"gold_gain":0,"player_choice":"","damage_taken":6,"max_hp_gain":0,"max_hp_loss":0,"event_name":"Knowing Skull","floor":21,"potions_obtained":[],"gold_loss":0,"cards_obtained":[]}],"is_beta":false,"boss_relics":[{"not_picked":["Empty Cage","Coffee Dripper"],"picked":"Sozu"}],"items_purged_floors":[],"is_endless":false,"potions_floor_spawned":[4,22],"killed_by":"Slavers","ascension_level":17}