{"gold_per_floor":[109,126,126,143,418,431,431,225,295,295,21,21,196,146,146,251,251,266,68,68,83,95,95,95,95,165,181,200,200,299,299,299,402,402,413,433,275,285,1284,1284,1296,1329,1400,1400,1400,167,167,181,181,181],"floor_reached":51,"playtime":2272,"items_purged":["Regret","Regret","Strike_B","Strike_B","Normality"],"score":738,"play_id":"1ebf4809-dea0-4cfc-bfa2-132c7b4b24de","local_time":"20190201134509","is_ascension_mode":false,"campfire_choices":[{"data":"Zap","floor":7.0,"key":"SMITH"},{"data":"Go for the Eyes","floor":10.0,"key":"SMITH"},{"data":"Dualcast","floor":12.0,"key":"SMITH"},{"data":"Self Repair","floor":15.0,"key":"SMITH"},{"data":"Creative AI","floor":23.0,"key":"SMITH"},{"data":"Glacier","floor":25.0,"key":"SMITH"},{"data":"Echo Form","floor":29.0,"key":"SMITH"},{"data":"Conserve Battery","floor":32.0,"key":"SMITH"},{"data":"Defragment","floor":47.0,"key":"SMITH"},{"data":"Good Instincts","floor":49,"key":"SMITH"}],"neow_cost":"NONE","seed_source_timestamp":8125700999987,"circlet_count":0,"master_deck":["Strike_B","Strike_B+1","Defend_B","Defend_B","Defend_B","Defend_B","Zap+1","Dualcast+1","Go for the Eyes+1","Ball Lightning","Glacier+1","Self Repair+1","Cold Snap+1","Creative AI+1","Coolheaded+1","Rebound+1","Conserve Battery+1","Creative AI+1","Compile Driver","Echo Form+1","Meteor Strike","Defragment+1","Ball Lightning","Leap+1","Normality","Good Instincts+1","Enlightenment","Jack Of All Trades","Tempest+1","Master of Strategy","Heatsinks","Steam","Capacitor"],"special_seed":0,"relics":["Cracked Core","Smiling Mask","Pen Nib","PreservedInsect","Pear","Juzu Bracelet","Philosopher\u0027s Stone","Whetstone","Blue Candle","Velvet Choker","Bottled Lightning","Sundial","OrangePellets","Cables","Letter Opener"],"potions_floor_usage":[50],"damage_taken":[{"damage":0.0,"enemies":"2 Louse","floor":1.0,"turns":2.0},{"damage":1.0,"enemies":"Jaw Worm","floor":2.0,"turns":3.0},{"damage":1.0,"enemies":"Cultist","floor":4.0,"turns":3.0},{"damage":12.0,"enemies":"3 Louse","floor":6.0,"turns":3.0},{"damage":8.0,"enemies":"The Guardian","floor":16.0,"turns":16.0},{"damage":8.0,"enemies":"Chosen","floor":18.0,"turns":7.0},{"damage":5.0,"enemies":"Shell Parasite","floor":21.0,"turns":7.0},{"damage":8.0,"enemies":"Snake Plant","floor":22.0,"turns":5.0},{"damage":2.0,"enemies":"Shelled Parasite and Fungi","floor":27.0,"turns":7.0},{"damage":7.0,"enemies":"Cultist and Chosen","floor":28.0,"turns":7.0},{"damage":72.0,"enemies":"Collector","floor":33.0,"turns":8.0},{"damage":17.0,"enemies":"3 Darklings","floor":35.0,"turns":8.0},{"damage":5.0,"enemies":"3 Shapes","floor":36.0,"turns":5.0},{"damage":11.0,"enemies":"Transient","floor":38.0,"turns":5.0},{"damage":14.0,"enemies":"Maw","floor":41.0,"turns":7.0},{"damage":7.0,"enemies":"Giant Head","floor":42.0,"turns":6.0},{"damage":13,"enemies":"Writhing Mass","floor":48,"turns":5},{"damage":23,"enemies":"Time Eater","floor":50,"turns":8}],"seed_played":"5117254171959018812","potions_obtained":[{"floor":1.0,"key":"Energy Potion"},{"floor":4.0,"key":"SpeedPotion"},{"floor":16.0,"key":"Block Potion"},{"floor":18.0,"key":"FocusPotion"},{"floor":33.0,"key":"Energy Potion"},{"floor":36.0,"key":"AttackPotion"}],"is_trial":false,"path_per_floor":["M","M","?","M","?","M","R","$","T","R","$","R","?","?","R","B",null,"M","$","?","M","M","R","?","R","T","M","M","R","?","?","R","B",null,"M","M","$","M","?","?","M","E","T","?","?","$","R","M","R","B",null],"character_chosen":"DEFECT","items_purchased":["PreservedInsect","Juzu Bracelet","Self Repair","Cold Snap","Whetstone","Defragment","Ball Lightning","Master of Strategy","OrangePellets","Cables","Letter Opener","Heatsinks","AttackPotion","LiquidBronze","Swift Potion","Steam"],"campfire_rested":0,"item_purchase_floors":[8,11,11,11,19,37,37,46,46,46,46,46,46,46,46,46],"current_hp_per_floor":[75,74,74,73,73,61,61,61,71,71,71,71,71,71,71,73,85,85,85,85,85,85,85,85,85,85,85,85,85,85,85,85,23,85,78,83,83,85,85,75,71,84,84,84,95,95,95,92,92,69],"gold":181,"neow_bonus":"RANDOM_COMMON_RELIC","is_prod":false,"is_daily":false,"chose_seed":false,"campfire_upgraded":10,"win_rate":0,"timestamp":1549050309,"path_taken":["M","M","?","M","?","M","R","$","T","R","$","R","?","?","R","BOSS","M","$","?","M","M","R","?","R","T","M","M","R","?","?","R","BOSS","M","M","$","M","?","?","M","E","T","?","?","$","R","M","R","BOSS"],"build_version":"2019-01-23","purchased_purges":5,"victory":true,"max_hp_per_floor":[75,75,75,75,75,75,75,75,85,85,85,85,85,85,85,85,85,85,85,85,85,85,85,85,85,85,85,85,85,85,85,85,85,85,85,85,85,85,85,85,85,85,85,85,95,95,95,95,95,95],"card_choices":[{"not_picked":["Recycle","Heatsinks"],"picked":"Go for the Eyes","floor":1.0},{"not_picked":["Loop","Scrape"],"picked":"Ball Lightning","floor":2.0},{"not_picked":["Gash","Turbo","Beam Cell"],"picked":"SKIP","floor":4.0},{"not_picked":["Sweeping Beam","Rip and Tear"],"picked":"Glacier","floor":6.0},{"not_picked":["Reboot","Multi-Cast"],"picked":"Creative AI","floor":16.0},{"not_picked":["Steam Power+1","Steam"],"picked":"Coolheaded+1","floor":18.0},{"not_picked":["Steam Power","Turbo"],"picked":"Rebound+1","floor":21.0},{"not_picked":["Stack+1","Coolheaded"],"picked":"Conserve Battery","floor":22.0},{"not_picked":["Coolheaded","Stack"],"picked":"Compile Driver","floor":27.0},{"not_picked":["Leap+1","Cold Snap"],"picked":"Echo Form","floor":28.0},{"not_picked":["Multi-Cast","Thunder Strike"],"picked":"Meteor Strike","floor":33.0},{"not_picked":["Consume","FTL","Beam Cell"],"picked":"SKIP","floor":35.0},{"not_picked":["Sunder+1","Go for the Eyes","BootSequence"],"picked":"SKIP","floor":36.0},{"not_picked":["Beam Cell+1","Rebound"],"picked":"Leap+1","floor":38.0},{"not_picked":["Blind","Madness"],"picked":"Good Instincts","floor":40.0},{"not_picked":["Panache","Mayhem"],"picked":"Enlightenment","floor":40.0},{"not_picked":["Dramatic Entrance","Purity"],"picked":"Jack Of All Trades","floor":40.0},{"not_picked":["Redo+1","Sweeping Beam"],"picked":"Tempest+1","floor":41.0},{"not_picked":["Rebound","Turbo+1","Core Surge"],"picked":"SKIP","floor":42.0},{"not_picked":["Rebound","Turbo+1"],"picked":"Core Surge","floor":42.0},{"not_picked":["Cold Snap+1","Streamline"],"picked":"Capacitor","floor":48}],"player_experience":692521,"relics_obtained":[{"floor":9.0,"key":"Pear"},{"floor":26.0,"key":"Blue Candle"},{"floor":42.0,"key":"Bottled Lightning"},{"floor":43.0,"key":"Sundial"}],"event_choices":[{"damage_healed":0.0,"max_hp_gain":0.0,"max_hp_loss":0.0,"gold_gain":0.0,"event_name":"Big Fish","player_choice":"Box","floor":3.0,"gold_loss":0.0,"damage_taken":0.0,"relics_obtained":["Pen Nib"],"cards_obtained":["Regret"]},{"damage_healed":0.0,"max_hp_gain":0.0,"max_hp_loss":0.0,"gold_gain":275.0,"event_name":"Golden Shrine","player_choice":"Desecrate","floor":5.0,"gold_loss":0.0,"damage_taken":0.0,"cards_obtained":["Regret"]},{"damage_healed":0.0,"max_hp_gain":0.0,"max_hp_loss":0.0,"gold_gain":175.0,"event_name":"Liars Game","player_choice":"AGREE","floor":13.0,"gold_loss":0.0,"damage_taken":0.0,"cards_obtained":["Doubt"]},{"cards_removed":["Doubt"],"damage_healed":0.0,"max_hp_gain":0.0,"max_hp_loss":0.0,"gold_gain":0.0,"event_name":"The Cleric","player_choice":"Card Removal","floor":14.0,"gold_loss":50.0,"damage_taken":0.0},{"damage_healed":0.0,"max_hp_gain":0.0,"max_hp_loss":0.0,"gold_gain":0.0,"event_name":"Beggar","player_choice":"Ignored","floor":20.0,"gold_loss":0.0,"damage_taken":0.0},{"damage_healed":0.0,"max_hp_gain":0.0,"max_hp_loss":0.0,"gold_gain":0.0,"event_name":"Duplicator","player_choice":"Copied","floor":24.0,"gold_loss":0.0,"damage_taken":0.0,"cards_obtained":["Creative AI"]},{"damage_healed":0.0,"max_hp_gain":0.0,"max_hp_loss":0.0,"gold_gain":99.0,"event_name":"Nest","player_choice":"Stole From Cult","floor":30.0,"gold_loss":0.0,"damage_taken":0.0},{"damage_healed":0.0,"max_hp_gain":0.0,"max_hp_loss":0.0,"gold_gain":0.0,"event_name":"Wheel of Change","player_choice":"Full Heal","floor":31.0,"gold_loss":0.0,"damage_taken":0.0},{"damage_healed":0.0,"max_hp_gain":0.0,"max_hp_loss":0.0,"gold_gain":999.0,"event_name":"MindBloom","player_choice":"Gold","floor":39.0,"gold_loss":0.0,"damage_taken":0.0,"cards_obtained":["Normality","Normality"]},{"damage_healed":0.0,"max_hp_gain":0.0,"max_hp_loss":0.0,"gold_gain":0.0,"event_name":"SensoryStone","player_choice":"Memory 3","floor":40.0,"gold_loss":0.0,"damage_taken":10.0},{"damage_healed":0.0,"max_hp_gain":0.0,"max_hp_loss":0.0,"gold_gain":0.0,"event_name":"SecretPortal","player_choice":"Ignored","floor":44.0,"gold_loss":0.0,"damage_taken":0.0},{"cards_removed":["Core Surge"],"damage_healed":1.0,"max_hp_gain":10.0,"max_hp_loss":0.0,"gold_gain":0.0,"event_name":"Bonfire Elementals","player_choice":"Offered Rare","floor":45.0,"gold_loss":0.0,"damage_taken":0.0}],"is_beta":false,"boss_relics":[{"not_picked":["Ectoplasm","Eternal Feather"],"picked":"Philosopher\u0027s Stone"},{"not_picked":["Runic Dome","Snecko Eye"],"picked":"Velvet Choker"}],"items_purged_floors":[8,11,19,37,46],"is_endless":false,"potions_floor_spawned":[1,4,16,18,33,36,48],"ascension_level":0}