{"gold_per_floor":[119,130,146,164,183,183,215,215,215,225,116,129,146,172,172,172],"floor_reached":16,"playtime":773,"items_purged":["Strike_R"],"score":128,"play_id":"5f019716-e5ec-4f9b-93b7-6bcbfc032476","local_time":"20181022003451","is_ascension_mode":true,"campfire_choices":[{"data":"Searing Blow","floor":6,"key":"SMITH"},{"data":"Searing Blow+1","floor":8,"key":"SMITH"},{"floor":15,"key":"REST"}],"neow_cost":"PERCENT_DAMAGE","seed_source_timestamp":715617556413107,"circlet_count":0,"master_deck":["Strike_R","Strike_R","Strike_R","Strike_R","Defend_R","Defend_R","Defend_R","Defend_R","Bash","Limit Break","Searing Blow+2","True Grit","Spot Weakness","Whirlwind","Ghostly Armor","Shrug It Off"],"relics":["Burning Blood","Self Forming Clay","Matryoshka","Smiling Mask"],"potions_floor_usage":[7,12,13],"damage_taken":[{"damage":1,"enemies":"Cultist","floor":1,"turns":4},{"damage":1,"enemies":"2 Louse","floor":2,"turns":2},{"damage":0,"enemies":"Small Slimes","floor":3,"turns":3},{"damage":15,"enemies":"Exordium Thugs","floor":4,"turns":5},{"damage":20,"enemies":"Red Slaver","floor":5,"turns":6},{"damage":49,"enemies":"Gremlin Nob","floor":7,"turns":6},{"damage":8,"enemies":"Large Slime","floor":10,"turns":6},{"damage":8,"enemies":"3 Louse","floor":12,"turns":3},{"damage":2,"enemies":"Looter","floor":13,"turns":3},{"damage":11,"enemies":"Lagavulin","floor":14,"turns":10},{"damage":35,"enemies":"Slime Boss","floor":16,"turns":6}],"seed_played":"6320595684147662217","potions_obtained":[{"floor":2,"key":"SpeedPotion"},{"floor":4,"key":"EssenceOfSteel"},{"floor":5,"key":"Regen Potion"},{"floor":14,"key":"Regen Potion"}],"is_trial":false,"path_per_floor":["M","M","M","M","M","R","E","R","T","M","$","M","M","E","R"],"character_chosen":"IRONCLAD","items_purchased":["Ghostly Armor"],"campfire_rested":1,"item_purchase_floors":[11],"current_hp_per_floor":[61,66,72,63,49,49,15,15,15,13,13,11,15,10,34,0],"gold":172,"neow_bonus":"THREE_RARE_CARDS","is_prod":false,"is_daily":false,"chose_seed":false,"campfire_upgraded":2,"win_rate":0,"timestamp":1540161291,"path_taken":["M","M","?","M","M","R","E","R","T","?","?","M","?","E","R","BOSS"],"build_version":"2018-10-18","purchased_purges":1,"victory":false,"max_hp_per_floor":[80,80,80,80,80,80,80,80,80,80,80,80,80,80,80,80],"card_choices":[{"not_picked":["Impervious","Exhume"],"picked":"Limit Break","floor":0},{"not_picked":["Thunderclap","Metallicize"],"picked":"Searing Blow","floor":1},{"not_picked":["Sever Soul","Warcry","Rampage"],"picked":"SKIP","floor":2},{"not_picked":["Iron Wave","Evolve"],"picked":"True Grit","floor":3},{"not_picked":["Anger","Power Through","Wild Strike"],"picked":"SKIP","floor":4},{"not_picked":["Dropkick","Body Slam"],"picked":"Spot Weakness","floor":5},{"not_picked":["Power Through","Twin Strike"],"picked":"Whirlwind","floor":7},{"not_picked":["Heavy Blade","Sever Soul","Pommel Strike"],"picked":"SKIP","floor":10},{"not_picked":["Headbutt","Iron Wave","Corruption"],"picked":"SKIP","floor":12},{"not_picked":["Power Through","Evolve"],"picked":"Shrug It Off","floor":13},{"not_picked":["Intimidate","Sentinel","Pummel"],"picked":"SKIP","floor":14}],"player_experience":212532,"relics_obtained":[{"floor":7,"key":"Self Forming Clay"},{"floor":9,"key":"Matryoshka"},{"floor":14,"key":"Smiling Mask"}],"event_choices":[],"is_beta":false,"boss_relics":[],"items_purged_floors":[11],"is_endless":false,"potions_floor_spawned":[2,4,5,14],"killed_by":"Slime Boss","ascension_level":2}