{"gold_per_floor":[119,134,134,150,163,163,133,159,212,227,247,279,279,124,124,224,224,240,240],"floor_reached":19,"playtime":1530,"items_purged":["Turbo"],"score":251,"play_id":"4b2a53af-5850-43b9-bdb1-a41fca9cd12a","local_time":"20190122110201","is_ascension_mode":true,"campfire_choices":[{"data":"Zap","floor":6,"key":"SMITH"},{"floor":13,"key":"REST"},{"data":"Defragment","floor":15,"key":"SMITH"}],"neow_cost":"NONE","seed_source_timestamp":0,"circlet_count":0,"master_deck":["Strike_B","Strike_B","Strike_B","Strike_B","Defend_B","Defend_B","Defend_B","Defend_B","Zap+1","Dualcast","Steam","Leap","Conserve Battery","Coolheaded","Sweeping Beam","Coolheaded","Defragment+1","Meteor Strike","Recycle+1","Coolheaded+1","Buffer","Chill+1"],"special_seed":0,"relics":["Cracked Core","Orichalcum","Matryoshka","Darkstone Periapt","Bag of Preparation","Toxic Egg 2","Orrery"],"potions_floor_usage":[8,8,12,12,12,16],"damage_taken":[{"damage":6,"enemies":"Small Slimes","floor":1,"turns":3},{"damage":0,"enemies":"Cultist","floor":2,"turns":3},{"damage":1,"enemies":"Jaw Worm","floor":4,"turns":3},{"damage":5,"enemies":"3 Louse","floor":5,"turns":5},{"damage":12,"enemies":"3 Sentries","floor":8,"turns":7},{"damage":26,"enemies":"Gremlin Gang","floor":10,"turns":5},{"damage":0,"enemies":"2 Fungi Beasts","floor":11,"turns":2},{"damage":14,"enemies":"Gremlin Nob","floor":12,"turns":5},{"damage":22,"enemies":"The Guardian","floor":16,"turns":16},{"damage":1,"enemies":"Chosen","floor":18,"turns":8},{"damage":10,"enemies":"3 Byrds","floor":19,"turns":4}],"seed_played":"-8638198371270865775","potions_obtained":[{"floor":1,"key":"SkillPotion"},{"floor":7,"key":"FocusPotion"},{"floor":7,"key":"SpeedPotion"},{"floor":10,"key":"Dexterity Potion"},{"floor":11,"key":"LiquidBronze"},{"floor":12,"key":"Poison Potion"}],"is_trial":false,"path_per_floor":["M","M","?","M","M","R","?","E","T","M","M","E","R","$","R","B",null,"M","M"],"character_chosen":"DEFECT","items_purchased":["Defragment"],"campfire_rested":1,"item_purchase_floors":[14],"current_hp_per_floor":[62,62,62,61,56,56,56,44,44,18,18,4,26,26,26,4,57,56,46],"gold":240,"neow_bonus":"RANDOM_COMMON_RELIC","is_prod":false,"is_daily":false,"chose_seed":false,"campfire_upgraded":2,"win_rate":0,"timestamp":1548176521,"path_taken":["M","M","?","M","M","R","?","E","T","M","?","E","R","$","R","BOSS","M","M"],"build_version":"2019-01-17v2","purchased_purges":1,"victory":false,"max_hp_per_floor":[75,75,75,75,75,75,75,75,75,75,75,75,75,75,75,75,75,75,75],"card_choices":[{"not_picked":["Consume","Melter"],"picked":"Steam","floor":1},{"not_picked":["Fusion","Genetic Algorithm"],"picked":"Gash","floor":2},{"not_picked":["Streamline","Skim"],"picked":"Turbo","floor":4},{"not_picked":["Gash","Turbo"],"picked":"Conserve Battery","floor":5},{"not_picked":["Barrage","Stack"],"picked":"Coolheaded","floor":8},{"not_picked":["Chaos","Go for the Eyes"],"picked":"Sweeping Beam","floor":10},{"not_picked":["Doom and Gloom","Reboot"],"picked":"Coolheaded","floor":11},{"not_picked":["Rainbow","Gash","Redo"],"picked":"SKIP","floor":12},{"not_picked":["Multi-Cast+1","Hyperbeam"],"picked":"Meteor Strike","floor":16},{"not_picked":["Compile Driver","Leap+1"],"picked":"Recycle+1","floor":17},{"not_picked":["Fusion+1","Cold Snap"],"picked":"Coolheaded+1","floor":17},{"not_picked":["Stack+1","Go for the Eyes"],"picked":"Buffer","floor":17},{"not_picked":["Hologram+1","Auto Shields+1"],"picked":"Chill+1","floor":17},{"not_picked":["Ball Lightning","Rebound","Heatsinks+1"],"picked":"SKIP","floor":18}],"player_experience":239944,"relics_obtained":[{"floor":8,"key":"Matryoshka"},{"floor":9,"key":"Darkstone Periapt"},{"floor":9,"key":"Bag of Preparation"},{"floor":12,"key":"Toxic Egg 2"}],"event_choices":[{"damage_healed":0,"gold_gain":0,"cards_transformed":["Gash"],"player_choice":"Change","damage_taken":0,"max_hp_gain":0,"max_hp_loss":0,"event_name":"Living Wall","floor":3,"gold_loss":0,"cards_obtained":["Leap"]},{"damage_healed":0,"gold_gain":0,"player_choice":"Bought 2 Potions","damage_taken":0,"max_hp_gain":0,"max_hp_loss":0,"event_name":"The Woman in Blue","floor":7,"gold_loss":0}],"is_beta":false,"boss_relics":[{"not_picked":["Cursed Key","Runic Dome"],"picked":"Orrery"}],"items_purged_floors":[14],"is_endless":false,"potions_floor_spawned":[1,10,11,12],"killed_by":"3 Byrds","ascension_level":8}