{"gold_per_floor":[113,63,76,76,86,113,113,138,199,230,254,6,18,38,38,133,133,149,40,40,40,40,67,67,81,107,56,56,74,74,105,105,208,208,223,323,323,323,13,13,32,32,87,112,112,158,169,179,179,179],"floor_reached":51,"playtime":4108,"items_purged":["Strike_B"],"score":925,"play_id":"8dad7f88-c327-4bd5-9a9f-42b33c5bfbf3","local_time":"20181114131335","is_ascension_mode":true,"campfire_choices":[{"floor":7.0,"key":"REST"},{"data":"Storm","floor":15.0,"key":"SMITH"},{"data":"Zap","floor":24.0,"key":"SMITH"},{"data":"Defragment","floor":30.0,"key":"SMITH"},{"floor":32.0,"key":"REST"},{"data":"Dualcast","floor":40.0,"key":"SMITH"},{"data":"Fission","floor":42.0,"key":"SMITH"},{"data":"Magnetism","floor":45.0,"key":"SMITH"},{"data":"Loop","floor":49,"key":"SMITH"}],"neow_cost":"PERCENT_DAMAGE","seed_source_timestamp":304588556601416,"circlet_count":0,"master_deck":["Strike_B+1","Strike_B","Defend_B","Defend_B","Defend_B","Zap+1","Dualcast+1","Discovery","Magnetism+1","Glacier","Defragment+1","Ball Lightning","FTL","Genetic Algorithm","White Noise+1","Reinforced Body","Storm+1","Tempest","Electrodynamics","Auto Shields+1","Loop+1","Chaos+1","Conserve Battery","Conserve Battery","Fission+1","Go for the Eyes+1","White Noise+1","Rainbow","Compile Driver"],"special_seed":0,"relics":["Cracked Core","Gremlin Horn","Pen Nib","MawBank","Bronze Scales","Pantograph","Nuclear Battery","Letter Opener","Mercury Hourglass","Lantern","Bag of Marbles","Darkstone Periapt","Sozu","Ginger","Bird Faced Urn","Tiny Chest","Whetstone","Unceasing Top"],"potions_floor_usage":[50,50],"damage_taken":[{"damage":7.0,"enemies":"Jaw Worm","floor":1.0,"turns":3.0},{"damage":0.0,"enemies":"Cultist","floor":3.0,"turns":5.0},{"damage":2.0,"enemies":"2 Louse","floor":5.0,"turns":3.0},{"damage":23.0,"enemies":"Gremlin Nob","floor":6.0,"turns":6.0},{"damage":17.0,"enemies":"3 Sentries","floor":8.0,"turns":8.0},{"damage":4.0,"enemies":"2 Fungi Beasts","floor":10.0,"turns":1.0},{"damage":2.0,"enemies":"Looter","floor":11.0,"turns":3.0},{"damage":5.0,"enemies":"Lots of Slimes","floor":13.0,"turns":4.0},{"damage":0.0,"enemies":"Exordium Thugs","floor":14.0,"turns":4.0},{"damage":27.0,"enemies":"Slime Boss","floor":16.0,"turns":7.0},{"damage":0.0,"enemies":"3 Byrds","floor":18.0,"turns":2.0},{"damage":19.0,"enemies":"Book of Stabbing","floor":23.0,"turns":5.0},{"damage":5.0,"enemies":"Shell Parasite","floor":25.0,"turns":4.0},{"damage":0.0,"enemies":"Cultist and Chosen","floor":29.0,"turns":3.0},{"damage":13.0,"enemies":"Slavers","floor":31.0,"turns":3.0},{"damage":40.0,"enemies":"Collector","floor":33.0,"turns":6.0},{"damage":0.0,"enemies":"3 Shapes","floor":35.0,"turns":3.0},{"damage":5.0,"enemies":"Mind Bloom Boss Battle","floor":36.0,"turns":6.0},{"damage":5.0,"enemies":"3 Darklings","floor":41.0,"turns":4.0},{"damage":43,"enemies":"2 Orb Walkers","floor":46,"turns":2},{"damage":0,"enemies":"Spire Growth","floor":47,"turns":3},{"damage":0,"enemies":"Jaw Worm Horde","floor":48,"turns":2},{"damage":8,"enemies":"Donu and Deca","floor":50,"turns":4}],"seed_played":"6192589721559286074","potions_obtained":[{"floor":3.0,"key":"Regen Potion"},{"floor":5.0,"key":"Explosive Potion"},{"floor":8.0,"key":"Strength Potion"},{"floor":11.0,"key":"LiquidBronze"},{"floor":13.0,"key":"Poison Potion"},{"floor":25.0,"key":"GamblersBrew"},{"floor":29.0,"key":"Explosive Potion"},{"floor":31.0,"key":"FearPotion"}],"is_trial":false,"path_per_floor":["M","?","M","T","M","E","R","E","T","M","M","$","M","M","R","B",null,"M","$","?","?","T","E","R","M","T","$","?","M","R","E","R","B",null,"M","?","?","?","$","R","M","R","T","T","R","?","M","M","R","B",null],"character_chosen":"DEFECT","items_purchased":["Pantograph","Loop","Conserve Battery","Bird Faced Urn"],"campfire_rested":2,"item_purchase_floors":[12,19,27,39],"current_hp_per_floor":[43,43,43,43,41,18,40,38,38,34,32,32,27,27,27,25,63,63,63,63,63,63,44,44,39,39,39,39,39,39,26,48,33,65,65,70,70,70,70,70,71,71,71,71,71,34,44,54,54,71],"gold":179,"neow_bonus":"RANDOM_COLORLESS_2","is_prod":false,"is_daily":false,"chose_seed":false,"campfire_upgraded":7,"win_rate":0,"timestamp":1542197615,"path_taken":["M","?","M","?","M","E","R","E","T","M","?","$","M","M","R","BOSS","M","?","?","?","?","E","R","?","T","?","?","?","R","E","R","BOSS","M","?","?","?","$","R","M","R","T","?","R","?","M","M","R","BOSS"],"build_version":"2018-11-08","purchased_purges":1,"victory":true,"max_hp_per_floor":[75,75,75,75,75,75,75,75,75,75,75,75,75,75,75,75,75,75,75,75,75,75,75,75,75,75,75,75,75,75,75,75,75,75,75,75,71,71,71,71,71,71,71,71,71,71,71,71,71,71],"card_choices":[{"not_picked":["Defragment","Capacitor"],"picked":"Glacier","floor":1.0},{"not_picked":["Loop","Rebound"],"picked":"Defragment","floor":3.0},{"not_picked":["Hologram","Turbo"],"picked":"Ball Lightning","floor":5.0},{"not_picked":["Chill","Ball Lightning"],"picked":"FTL","floor":6.0},{"not_picked":["Cold Snap","Redo"],"picked":"Genetic Algorithm","floor":8.0},{"not_picked":["Hello World","Static Discharge"],"picked":"White Noise","floor":10.0},{"not_picked":["Fusion","Turbo"],"picked":"Reinforced Body","floor":11.0},{"not_picked":["Rip and Tear","Skim"],"picked":"Storm","floor":13.0},{"not_picked":["Compile Driver","Coolheaded"],"picked":"Tempest","floor":14.0},{"not_picked":["Amplify","All For One"],"picked":"Electrodynamics","floor":16.0},{"not_picked":["Undo","Blizzard"],"picked":"Auto Shields+1","floor":18.0},{"not_picked":["Darkness","Gash"],"picked":"Chaos+1","floor":23.0},{"not_picked":["Hello World+1","Ball Lightning","Beam Cell"],"picked":"SKIP","floor":25.0},{"not_picked":["Turbo","Gash","Compile Driver"],"picked":"SKIP","floor":29.0},{"not_picked":["Redo+1","Ball Lightning"],"picked":"Conserve Battery","floor":31.0},{"not_picked":["All For One","Core Surge"],"picked":"Fission","floor":33.0},{"not_picked":["Steam","Storm"],"picked":"Go for the Eyes","floor":35.0},{"not_picked":["Compile Driver","Leap"],"picked":"White Noise+1","floor":36.0},{"not_picked":["Streamline+1","Melter"],"picked":"Rainbow","floor":41.0},{"not_picked":["Auto Shields+1","Hello World","Steam Power"],"picked":"SKIP","floor":47},{"not_picked":["Storm","Capacitor"],"picked":"Compile Driver","floor":48}],"player_experience":513239,"relics_obtained":[{"floor":4.0,"key":"Gremlin Horn"},{"floor":6.0,"key":"Pen Nib"},{"floor":8.0,"key":"MawBank"},{"floor":9.0,"key":"Bronze Scales"},{"floor":22.0,"key":"Mercury Hourglass"},{"floor":23.0,"key":"Lantern"},{"floor":26.0,"key":"Bag of Marbles"},{"floor":31.0,"key":"Darkstone Periapt"},{"floor":36.0,"key":"Ginger"},{"floor":43.0,"key":"Tiny Chest"},{"floor":44.0,"key":"Whetstone"},{"floor":46,"key":"Unceasing Top"}],"event_choices":[{"cards_removed":["Strike_B"],"damage_healed":0.0,"max_hp_gain":0.0,"max_hp_loss":0.0,"gold_gain":0.0,"event_name":"The Cleric","player_choice":"Card Removal","floor":2.0,"gold_loss":50.0,"damage_taken":0.0},{"damage_healed":0.0,"max_hp_gain":0.0,"max_hp_loss":0.0,"gold_gain":0.0,"event_name":"Cursed Tome","player_choice":"Ignored","floor":20.0,"gold_loss":0.0,"damage_taken":0.0},{"damage_healed":0.0,"max_hp_gain":0.0,"max_hp_loss":0.0,"gold_gain":0.0,"event_name":"The Mausoleum","player_choice":"Opened","floor":21.0,"gold_loss":0.0,"damage_taken":0.0,"relics_obtained":["Letter Opener"]},{"damage_healed":0.0,"max_hp_gain":0.0,"max_hp_loss":0.0,"gold_gain":0.0,"event_name":"Accursed Blacksmith","player_choice":"Forge","floor":28.0,"gold_loss":0.0,"damage_taken":0.0,"cards_upgraded":["White Noise"]},{"damage_healed":0.0,"max_hp_gain":0.0,"max_hp_loss":0.0,"gold_gain":0.0,"event_name":"MindBloom","player_choice":"Fight","floor":36.0,"gold_loss":0.0,"damage_taken":0.0},{"damage_healed":0.0,"max_hp_gain":0.0,"max_hp_loss":4.0,"gold_gain":0.0,"event_name":"Winding Halls","player_choice":"Max HP","floor":37.0,"gold_loss":0.0,"damage_taken":0.0},{"cards_removed":["Defend_B"],"damage_healed":0.0,"max_hp_gain":0.0,"max_hp_loss":0.0,"gold_gain":0.0,"event_name":"Falling","player_choice":"Removed Skill","floor":38.0,"gold_loss":0.0,"damage_taken":0.0},{"damage_healed":0,"gold_gain":0,"player_choice":"Fight","damage_taken":0,"max_hp_gain":0,"max_hp_loss":0,"event_name":"Mysterious Sphere","floor":46,"gold_loss":0}],"is_beta":false,"boss_relics":[{"not_picked":["Fusion Hammer","Ectoplasm"],"picked":"Nuclear Battery"},{"not_picked":["Runic Pyramid","Lizard Tail"],"picked":"Sozu"}],"items_purged_floors":[19],"is_endless":false,"potions_floor_spawned":[3,5,8,11,13,25,29,31,36,48],"ascension_level":8}