{"gold_per_floor":[111,111,111,128,53,86,86,86,86,86,106,138,138,149,149,222,222,236,15,30,48,48,48,79,79,105,105,132,149,175,208,208,285,285,299,399,399,47,61,61,88,88,111,122,122,122,156,175,175,175],"floor_reached":51,"playtime":4117,"items_purged":["Strike_R","Strike_R","Strike_R"],"score":1458,"play_id":"b305ace4-0a94-4416-9a25-25be18e3c68f","local_time":"20190115181432","is_ascension_mode":true,"campfire_choices":[{"data":"Whirlwind","floor":7.0,"key":"SMITH"},{"data":"Bash","floor":10.0,"key":"SMITH"},{"data":"Bludgeon","floor":13.0,"key":"SMITH"},{"data":"Feel No Pain","floor":15.0,"key":"SMITH"},{"floor":23.0,"key":"REST"},{"data":"Offering","floor":25.0,"key":"SMITH"},{"data":"Juggernaut","floor":27.0,"key":"SMITH"},{"floor":32.0,"key":"REST"},{"data":"Corruption","floor":40.0,"key":"SMITH"},{"data":"Juggernaut","floor":42.0,"key":"SMITH"},{"data":"Disarm","floor":46.0,"key":"SMITH"},{"data":"Feel No Pain","floor":49.0,"key":"SMITH"}],"neow_cost":"NONE","seed_source_timestamp":309334835932,"circlet_count":0,"master_deck":["AscendersBane","Strike_R","Strike_R+1","Defend_R","Defend_R+1","Defend_R+1","Defend_R","Bash+1","Shrug It Off+1","Evolve","Whirlwind+1","Shrug It Off","Feel No Pain+1","Bludgeon+1","Offering+1","Shrug It Off","Corruption+1","Disarm+1","Armaments+1","Necronomicurse","Juggernaut+1","Juggernaut+1","Warcry+1","Feel No Pain+1","Feed","Burning Pact+1","Finesse+1","Violence+1","Dark Shackles+1","True Grit+1","Battle Trance+1","Metallicize","Shrug It Off+1"],"special_seed":0,"relics":["Burning Blood","NeowsBlessing","Bag of Marbles","Pen Nib","War Paint","Black Star","Necronomicon","Bronze Scales","Bottled Lightning","Orichalcum","Bag of Preparation","Toxic Egg 2","Centennial Puzzle","Mercury Hourglass","Oddly Smooth Stone","Runic Pyramid","Magic Flower","Boot","Lantern","Potion Belt","Smiling Mask","Juzu Bracelet"],"potions_floor_usage":[50],"damage_taken":[{"damage":0.0,"enemies":"Jaw Worm","floor":1.0,"turns":1.0},{"damage":0.0,"enemies":"Small Slimes","floor":4.0,"turns":1.0},{"damage":0.0,"enemies":"Gremlin Nob","floor":6.0,"turns":1.0},{"damage":0.0,"enemies":"2 Louse","floor":11.0,"turns":4.0},{"damage":26.0,"enemies":"Lagavulin","floor":12.0,"turns":10.0},{"damage":2.0,"enemies":"Red Slaver","floor":14.0,"turns":3.0},{"damage":40.0,"enemies":"The Guardian","floor":16.0,"turns":11.0},{"damage":6.0,"enemies":"Spheric Guardian","floor":18.0,"turns":1.0},{"damage":11.0,"enemies":"Shell Parasite","floor":20.0,"turns":5.0},{"damage":10.0,"enemies":"Cultist and Chosen","floor":21.0,"turns":6.0},{"damage":9.0,"enemies":"Book of Stabbing","floor":24.0,"turns":3.0},{"damage":6.0,"enemies":"Gremlin Leader","floor":28.0,"turns":3.0},{"damage":15.0,"enemies":"Sentry and Sphere","floor":29.0,"turns":4.0},{"damage":15.0,"enemies":"Book of Stabbing","floor":31.0,"turns":4.0},{"damage":28.0,"enemies":"Collector","floor":33.0,"turns":8.0},{"damage":6.0,"enemies":"Orb Walker","floor":35.0,"turns":2.0},{"damage":6.0,"enemies":"Mind Bloom Boss Battle","floor":36.0,"turns":7.0},{"damage":6.0,"enemies":"3 Shapes","floor":39.0,"turns":4.0},{"damage":6.0,"enemies":"Reptomancer","floor":41.0,"turns":2.0},{"damage":6.0,"enemies":"Maw","floor":44.0,"turns":5.0},{"damage":14.0,"enemies":"Nemesis","floor":47.0,"turns":5.0},{"damage":6.0,"enemies":"3 Darklings","floor":48.0,"turns":2.0},{"damage":11,"enemies":"Awakened One","floor":50,"turns":7}],"seed_played":"-7926692735842694217","potions_obtained":[{"floor":1.0,"key":"Weak Potion"},{"floor":11.0,"key":"AttackPotion"},{"floor":14.0,"key":"Strength Potion"},{"floor":16.0,"key":"PowerPotion"},{"floor":33.0,"key":"SteroidPotion"},{"floor":35.0,"key":"Regen Potion"}],"is_trial":false,"path_per_floor":["M","?","?","M","$","E","R","?","T","R","M","E","R","M","R","B",null,"M","$","M","M","?","R","E","R","T","R","E","M","T","E","R","B",null,"M","?","?","$","M","R","E","R","T","M","$","R","E","M","R","B",null],"character_chosen":"IRONCLAD","items_purchased":["Corruption","Dexterity Potion","True Grit+1","Battle Trance+1","Metallicize","Dexterity Potion"],"campfire_rested":2,"item_purchase_floors":[19,19,38,38,38,38],"current_hp_per_floor":[74,79,55,61,61,67,67,67,67,67,73,53,53,57,57,23,66,66,66,61,57,36,60,57,57,57,57,57,48,48,39,63,41,70,70,74,64,64,67,67,70,70,70,73,73,73,74,90,90,88],"gold":175,"neow_bonus":"THREE_ENEMY_KILL","is_prod":false,"is_daily":false,"chose_seed":false,"campfire_upgraded":10,"win_rate":0,"timestamp":1547572472,"path_taken":["M","?","?","M","?","E","R","?","T","R","M","E","R","M","R","BOSS","M","$","M","M","?","R","E","R","T","R","E","M","?","E","R","BOSS","M","?","?","$","M","R","E","R","T","M","$","R","E","M","R","BOSS"],"build_version":"2019-01-10","purchased_purges":3,"victory":true,"max_hp_per_floor":[75,80,80,80,80,80,80,80,80,80,80,80,80,80,80,80,80,80,80,80,80,80,80,80,80,80,80,80,80,80,80,80,80,80,80,84,84,84,84,84,84,84,84,84,84,84,88,91,91,91],"card_choices":[{"not_picked":["Evolve","Anger"],"picked":"Shrug It Off","floor":1.0},{"not_picked":["Havoc","Warcry"],"picked":"Evolve","floor":4.0},{"not_picked":["Iron Wave","Dual Wield"],"picked":"Whirlwind","floor":6.0},{"not_picked":["Twin Strike","Cleave","Perfected Strike"],"picked":"SKIP","floor":11.0},{"not_picked":["Warcry","Armaments"],"picked":"Bludgeon","floor":12.0},{"not_picked":["Carnage","Heavy Blade","Headbutt"],"picked":"SKIP","floor":14.0},{"not_picked":["Reaper","Dark Embrace"],"picked":"Offering","floor":16.0},{"not_picked":["Intimidate","Sword Boomerang"],"picked":"Shrug It Off","floor":18.0},{"not_picked":["Perfected Strike","Pummel"],"picked":"Disarm","floor":20.0},{"not_picked":["Wild Strike","Flex"],"picked":"Armaments+1","floor":21.0},{"not_picked":["Anger","Wild Strike"],"picked":"Juggernaut","floor":24.0},{"not_picked":["Infernal Blade+1","Ghostly Armor+1"],"picked":"Juggernaut","floor":28.0},{"not_picked":["Reckless Charge","Pommel Strike+1"],"picked":"Warcry+1","floor":29.0},{"not_picked":["Clash","Immolate"],"picked":"Feel No Pain","floor":31.0},{"not_picked":["Brutality","Demon Form"],"picked":"Feed","floor":33.0},{"not_picked":["Thunderclap","Pommel Strike","Iron Wave"],"picked":"SKIP","floor":35.0},{"not_picked":["Clothesline","Wild Strike+1"],"picked":"Burning Pact+1","floor":36.0},{"not_picked":["Panache","Discovery+1"],"picked":"Finesse+1","floor":37.0},{"not_picked":["HandOfGreed","Madness+1"],"picked":"Violence+1","floor":37.0},{"not_picked":["Chrysalis+1","Trip+1"],"picked":"Dark Shackles+1","floor":37.0},{"not_picked":["Wild Strike+1","Reckless Charge+1","Heavy Blade"],"picked":"SKIP","floor":39.0},{"not_picked":["Clash+1","Anger","Sword Boomerang"],"picked":"SKIP","floor":41.0},{"not_picked":["Warcry+1","Body Slam"],"picked":"Shrug It Off+1","floor":44.0},{"not_picked":["Wild Strike","Pommel Strike","Pummel"],"picked":"SKIP","floor":47.0},{"not_picked":["Armaments+1","Anger","Heavy Blade"],"picked":"SKIP","floor":48.0}],"player_experience":874776,"relics_obtained":[{"floor":6.0,"key":"Bag of Marbles"},{"floor":9.0,"key":"Pen Nib"},{"floor":12.0,"key":"War Paint"},{"floor":22.0,"key":"Necronomicon"},{"floor":24.0,"key":"Bronze Scales"},{"floor":24.0,"key":"Bottled Lightning"},{"floor":26.0,"key":"Orichalcum"},{"floor":28.0,"key":"Bag of Preparation"},{"floor":28.0,"key":"Toxic Egg 2"},{"floor":30.0,"key":"Centennial Puzzle"},{"floor":31.0,"key":"Mercury Hourglass"},{"floor":31.0,"key":"Oddly Smooth Stone"},{"floor":36.0,"key":"Magic Flower"},{"floor":41.0,"key":"Boot"},{"floor":41.0,"key":"Lantern"},{"floor":43.0,"key":"Potion Belt"},{"floor":47.0,"key":"Smiling Mask"},{"floor":47.0,"key":"Juzu Bracelet"}],"event_choices":[{"damage_healed":0.0,"max_hp_gain":5.0,"max_hp_loss":0.0,"gold_gain":0.0,"event_name":"Big Fish","player_choice":"Donut","floor":2.0,"gold_loss":0.0,"damage_taken":0.0},{"damage_healed":0.0,"max_hp_gain":0.0,"max_hp_loss":0.0,"gold_gain":0.0,"event_name":"Shining Light","player_choice":"Entered Light","floor":3.0,"gold_loss":0.0,"damage_taken":24.0,"cards_upgraded":["Defend_R","Strike_R"]},{"damage_healed":0.0,"max_hp_gain":0.0,"max_hp_loss":0.0,"gold_gain":0.0,"event_name":"Match and Keep!","player_choice":"2 cards matched","floor":8.0,"gold_loss":0.0,"damage_taken":0.0,"cards_obtained":["Shrug It Off","Feel No Pain"]},{"damage_healed":0.0,"max_hp_gain":0.0,"max_hp_loss":0.0,"gold_gain":0.0,"event_name":"Cursed Tome","player_choice":"Obtained Book","floor":22.0,"gold_loss":0.0,"damage_taken":21.0},{"damage_healed":0.0,"max_hp_gain":0.0,"max_hp_loss":0.0,"gold_gain":0.0,"event_name":"MindBloom","player_choice":"Fight","floor":36.0,"gold_loss":0.0,"damage_taken":0.0},{"damage_healed":0.0,"max_hp_gain":0.0,"max_hp_loss":0.0,"gold_gain":0.0,"event_name":"SensoryStone","player_choice":"Memory 3","floor":37.0,"gold_loss":0.0,"damage_taken":10.0}],"is_beta":false,"boss_relics":[{"not_picked":["Pandora\u0027s Box","Ectoplasm"],"picked":"Black Star"},{"not_picked":["Runic Cube","Calling Bell"],"picked":"Runic Pyramid"}],"items_purged_floors":[5,19,38],"is_endless":false,"potions_floor_spawned":[1,11,14,16,21,28,33,35,39,41],"ascension_level":15}