{"gold_per_floor":[109,259,277,50,50,80,100,100,100,22,41,67,67,67,67,145,145,165,78,78,78,78,78],"floor_reached":23,"playtime":554,"items_purged":["Doubt"],"score":385,"play_id":"76cc2ae8-8060-4c5d-a1a9-c6a9b6230e8c","local_time":"20190203135216","is_ascension_mode":true,"campfire_choices":[{"data":"Neutralize","floor":8,"key":"SMITH"},{"data":"Footwork","floor":15,"key":"SMITH"}],"neow_cost":"NONE","seed_source_timestamp":10149115158000,"circlet_count":0,"master_deck":["AscendersBane","Defend_G","Defend_G","Defend_G","Defend_G","Defend_G+1","Strike_G","Strike_G","Strike_G","Strike_G","Strike_G+1","Survivor","Neutralize+1","Poisoned Stab+1","Footwork+1","Backstab","Deflect+1","Noxious Fumes","Deadly Poison","Necronomicurse"],"relics":["Ring of the Snake","NeowsBlessing","Happy Flower","Regal Pillow","Mercury Hourglass","Darkstone Periapt","Sozu","Necronomicon","NlothsMask"],"potions_floor_usage":[12,12,16,16],"damage_taken":[{"damage":0,"enemies":"2 Louse","floor":1,"turns":1},{"damage":0,"enemies":"Jaw Worm","floor":3,"turns":1},{"damage":0,"enemies":"Lagavulin","floor":6,"turns":1},{"damage":0,"enemies":"Cultist","floor":7,"turns":4},{"damage":1,"enemies":"Red Slaver","floor":11,"turns":4},{"damage":13,"enemies":"3 Sentries","floor":12,"turns":5},{"damage":20,"enemies":"Slime Boss","floor":16,"turns":14},{"damage":5,"enemies":"3 Byrds","floor":18,"turns":6},{"damage":43,"enemies":"Slavers","floor":23,"turns":3}],"seed_played":"-2584700542148540584","potions_obtained":[{"floor":1,"key":"Swift Potion"},{"floor":6,"key":"Strength Potion"},{"floor":7,"key":"EntropicBrew"}],"is_trial":false,"path_per_floor":["M","?","M","$","?","E","M","R","T","$","M","E","$","?","R","B",null,"M","$","?","?","?","E"],"character_chosen":"THE_SILENT","items_purchased":["Happy Flower","Footwork","Noxious Fumes","Deadly Poison"],"campfire_rested":0,"item_purchase_floors":[4,10,19,19],"current_hp_per_floor":[59,59,59,59,59,59,59,59,59,59,58,45,45,25,25,5,51,46,46,46,31,31,0],"gold":78,"neow_bonus":"THREE_ENEMY_KILL","is_prod":false,"is_daily":false,"chose_seed":false,"campfire_upgraded":2,"win_rate":0,"timestamp":1549194736,"path_taken":["M","?","M","$","?","E","M","R","T","$","?","E","?","?","R","BOSS","M","$","?","?","?","E"],"build_version":"2019-01-23","purchased_purges":1,"victory":false,"max_hp_per_floor":[66,66,66,66,66,66,66,66,66,66,66,66,66,66,66,66,66,66,66,66,72,72,72],"card_choices":[{"not_picked":["Setup","Prepared"],"picked":"Poisoned Stab","floor":1},{"not_picked":["Underhanded Strike","Escape Plan","Deflect"],"picked":"SKIP","floor":3},{"not_picked":["Eviscerate","Accuracy","Sucker Punch"],"picked":"SKIP","floor":6},{"not_picked":["Quick Slash","Cloak And Dagger","Dagger Throw"],"picked":"SKIP","floor":7},{"not_picked":["Deflect","Cloak And Dagger"],"picked":"Backstab","floor":11},{"not_picked":["Burst","Backflip","Sucker Punch"],"picked":"SKIP","floor":12},{"not_picked":["Dagger Throw","Dagger Spray"],"picked":"Deflect+1","floor":18}],"player_experience":587044,"relics_obtained":[{"floor":6,"key":"Regal Pillow"},{"floor":9,"key":"Mercury Hourglass"},{"floor":12,"key":"Darkstone Periapt"},{"floor":21,"key":"Necronomicon"}],"event_choices":[{"damage_healed":0,"gold_gain":150,"player_choice":"AGREE","damage_taken":0,"max_hp_gain":0,"max_hp_loss":0,"event_name":"Liars Game","floor":2,"gold_loss":0,"cards_obtained":["Doubt"]},{"damage_healed":0,"gold_gain":0,"player_choice":"Upgraded","damage_taken":0,"max_hp_gain":0,"max_hp_loss":0,"event_name":"Upgrade Shrine","floor":5,"gold_loss":0,"cards_upgraded":["Poisoned Stab"]},{"damage_healed":0,"gold_gain":0,"player_choice":"Entered Light","damage_taken":20,"max_hp_gain":0,"max_hp_loss":0,"event_name":"Shining Light","floor":14,"gold_loss":0,"cards_upgraded":["Strike_G","Defend_G"]},{"damage_healed":0,"gold_gain":0,"player_choice":"Obtained Book","damage_taken":21,"max_hp_gain":0,"max_hp_loss":0,"event_name":"Cursed Tome","floor":21,"gold_loss":0},{"damage_healed":0,"gold_gain":0,"player_choice":"Trade","damage_taken":0,"relics_obtained":["NlothsMask"],"max_hp_gain":0,"max_hp_loss":0,"event_name":"FaceTrader","floor":22,"gold_loss":0}],"is_beta":false,"boss_relics":[{"not_picked":["Calling Bell","Runic Pyramid"],"picked":"Sozu"}],"items_purged_floors":[4],"is_endless":false,"potions_floor_spawned":[1,6,7,11],"killed_by":"Slavers","ascension_level":15}