{"gold_per_floor":[112,129,129,146,157,157,184,184,184,218,236,247,279,28,28,106,106,117,130,145,145,161,161,161],"floor_reached":24,"playtime":1889,"items_purged":[],"score":490,"play_id":"f435b079-d4fc-405a-8f8f-bffd3bb1d554","local_time":"20190130154158","is_ascension_mode":true,"campfire_choices":[{"data":"Neutralize","floor":6.0,"key":"SMITH"},{"floor":8.0,"key":"REST"},{"data":"Noxious Fumes","floor":15.0,"key":"SMITH"},{"floor":23,"key":"REST"}],"neow_cost":"TEN_PERCENT_HP_LOSS","seed_source_timestamp":695938002626947,"circlet_count":0,"master_deck":["AscendersBane","Defend_G","Defend_G","Defend_G","Defend_G","Defend_G","Strike_G","Strike_G","Strike_G","Survivor","Neutralize+1","Finisher","Bouncing Flask","Noxious Fumes+1","Slice","Dagger Spray","PiercingWail","Blade Dance","Footwork","Escape Plan","Night Terror","Bane","Dodge and Roll","PiercingWail"],"special_seed":0,"relics":["Ring of the Snake","CultistMask","Thread and Needle","Bottled Tornado","Bottled Flame","Bag of Preparation","Vajra","Runic Pyramid","FossilizedHelix"],"potions_floor_usage":[24],"damage_taken":[{"damage":1.0,"enemies":"Small Slimes","floor":1.0,"turns":5.0},{"damage":0.0,"enemies":"Cultist","floor":2.0,"turns":4.0},{"damage":0.0,"enemies":"2 Louse","floor":4.0,"turns":3.0},{"damage":4.0,"enemies":"2 Fungi Beasts","floor":5.0,"turns":4.0},{"damage":29.0,"enemies":"Gremlin Nob","floor":7.0,"turns":4.0},{"damage":13.0,"enemies":"Lagavulin","floor":10.0,"turns":5.0},{"damage":2.0,"enemies":"Lots of Slimes","floor":11.0,"turns":3.0},{"damage":0.0,"enemies":"Gremlin Gang","floor":12.0,"turns":1.0},{"damage":0.0,"enemies":"Gremlin Nob","floor":13.0,"turns":3.0},{"damage":16.0,"enemies":"Slime Boss","floor":16.0,"turns":7.0},{"damage":0.0,"enemies":"Chosen","floor":18.0,"turns":4.0},{"damage":26.0,"enemies":"Shell Parasite","floor":19.0,"turns":5.0},{"damage":6.0,"enemies":"Sentry and Sphere","floor":20.0,"turns":5.0},{"damage":0,"enemies":"Centurion and Healer","floor":22,"turns":7},{"damage":34,"enemies":"Slavers","floor":24,"turns":7}],"seed_played":"7606779395673915325","potions_obtained":[{"floor":1.0,"key":"Strength Potion"},{"floor":7.0,"key":"FearPotion"},{"floor":10.0,"key":"AttackPotion"},{"floor":13.0,"key":"EssenceOfSteel"},{"floor":16.0,"key":"AttackPotion"},{"floor":19.0,"key":"Fire Potion"}],"is_trial":false,"path_per_floor":["M","M","?","M","M","R","E","R","T","E","M","M","E","$","R","B",null,"M","M","M","T","M","R","E"],"character_chosen":"THE_SILENT","items_purchased":["Vajra","Bane","SteroidPotion"],"campfire_rested":2,"item_purchase_floors":[14,14,14],"current_hp_per_floor":[58,58,58,58,54,54,25,43,43,30,28,28,28,28,28,12,48,48,22,16,16,16,34,0],"gold":161,"neow_bonus":"TRANSFORM_TWO_CARDS","is_prod":false,"is_daily":false,"chose_seed":false,"campfire_upgraded":2,"win_rate":0,"timestamp":1548859318,"path_taken":["M","M","?","M","?","R","E","R","T","E","M","M","E","?","R","BOSS","M","M","?","?","M","R","E"],"build_version":"2019-01-23","purchased_purges":0,"victory":false,"max_hp_per_floor":[60,60,60,60,60,60,60,60,60,60,60,60,60,60,60,60,60,60,60,60,60,60,60,60],"card_choices":[{"not_picked":["Blade Dance","Backflip"],"picked":"Noxious Fumes","floor":1.0},{"not_picked":["Dodge and Roll","Tactician"],"picked":"Slice","floor":2.0},{"not_picked":["Dodge and Roll","Masterful Stab"],"picked":"Dagger Spray","floor":4.0},{"not_picked":["Prepared","Unload","Dagger Spray"],"picked":"SKIP","floor":5.0},{"not_picked":["Dagger Spray","Bane"],"picked":"PiercingWail","floor":7.0},{"not_picked":["Dodge and Roll","Slice"],"picked":"Blade Dance","floor":10.0},{"not_picked":["Dodge and Roll","Flying Knee"],"picked":"Footwork","floor":11.0},{"not_picked":["Poisoned Stab","Reflex"],"picked":"Escape Plan","floor":12.0},{"not_picked":["Calculated Gamble","Heel Hook"],"picked":"Night Terror","floor":13.0},{"not_picked":["Bane","Concentrate"],"picked":"Dodge and Roll","floor":18.0},{"not_picked":["Deadly Poison+1","Prepared","Acrobatics"],"picked":"SKIP","floor":19.0},{"not_picked":["Well Laid Plans+1","Heel Hook+1","Deadly Poison"],"picked":"SKIP","floor":20},{"not_picked":["Backstab","Quick Slash"],"picked":"PiercingWail","floor":22}],"player_experience":1087835,"relics_obtained":[{"floor":7.0,"key":"Thread and Needle"},{"floor":9.0,"key":"Bottled Tornado"},{"floor":10.0,"key":"Bottled Flame"},{"floor":13.0,"key":"Bag of Preparation"},{"floor":21,"key":"FossilizedHelix"}],"event_choices":[{"damage_healed":0.0,"max_hp_gain":0.0,"max_hp_loss":0.0,"gold_gain":0.0,"event_name":"FaceTrader","player_choice":"Trade","floor":3.0,"gold_loss":0.0,"damage_taken":0.0,"relics_obtained":["CultistMask"]}],"is_beta":false,"boss_relics":[{"not_picked":["Fusion Hammer","Black Star"],"picked":"Runic Pyramid"}],"items_purged_floors":[],"is_endless":false,"potions_floor_spawned":[1,7,10,13,16,19],"killed_by":"Slavers","ascension_level":20}