{"gold_per_floor":[114,16,16,32,48,48,119,134,134,134,148,163,163,183,183,272,272,272,20,20,20,20,20,20,20,20,20,20,20,20],"floor_reached":30,"playtime":1343,"items_purged":["Strike_R","Strike_R"],"score":441,"play_id":"bfc2e7ba-bb81-4c56-9fb7-df6afb80a753","local_time":"20190203162149","is_ascension_mode":true,"campfire_choices":[{"data":"Iron Wave","floor":6,"key":"SMITH"},{"floor":10,"key":"REST"},{"floor":15,"key":"REST"},{"floor":23,"key":"REST"},{"floor":29,"key":"REST"}],"neow_cost":"NONE","seed_source_timestamp":184722932503928,"circlet_count":0,"master_deck":["AscendersBane","Strike_R","Strike_R","Strike_R","Defend_R","Defend_R","Defend_R","Defend_R","Bash+1","True Grit","Iron Wave+1","Anger","Ghostly Armor","Evolve","Inflame","Immolate","Sword Boomerang","Flame Barrier","True Grit+1","Impervious+1"],"relics":["Burning Blood","Bloody Idol","Tiny Chest","Pear","Ectoplasm","Anchor","Toxic Egg 2","Strawberry"],"potions_floor_usage":[4,11,20,24,30,30],"damage_taken":[{"damage":1,"enemies":"Cultist","floor":1,"turns":4},{"damage":0,"enemies":"2 Louse","floor":4,"turns":2},{"damage":0,"enemies":"Small Slimes","floor":5,"turns":4},{"damage":38,"enemies":"3 Sentries","floor":7,"turns":11},{"damage":15,"enemies":"Exordium Wildlife","floor":8,"turns":4},{"damage":23,"enemies":"Exordium Thugs","floor":11,"turns":4},{"damage":12,"enemies":"3 Louse","floor":12,"turns":4},{"damage":1,"enemies":"Looter","floor":14,"turns":4},{"damage":26,"enemies":"Slime Boss","floor":16,"turns":12},{"damage":14,"enemies":"Shell Parasite","floor":18,"turns":3},{"damage":0,"enemies":"Chosen","floor":20,"turns":4},{"damage":43,"enemies":"Centurion and Healer","floor":21,"turns":7},{"damage":46,"enemies":"Book of Stabbing","floor":24,"turns":6},{"damage":5,"enemies":"Chosen and Byrds","floor":25,"turns":6},{"damage":73,"enemies":"3 Cultists","floor":30,"turns":7}],"seed_played":"3942175862386424762","potions_obtained":[{"floor":1,"key":"Fire Potion"},{"floor":4,"key":"BloodPotion"},{"floor":8,"key":"Poison Potion"},{"floor":18,"key":"Fire Potion"},{"floor":21,"key":"BloodPotion"},{"floor":25,"key":"SpeedPotion"}],"is_trial":false,"path_per_floor":["M","$","?","M","M","R","E","M","T","R","M","M","?","M","R","B",null,"M","$","M","M","?","R","E","M","T","?","$","R","M"],"character_chosen":"IRONCLAD","items_purchased":["Iron Wave","Anchor"],"campfire_rested":4,"item_purchase_floors":[2,19],"current_hp_per_floor":[73,73,47,53,59,59,27,18,28,53,36,30,30,35,60,40,74,66,66,72,35,35,60,28,29,36,36,36,63,0],"gold":20,"neow_bonus":"UPGRADE_CARD","is_prod":false,"is_daily":false,"chose_seed":false,"campfire_upgraded":1,"win_rate":0,"timestamp":1549232509,"path_taken":["M","$","?","M","M","R","E","M","T","R","M","M","?","M","R","BOSS","M","$","M","M","?","R","E","M","T","?","?","R","M"],"build_version":"2019-01-23","purchased_purges":2,"victory":false,"max_hp_per_floor":[75,75,75,75,75,75,75,75,85,85,85,85,85,85,85,85,85,85,85,85,85,85,85,85,85,92,92,92,92,92],"card_choices":[{"not_picked":["Entrench","Sword Boomerang"],"picked":"True Grit","floor":1},{"not_picked":["Seeing Red","Perfected Strike"],"picked":"Anger","floor":4},{"not_picked":["Shrug It Off","Perfected Strike"],"picked":"Ghostly Armor","floor":5},{"not_picked":["Body Slam","Heavy Blade","Corruption"],"picked":"SKIP","floor":7},{"not_picked":["Perfected Strike","Heavy Blade"],"picked":"Evolve","floor":8},{"not_picked":["Heavy Blade","Second Wind","Anger"],"picked":"SKIP","floor":11},{"not_picked":["True Grit","Bludgeon","Searing Blow"],"picked":"SKIP","floor":12},{"not_picked":["Anger","Thunderclap"],"picked":"Inflame","floor":14},{"not_picked":["Bludgeon","Impervious"],"picked":"Immolate","floor":16},{"not_picked":["Wild Strike","Twin Strike","Sword Boomerang"],"picked":"SKIP","floor":18},{"not_picked":["Wild Strike","Twin Strike"],"picked":"Sword Boomerang","floor":18},{"not_picked":["Cleave","Burning Pact"],"picked":"Flame Barrier","floor":20},{"not_picked":["Pommel Strike","Havoc","Entrench"],"picked":"SKIP","floor":21},{"not_picked":["Demon Form","Flex"],"picked":"True Grit","floor":24},{"not_picked":["Clothesline","Warcry+1"],"picked":"Impervious+1","floor":25}],"player_experience":842797,"relics_obtained":[{"floor":7,"key":"Tiny Chest"},{"floor":9,"key":"Pear"},{"floor":24,"key":"Toxic Egg 2"},{"floor":26,"key":"Strawberry"}],"event_choices":[{"damage_healed":0,"gold_gain":0,"player_choice":"Take Damage","damage_taken":26,"relics_obtained":["Golden Idol"],"max_hp_gain":0,"max_hp_loss":0,"event_name":"Golden Idol","floor":3,"gold_loss":0},{"damage_healed":0,"gold_gain":0,"player_choice":"Ignored","damage_taken":0,"max_hp_gain":0,"max_hp_loss":0,"event_name":"Shining Light","floor":13,"gold_loss":0},{"damage_healed":0,"gold_gain":50,"player_choice":"Stole From Cult","damage_taken":0,"max_hp_gain":0,"max_hp_loss":0,"event_name":"Nest","floor":22,"gold_loss":0},{"damage_healed":0,"gold_gain":0,"player_choice":"Gave Idol","damage_taken":0,"relics_obtained":["Bloody Idol"],"max_hp_gain":0,"max_hp_loss":0,"event_name":"Forgotten Altar","floor":27,"relics_lost":["Golden Idol"],"gold_loss":0}],"is_beta":false,"boss_relics":[{"not_picked":["Black Blood","Tiny House"],"picked":"Ectoplasm"}],"items_purged_floors":[2,19],"is_endless":false,"potions_floor_spawned":[1,4,8,18,21,25],"killed_by":"3 Cultists","ascension_level":15}