{"gold_per_floor":[109,109,126,28,45,55,55,90,90,90,90,90,124,134,134,233,233,253,266,266,10,24,55,55,55,55,55,72,97,113,127,127,230,230,247,260,260,274,286,286,306,306,306,323,323,423,456,268,268,268,268,268,41,69,69],"floor_reached":55,"playtime":3691,"items_purged":["Normality","Strike_G"],"score":891,"play_id":"157a1dd1-9ff0-43fc-924e-7ac2766e1c21","local_time":"20190202190118","is_ascension_mode":true,"campfire_choices":[{"floor":7.0,"key":"RECALL"},{"floor":15.0,"key":"REST"},{"floor":24.0,"key":"REST"},{"floor":27.0,"key":"REST"},{"floor":32.0,"key":"REST"},{"floor":40.0,"key":"REST"},{"floor":42.0,"key":"REST"},{"floor":45.0,"key":"REST"},{"data":"Dash","floor":49.0,"key":"SMITH"},{"data":"Accuracy","floor":52.0,"key":"SMITH"}],"neow_cost":"CURSE","seed_source_timestamp":0,"circlet_count":0,"master_deck":["Defend_G","Defend_G","Defend_G","Defend_G","Defend_G","Strike_G","Strike_G","Strike_G","Survivor","Neutralize","Blade Dance","Accuracy","Dagger Throw","Riddle With Holes","Footwork","Predator","Dash+1","Blade Dance","Infinite Blades","Corpse Explosion","Flying Knee","Noxious Fumes+1","PiercingWail+1","Adrenaline+1","Distraction+1","Distraction+1","Cloak And Dagger+1","Storm of Steel+1","Skewer+1","Dagger Spray","Blade Dance+1","Tools of the Trade","Well Laid Plans+1","Finisher+1","Backflip+1","Choke","Quick Slash+1","Backstab","Adrenaline+1","Infinite Blades+1","Accuracy+1","Blade Dance+1","Blade Dance+1"],"special_seed":0,"relics":["Ring of the Snake","FossilizedHelix","Dream Catcher","Shuriken","PreservedInsect","Paper Crane","Art of War","Lizard Tail","Toxic Egg 2","Mummified Hand","Blood Vial","Dodecahedron","WristBlade","Turnip","Kunai","Vajra","Pantograph"],"potions_floor_usage":[55,55,55],"damage_taken":[{"damage":0.0,"enemies":"Cultist","floor":1.0,"turns":5.0},{"damage":0.0,"enemies":"2 Louse","floor":3.0,"turns":3.0},{"damage":0.0,"enemies":"Small Slimes","floor":5.0,"turns":2.0},{"damage":0.0,"enemies":"Looter","floor":6.0,"turns":3.0},{"damage":18.0,"enemies":"Lagavulin","floor":8.0,"turns":11.0},{"damage":0.0,"enemies":"Gremlin Nob","floor":13.0,"turns":3.0},{"damage":10.0,"enemies":"Exordium Thugs","floor":14.0,"turns":3.0},{"damage":23.0,"enemies":"The Guardian","floor":16.0,"turns":11.0},{"damage":12.0,"enemies":"Shell Parasite","floor":18.0,"turns":7.0},{"damage":14.0,"enemies":"3 Byrds","floor":19.0,"turns":3.0},{"damage":34.0,"enemies":"Shelled Parasite and Fungi","floor":22.0,"turns":7.0},{"damage":10.0,"enemies":"Slavers","floor":23.0,"turns":5.0},{"damage":0.0,"enemies":"Snecko","floor":28.0,"turns":4.0},{"damage":23.0,"enemies":"Gremlin Leader","floor":29.0,"turns":6.0},{"damage":0.0,"enemies":"3 Cultists","floor":30.0,"turns":4.0},{"damage":7.0,"enemies":"Snake Plant","floor":31.0,"turns":4.0},{"damage":10.0,"enemies":"Automaton","floor":33.0,"turns":6.0},{"damage":3.0,"enemies":"Orb Walker","floor":35.0,"turns":3.0},{"damage":26.0,"enemies":"3 Darklings","floor":36.0,"turns":4.0},{"damage":0.0,"enemies":"Sphere and 2 Shapes","floor":37.0,"turns":7.0},{"damage":22.0,"enemies":"Writhing Mass","floor":38.0,"turns":6.0},{"damage":26.0,"enemies":"3 Darklings","floor":39.0,"turns":4.0},{"damage":14.0,"enemies":"Jaw Worm Horde","floor":41.0,"turns":4.0},{"damage":7.0,"enemies":"Sphere and 2 Shapes","floor":44.0,"turns":6.0},{"damage":0.0,"enemies":"Mind Bloom Boss Battle","floor":46.0,"turns":5.0},{"damage":0.0,"enemies":"Giant Head","floor":47.0,"turns":5.0},{"damage":30.0,"enemies":"Time Eater","floor":50.0,"turns":7.0},{"damage":0,"enemies":"Shield and Spear","floor":54,"turns":2},{"damage":117,"enemies":"The Heart","floor":55,"turns":5}],"seed_played":"-7138397208401924808","potions_obtained":[{"floor":3.0,"key":"EssenceOfSteel"},{"floor":5.0,"key":"Explosive Potion"},{"floor":8.0,"key":"GhostInAJar"},{"floor":23.0,"key":"Fire Potion"},{"floor":29.0,"key":"Strength Potion"},{"floor":31.0,"key":"SpeedPotion"},{"floor":36.0,"key":"Explosive Potion"},{"floor":44.0,"key":"LiquidBronze"},{"floor":46.0,"key":"SteroidPotion"},{"floor":47.0,"key":"Regen Potion"}],"is_trial":false,"path_per_floor":["M","T","M","$","M","M","R","E","T","?","?","?","E","M","R","B",null,"M","M","?","$","M","E","R","?","T","R","M","E","M","M","R","B",null,"M","M","M","M","M","R","M","R","T","M","R","?","E","$","R","B",null,"R","$","E","B"],"character_chosen":"THE_SILENT","items_purchased":["Dagger Throw","Toxic Egg 2","Accuracy","Blade Dance+1","Vajra","EssenceOfSteel"],"campfire_rested":7,"item_purchase_floors":[4,21,48,48,53,53],"current_hp_per_floor":[70,70,70,70,70,70,70,52,52,52,57,50,50,40,62,39,75,63,49,49,49,15,5,27,27,27,49,51,30,32,27,49,41,75,72,48,50,30,6,28,16,38,38,33,55,57,59,59,59,46,75,75,75,75,0],"gold":69,"neow_bonus":"ONE_RARE_RELIC","is_prod":false,"is_daily":false,"chose_seed":false,"campfire_upgraded":2,"win_rate":0,"timestamp":1549155678,"path_taken":["M","?","M","$","M","M","R","E","T","?","?","?","E","M","R","BOSS","M","M","?","?","M","E","R","?","T","R","M","E","M","M","R","BOSS","M","?","M","?","M","R","M","R","T","M","R","?","E","?","R","BOSS","R","$","E","BOSS"],"build_version":"2019-01-23","purchased_purges":2,"victory":false,"max_hp_per_floor":[70,70,70,70,70,70,70,70,70,70,75,75,75,75,75,75,75,75,75,75,75,75,75,75,75,75,75,75,75,75,75,75,75,75,75,75,75,75,75,75,75,75,75,75,75,75,75,75,75,75,75,75,75,75,75],"card_choices":[{"not_picked":["Concentrate","Poisoned Stab"],"picked":"Blade Dance","floor":1.0},{"not_picked":["Bane","Blade Dance"],"picked":"Accuracy","floor":3.0},{"not_picked":["Poisoned Stab","Deadly Poison"],"picked":"Riddle With Holes","floor":5.0},{"not_picked":["Sucker Punch","Underhanded Strike"],"picked":"Footwork","floor":6.0},{"not_picked":["Deadly Poison","Skewer"],"picked":"Predator","floor":8.0},{"not_picked":["Outmaneuver","Phantasmal Killer"],"picked":"Dash","floor":13.0},{"not_picked":["Acrobatics","Outmaneuver"],"picked":"Blade Dance","floor":14.0},{"not_picked":["Terror","Distraction"],"picked":"Infinite Blades","floor":15.0},{"not_picked":["Die Die Die","Storm of Steel"],"picked":"Corpse Explosion","floor":16.0},{"not_picked":["Poisoned Stab","Dagger Spray"],"picked":"Flying Knee","floor":18.0},{"not_picked":["Deadly Poison","Outmaneuver"],"picked":"Noxious Fumes+1","floor":19.0},{"not_picked":["Deflect+1","Dagger Spray"],"picked":"PiercingWail+1","floor":22.0},{"not_picked":["Underhanded Strike","Dagger Spray"],"picked":"Adrenaline+1","floor":23.0},{"not_picked":["Concentrate+1","Riddle With Holes"],"picked":"Distraction+1","floor":24.0},{"not_picked":["Slice+1","Dodge and Roll+1"],"picked":"Distraction+1","floor":27.0},{"not_picked":["Caltrops","Catalyst+1"],"picked":"Cloak And Dagger+1","floor":28.0},{"not_picked":["Acrobatics+1","Flying Knee"],"picked":"Storm of Steel+1","floor":29.0},{"not_picked":["Sucker Punch","Dodge and Roll+1"],"picked":"Skewer+1","floor":30.0},{"not_picked":["Flechettes","Malaise+1"],"picked":"Dagger Spray","floor":31.0},{"not_picked":["Underhanded Strike","Concentrate+1"],"picked":"Blade Dance+1","floor":32.0},{"not_picked":["Storm of Steel+1","Bullet Time+1"],"picked":"Tools of the Trade","floor":33.0},{"not_picked":["Infinite Blades","Quick Slash+1"],"picked":"Well Laid Plans+1","floor":35.0},{"not_picked":["Quick Slash","Concentrate+1","Predator+1"],"picked":"SKIP","floor":36.0},{"not_picked":["Accuracy","Deadly Poison+1"],"picked":"Finisher+1","floor":37.0},{"not_picked":["Crippling Poison+1","Slice+1"],"picked":"Backflip+1","floor":38.0},{"not_picked":["Dodge and Roll+1","Bane+1"],"picked":"Choke","floor":39.0},{"not_picked":["Finisher","Deflect+1","Prepared+1"],"picked":"SKIP","floor":41.0},{"not_picked":["Cloak And Dagger+1","Heel Hook"],"picked":"Quick Slash+1","floor":42.0},{"not_picked":["Dagger Throw","Blade Dance+1"],"picked":"Backstab","floor":44.0},{"not_picked":["Dagger Throw+1","Dodge and Roll+1"],"picked":"Adrenaline+1","floor":46.0},{"not_picked":["Deflect+1","PiercingWail+1"],"picked":"Infinite Blades+1","floor":47.0},{"not_picked":["Dagger Spray","Deadly Poison+1"],"picked":"Blade Dance+1","floor":54}],"player_experience":368153,"relics_obtained":[{"floor":2.0,"key":"Dream Catcher"},{"floor":8.0,"key":"Shuriken"},{"floor":9.0,"key":"PreservedInsect"},{"floor":13.0,"key":"Art of War"},{"floor":23.0,"key":"Mummified Hand"},{"floor":26.0,"key":"Blood Vial"},{"floor":29.0,"key":"Dodecahedron"},{"floor":46.0,"key":"Turnip"},{"floor":47.0,"key":"Kunai"},{"floor":54,"key":"Pantograph"}],"event_choices":[{"cards_removed":["Strike_G"],"damage_healed":0.0,"max_hp_gain":0.0,"max_hp_loss":0.0,"gold_gain":0.0,"event_name":"Living Wall","player_choice":"Forget","floor":10.0,"gold_loss":0.0,"damage_taken":0.0},{"damage_healed":0.0,"max_hp_gain":5.0,"max_hp_loss":0.0,"gold_gain":0.0,"event_name":"Big Fish","player_choice":"Donut","floor":11.0,"gold_loss":0.0,"damage_taken":0.0},{"damage_healed":0.0,"max_hp_gain":0.0,"max_hp_loss":0.0,"gold_gain":0.0,"event_name":"Scrap Ooze","player_choice":"Success","floor":12.0,"gold_loss":0.0,"damage_taken":7.0,"relics_obtained":["Paper Crane"]},{"damage_healed":0.0,"max_hp_gain":0.0,"max_hp_loss":0.0,"gold_gain":0.0,"event_name":"Cursed Tome","player_choice":"Ignored","floor":20.0,"gold_loss":0.0,"damage_taken":0.0},{"damage_healed":0.0,"max_hp_gain":0.0,"max_hp_loss":0.0,"gold_gain":0.0,"event_name":"FaceTrader","player_choice":"Leave","floor":25.0,"gold_loss":0.0,"damage_taken":0.0},{"damage_healed":0.0,"max_hp_gain":0.0,"max_hp_loss":0.0,"gold_gain":0.0,"event_name":"MindBloom","player_choice":"Fight","floor":46.0,"gold_loss":0.0,"damage_taken":0.0}],"is_beta":false,"boss_relics":[{"not_picked":["Eternal Feather","HoveringKite"],"picked":"Lizard Tail"},{"not_picked":["Black Star","Velvet Choker"],"picked":"WristBlade"}],"items_purged_floors":[4,48],"is_endless":false,"potions_floor_spawned":[3,5,8,19,23,29,31,35,36,39,44,46,47],"killed_by":"The Heart","ascension_level":1}