{"gold_per_floor":[110,120,120,136,46,46,80,99,99,99,64,93,120,133,133,207,207,217,54,64,64,82,82,97,130,130,130,45,78,107,119,131,143],"floor_reached":33,"playtime":2976,"items_purged":[],"score":546,"play_id":"3205a944-ee1c-49a8-b120-88fd974083d0","local_time":"20190106230729","is_ascension_mode":true,"campfire_choices":[{"data":"Footwork","floor":6.0,"key":"SMITH"},{"data":"Footwork","floor":10.0,"key":"SMITH"},{"data":"Neutralize","floor":15.0,"key":"SMITH"},{"data":"Crippling Poison","floor":23.0,"key":"SMITH"},{"data":"Noxious Fumes","floor":27.0,"key":"SMITH"},{"data":"Crippling Poison","floor":32.0,"key":"SMITH"}],"neow_cost":"NONE","seed_source_timestamp":79106089982436,"circlet_count":0,"master_deck":["AscendersBane","Defend_G+1","Defend_G","Defend_G","Defend_G","Defend_G","Strike_G","Strike_G","Strike_G","Strike_G","Survivor+1","Neutralize+1","Poisoned Stab","Footwork+1","Cloak And Dagger","Footwork+1","Dagger Spray","PiercingWail","Backflip","Backflip","Burst","Backflip","Choke+1","PiercingWail","Dodge and Roll","Noxious Fumes+1","Crippling Poison+1","Masterful Stab+1","Well Laid Plans","Crippling Poison+1"],"special_seed":0,"relics":["Ring of the Snake","War Paint","Mercury Hourglass","Meat on the Bone","Odd Mushroom","Molten Egg 2","Orrery","Shuriken","Bird Faced Urn","MawBank","Oddly Smooth Stone"],"potions_floor_usage":[33,33],"damage_taken":[{"damage":2.0,"enemies":"Jaw Worm","floor":1.0,"turns":6.0},{"damage":0.0,"enemies":"Small Slimes","floor":2.0,"turns":4.0},{"damage":0.0,"enemies":"2 Louse","floor":4.0,"turns":4.0},{"damage":36.0,"enemies":"Gremlin Nob","floor":7.0,"turns":6.0},{"damage":0.0,"enemies":"Blue Slaver","floor":8.0,"turns":5.0},{"damage":17.0,"enemies":"The Mushroom Lair","floor":12.0,"turns":4.0},{"damage":4.0,"enemies":"3 Sentries","floor":13.0,"turns":6.0},{"damage":5.0,"enemies":"Gremlin Gang","floor":14.0,"turns":3.0},{"damage":2.0,"enemies":"The Guardian","floor":16.0,"turns":19.0},{"damage":12.0,"enemies":"Shell Parasite","floor":18.0,"turns":11.0},{"damage":2.0,"enemies":"3 Byrds","floor":20.0,"turns":5.0},{"damage":2.0,"enemies":"Centurion and Healer","floor":22.0,"turns":13.0},{"damage":10.0,"enemies":"Sentry and Sphere","floor":24.0,"turns":4.0},{"damage":14.0,"enemies":"Slavers","floor":25.0,"turns":6.0},{"damage":17.0,"enemies":"Book of Stabbing","floor":29.0,"turns":8.0},{"damage":2.0,"enemies":"Snecko","floor":30.0,"turns":7.0},{"damage":48,"enemies":"Champ","floor":33,"turns":16}],"seed_played":"5187582165166852408","potions_obtained":[{"floor":4.0,"key":"PowerPotion"},{"floor":8.0,"key":"PowerPotion"},{"floor":13.0,"key":"Energy Potion"},{"floor":16.0,"key":"Poison Potion"},{"floor":20.0,"key":"Regen Potion"},{"floor":24.0,"key":"Strength Potion"},{"floor":30.0,"key":"Poison Potion"}],"is_trial":false,"path_per_floor":["M","M","?","M","$","R","E","M","T","R","?","?","E","M","R","B",null,"M","$","M","?","M","R","M","E","T","R","$","E","M","T","R","B"],"character_chosen":"THE_SILENT","items_purchased":["Footwork","Dagger Spray","Noxious Fumes","Crippling Poison","Well Laid Plans"],"campfire_rested":0,"item_purchase_floors":[5,5,19,19,28],"current_hp_per_floor":[57,57,66,66,66,66,30,30,30,30,46,41,37,44,44,42,60,48,48,46,46,59,59,49,35,35,35,35,38,40,40,40,0],"gold":143,"neow_bonus":"RANDOM_COMMON_RELIC","is_prod":false,"is_daily":false,"chose_seed":false,"campfire_upgraded":6,"win_rate":0,"timestamp":1546812449,"path_taken":["M","M","?","M","$","R","E","M","T","R","?","?","E","?","R","BOSS","M","$","?","?","M","R","M","E","T","R","$","E","?","?","R","BOSS"],"build_version":"2019-01-03v4","purchased_purges":0,"victory":false,"max_hp_per_floor":[66,66,66,66,66,66,66,66,66,66,66,66,66,66,66,66,66,66,66,66,66,66,66,66,66,66,66,66,66,66,66,66,66],"card_choices":[{"not_picked":["Reflex","Underhanded Strike"],"picked":"Poisoned Stab","floor":1.0},{"not_picked":["Flying Knee","Deadly Poison"],"picked":"Footwork","floor":2.0},{"not_picked":["Caltrops","Quick Slash"],"picked":"Cloak And Dagger","floor":4.0},{"not_picked":["Poisoned Stab","Deflect"],"picked":"PiercingWail","floor":7.0},{"not_picked":["Finisher","Flying Knee","Distraction"],"picked":"SKIP","floor":8.0},{"not_picked":["Skewer","Flying Knee"],"picked":"Backflip","floor":12.0},{"not_picked":["Dagger Throw","Grand Finale","Slice"],"picked":"SKIP","floor":13.0},{"not_picked":["Prepared","Sucker Punch+1"],"picked":"Backflip","floor":14.0},{"not_picked":["Night Terror","Venomology"],"picked":"Burst","floor":16.0},{"not_picked":["Accuracy","Calculated Gamble"],"picked":"Backflip","floor":17.0},{"not_picked":["Cloak And Dagger","Slice+1"],"picked":"Choke+1","floor":17.0},{"not_picked":["Sucker Punch+1","Reflex"],"picked":"PiercingWail","floor":17.0},{"not_picked":["Flying Knee+1","Phantasmal Killer"],"picked":"Dodge and Roll","floor":18.0},{"not_picked":["Cloak And Dagger","Riddle With Holes+1","Finisher+1"],"picked":"SKIP","floor":20.0},{"not_picked":["Blade Dance","Flying Knee+1","Bane+1"],"picked":"SKIP","floor":22.0},{"not_picked":["Deflect","Prepared","Slice+1"],"picked":"SKIP","floor":24.0},{"not_picked":["Predator+1","Distraction","PiercingWail"],"picked":"SKIP","floor":25.0},{"not_picked":["Envenom","Outmaneuver"],"picked":"Crippling Poison","floor":29.0},{"not_picked":["Blade Dance","Masterful Stab+1","Choke+1"],"picked":"SKIP","floor":30.0}],"player_experience":769307,"relics_obtained":[{"floor":7.0,"key":"Mercury Hourglass"},{"floor":9.0,"key":"Meat on the Bone"},{"floor":12.0,"key":"Odd Mushroom"},{"floor":13.0,"key":"Molten Egg 2"},{"floor":25.0,"key":"Shuriken"},{"floor":26.0,"key":"Bird Faced Urn"},{"floor":29.0,"key":"MawBank"},{"floor":31.0,"key":"Oddly Smooth Stone"}],"event_choices":[{"damage_healed":22.0,"max_hp_gain":0.0,"max_hp_loss":0.0,"gold_gain":0.0,"event_name":"Big Fish","player_choice":"Banana","floor":3.0,"gold_loss":0.0,"damage_taken":0.0},{"damage_healed":16.0,"max_hp_gain":0.0,"max_hp_loss":0.0,"gold_gain":0.0,"event_name":"The Cleric","player_choice":"Healed","floor":11.0,"gold_loss":35.0,"damage_taken":0.0},{"damage_healed":0.0,"max_hp_gain":0.0,"max_hp_loss":0.0,"gold_gain":0.0,"event_name":"Mushrooms","player_choice":"Fought Mushrooms","floor":12.0,"gold_loss":0.0,"damage_taken":0.0},{"damage_healed":0.0,"max_hp_gain":0.0,"max_hp_loss":0.0,"gold_gain":0.0,"cards_transformed":["Strike_G"],"event_name":"Transmorgrifier","player_choice":"Transformed","floor":21.0,"gold_loss":0.0,"damage_taken":0.0,"cards_obtained":["Masterful Stab"]}],"is_beta":false,"boss_relics":[{"not_picked":["Ring of the Serpent","Ectoplasm"],"picked":"Orrery"}],"items_purged_floors":[],"is_endless":false,"potions_floor_spawned":[4,8,13,16,20,24,30],"killed_by":"Champ","ascension_level":17}