{"gold_per_floor":[110,35,35,46,17,51,51,62,62,62,62,82,110,126,126,197,197,197,97,97],"floor_reached":20,"playtime":1045,"items_purged":[],"score":414,"play_id":"2c1dbcd3-3b6b-49d1-bc4c-9a18990010a4","local_time":"20190125191257","is_ascension_mode":true,"campfire_choices":[{"data":"Neutralize","floor":7.0,"key":"SMITH"},{"data":"Footwork","floor":10.0,"key":"SMITH"},{"floor":15.0,"key":"REST"}],"neow_cost":"NONE","seed_source_timestamp":277589508416317,"circlet_count":0,"master_deck":["AscendersBane","Defend_G","Defend_G","Defend_G","Defend_G","Defend_G","Strike_G","Strike_G","Strike_G","Strike_G","Strike_G","Survivor","Neutralize+1","Footwork+1","Well Laid Plans","Deadly Poison","Finisher","Quick Slash","Noxious Fumes","Slice","Wraith Form v2","Bouncing Flask","PiercingWail"],"special_seed":0,"relics":["Ring of the Snake","NeowsBlessing","Shuriken","Art of War","Gremlin Horn","Bottled Lightning","Ectoplasm"],"potions_floor_usage":[],"damage_taken":[{"damage":0.0,"enemies":"2 Louse","floor":1.0,"turns":1.0},{"damage":0.0,"enemies":"Jaw Worm","floor":4.0,"turns":1.0},{"damage":0.0,"enemies":"Lagavulin","floor":6.0,"turns":1.0},{"damage":0.0,"enemies":"Cultist","floor":8.0,"turns":3.0},{"damage":0.0,"enemies":"2 Fungi Beasts","floor":12.0,"turns":2.0},{"damage":44.0,"enemies":"Gremlin Nob","floor":13.0,"turns":5.0},{"damage":26.0,"enemies":"Gremlin Gang","floor":14.0,"turns":4.0},{"damage":16.0,"enemies":"The Guardian","floor":16.0,"turns":10.0},{"damage":18.0,"enemies":"Shell Parasite","floor":18.0,"turns":7.0},{"damage":21.0,"enemies":"2 Thieves","floor":19.0,"turns":5.0},{"damage":26,"enemies":"3 Cultists","floor":20,"turns":4}],"seed_played":"-4533248123786601489","potions_obtained":[{"floor":1.0,"key":"Explosive Potion"},{"floor":8.0,"key":"Regen Potion"},{"floor":14.0,"key":"Block Potion"},{"floor":18.0,"key":"Regen Potion"}],"is_trial":false,"path_per_floor":["M","$","?","M","$","E","R","M","T","R","T","M","E","M","R","B",null,"M","M","M"],"character_chosen":"THE_SILENT","items_purchased":["Footwork","Deadly Poison"],"campfire_rested":1,"item_purchase_floors":[2,5],"current_hp_per_floor":[59,59,59,59,59,59,59,59,59,59,59,59,27,1,20,4,51,33,12,0],"gold":97,"neow_bonus":"THREE_ENEMY_KILL","is_prod":false,"is_daily":false,"chose_seed":false,"campfire_upgraded":2,"win_rate":0,"timestamp":1548439977,"path_taken":["M","$","?","M","$","E","R","M","T","R","?","?","E","M","R","BOSS","M","M","M"],"build_version":"2019-01-23","purchased_purges":0,"victory":false,"max_hp_per_floor":[66,66,66,66,66,66,66,66,66,66,66,66,66,66,66,66,66,66,66,66],"card_choices":[{"not_picked":["Leg Sweep","Calculated Gamble","Concentrate"],"picked":"SKIP","floor":1.0},{"not_picked":["Endless Agony","Flying Knee"],"picked":"Well Laid Plans","floor":4.0},{"not_picked":["Venomology","Prepared"],"picked":"Finisher","floor":6.0},{"not_picked":["Backflip","Leg Sweep"],"picked":"Quick Slash","floor":8.0},{"not_picked":["Escape Plan","Backflip"],"picked":"Noxious Fumes","floor":12.0},{"not_picked":["Setup","Masterful Stab","Sucker Punch"],"picked":"SKIP","floor":13.0},{"not_picked":["Dagger Spray","Poisoned Stab"],"picked":"Slice","floor":14.0},{"not_picked":["Adrenaline","Burst"],"picked":"Wraith Form v2","floor":16.0},{"not_picked":["Flying Knee","Underhanded Strike"],"picked":"Bouncing Flask","floor":18.0},{"not_picked":["Bane","Deflect"],"picked":"PiercingWail","floor":19.0}],"player_experience":1004211,"relics_obtained":[{"floor":6.0,"key":"Shuriken"},{"floor":9.0,"key":"Art of War"},{"floor":11.0,"key":"Gremlin Horn"},{"floor":13.0,"key":"Bottled Lightning"}],"event_choices":[{"damage_healed":0.0,"max_hp_gain":0.0,"max_hp_loss":0.0,"gold_gain":0.0,"event_name":"Liars Game","player_choice":"Ignored","floor":3.0,"gold_loss":0.0,"damage_taken":0.0}],"is_beta":false,"boss_relics":[{"not_picked":["Empty Cage","Busted Crown"],"picked":"Ectoplasm"}],"items_purged_floors":[],"is_endless":false,"potions_floor_spawned":[1,8,14,18],"killed_by":"3 Cultists","ascension_level":20}