{"gold_per_floor":[110,124,134,134,148,148,183,183,183,201,201,221,5,21,21,92,92,110,110,126,26,43,43,72,85,385,385,385,385,418,428,428,428],"floor_reached":33,"playtime":1698,"items_purged":["Strike_R","Strike_R"],"score":640,"play_id":"42e34cd5-2f6c-425d-92bb-2807218d70f0","local_time":"20190129155231","is_ascension_mode":true,"campfire_choices":[{"data":"Inflame","floor":6.0,"key":"SMITH"},{"data":"Heavy Blade","floor":11.0,"key":"SMITH"},{"floor":15.0,"key":"REST"},{"data":"True Grit","floor":23.0,"key":"SMITH"},{"data":"Immolate","floor":27.0,"key":"SMITH"},{"data":"Metallicize","floor":29.0,"key":"SMITH"},{"floor":32,"key":"REST"}],"neow_cost":"NONE","seed_source_timestamp":610445854424177,"circlet_count":0,"master_deck":["AscendersBane","Strike_R","Strike_R","Strike_R+1","Defend_R","Defend_R","Defend_R+1","Defend_R+1","Bash+1","Inflame+1","Heavy Blade+1","Clothesline","Immolate+1","Headbutt","Metallicize+1","Shrug It Off","Berserk","Body Slam+1","True Grit+1","Reaper","Feed","Rage","Havoc"],"special_seed":0,"relics":["Burning Blood","Omamori","Strawberry","Meat on the Bone","War Paint","Odd Mushroom","Velvet Choker","Bottled Flame","Old Coin","Art of War"],"potions_floor_usage":[30,31,33],"damage_taken":[{"damage":2.0,"enemies":"2 Louse","floor":1.0,"turns":4.0},{"damage":14.0,"enemies":"Small Slimes","floor":2.0,"turns":4.0},{"damage":11.0,"enemies":"Jaw Worm","floor":3.0,"turns":5.0},{"damage":6.0,"enemies":"2 Fungi Beasts","floor":5.0,"turns":4.0},{"damage":30.0,"enemies":"3 Sentries","floor":7.0,"turns":7.0},{"damage":0.0,"enemies":"Exordium Thugs","floor":10.0,"turns":3.0},{"damage":17.0,"enemies":"The Mushroom Lair","floor":12.0,"turns":3.0},{"damage":21.0,"enemies":"Lots of Slimes","floor":14.0,"turns":3.0},{"damage":0.0,"enemies":"Slime Boss","floor":16.0,"turns":4.0},{"damage":16.0,"enemies":"3 Byrds","floor":18.0,"turns":4.0},{"damage":7.0,"enemies":"Chosen","floor":20.0,"turns":5.0},{"damage":8.0,"enemies":"Centurion and Healer","floor":22.0,"turns":5.0},{"damage":68.0,"enemies":"Book of Stabbing","floor":24.0,"turns":6.0},{"damage":10.0,"enemies":"Snecko","floor":25.0,"turns":3.0},{"damage":13,"enemies":"Slavers","floor":30,"turns":5},{"damage":42,"enemies":"Chosen and Byrds","floor":31,"turns":7},{"damage":85,"enemies":"Collector","floor":33,"turns":6}],"seed_played":"-197296214002142619","potions_obtained":[{"floor":1.0,"key":"Block Potion"},{"floor":2.0,"key":"LiquidBronze"},{"floor":10.0,"key":"GamblersBrew"},{"floor":14.0,"key":"Poison Potion"},{"floor":18.0,"key":"FairyPotion"},{"floor":28.0,"key":"LiquidBronze"},{"floor":28.0,"key":"FearPotion"},{"floor":31,"key":"LiquidBronze"}],"is_trial":false,"path_per_floor":["M","M","M","?","M","R","E","?","T","M","R","?","$","M","R","B",null,"M","?","M","$","M","R","E","M","T","R","?","R","E","M","R","B"],"character_chosen":"IRONCLAD","items_purchased":["AttackPotion","Metallicize"],"campfire_rested":2,"item_purchase_floors":[13,13],"current_hp_per_floor":[72,64,59,66,66,66,42,17,17,35,35,36,36,33,57,63,77,67,67,66,66,81,81,31,46,46,46,46,46,51,40,64,0],"gold":428,"neow_bonus":"RANDOM_COMMON_RELIC","is_prod":false,"is_daily":false,"chose_seed":false,"campfire_upgraded":5,"win_rate":0,"timestamp":1548773551,"path_taken":["M","M","M","?","M","R","E","?","T","M","R","?","$","?","R","BOSS","M","?","M","?","M","R","E","?","T","R","?","R","E","M","R","BOSS"],"build_version":"2019-01-23","purchased_purges":2,"victory":false,"max_hp_per_floor":[75,75,75,82,82,82,82,82,82,82,82,82,82,82,82,82,82,82,82,82,82,82,82,82,82,82,82,82,82,82,82,82,82],"card_choices":[{"not_picked":["Bloodletting","Armaments"],"picked":"Inflame","floor":1.0},{"not_picked":["Sword Boomerang","Armaments"],"picked":"Heavy Blade","floor":2.0},{"not_picked":["Wild Strike","Pommel Strike"],"picked":"Clothesline","floor":3.0},{"not_picked":["Anger","Whirlwind","Wild Strike"],"picked":"SKIP","floor":5.0},{"not_picked":["Rampage","Infernal Blade"],"picked":"Immolate","floor":7.0},{"not_picked":["Whirlwind","Twin Strike"],"picked":"Headbutt","floor":10.0},{"not_picked":["Searing Blow","Sentinel"],"picked":"Shrug It Off","floor":14.0},{"not_picked":["Barricade","Brutality"],"picked":"Berserk","floor":16.0},{"not_picked":["Sword Boomerang","Twin Strike"],"picked":"Body Slam+1","floor":18.0},{"not_picked":["Cleave","Havoc"],"picked":"Reaper","floor":20.0},{"not_picked":["Body Slam","Intimidate","Wild Strike+1"],"picked":"SKIP","floor":22.0},{"not_picked":["Searing Blow","Headbutt"],"picked":"Feed","floor":24.0},{"not_picked":["Perfected Strike","Flex"],"picked":"Rage","floor":25.0},{"not_picked":["Warcry","Headbutt+1"],"picked":"Havoc","floor":30},{"not_picked":["Clothesline","Cleave","Armaments"],"picked":"SKIP","floor":31}],"player_experience":1058031,"relics_obtained":[{"floor":7.0,"key":"Meat on the Bone"},{"floor":9.0,"key":"War Paint"},{"floor":12.0,"key":"Odd Mushroom"},{"floor":24.0,"key":"Bottled Flame"},{"floor":26.0,"key":"Old Coin"},{"floor":30,"key":"Art of War"}],"event_choices":[{"damage_healed":0.0,"max_hp_gain":0.0,"max_hp_loss":0.0,"gold_gain":0.0,"event_name":"Big Fish","player_choice":"Box","floor":4.0,"gold_loss":0.0,"damage_taken":0.0,"relics_obtained":["Strawberry"],"cards_obtained":["Regret"]},{"damage_healed":0.0,"max_hp_gain":0.0,"max_hp_loss":0.0,"gold_gain":0.0,"event_name":"Shining Light","player_choice":"Entered Light","floor":8.0,"gold_loss":0.0,"damage_taken":25.0,"cards_upgraded":["Bash","Strike_R"]},{"damage_healed":0.0,"max_hp_gain":0.0,"max_hp_loss":0.0,"gold_gain":0.0,"event_name":"Mushrooms","player_choice":"Fought Mushrooms","floor":12.0,"gold_loss":0.0,"damage_taken":0.0},{"damage_healed":0.0,"max_hp_gain":0.0,"max_hp_loss":0.0,"gold_gain":0.0,"event_name":"Match and Keep!","player_choice":"1 cards matched","floor":19.0,"gold_loss":0.0,"damage_taken":0.0,"cards_obtained":["True Grit"]},{"damage_healed":0.0,"max_hp_gain":0.0,"max_hp_loss":0.0,"gold_gain":0.0,"event_name":"Lab","player_choice":"Got Potions","floor":28.0,"gold_loss":0.0,"damage_taken":0.0}],"is_beta":false,"boss_relics":[{"not_picked":["Eternal Feather","Fusion Hammer"],"picked":"Velvet Choker"}],"items_purged_floors":[13,21],"is_endless":false,"potions_floor_spawned":[1,2,5,10,14,18,31],"killed_by":"Collector","ascension_level":18}