{"gold_per_floor":[110,110,110,122,140,140,140,167,167,179,209,219,271,63,63,159,159,178,198,198,298,298,298,333,347,415,415,444,459,459,477,477,573,573,583,583,600,600,600,600,611,611,637,669,228,228,72,90,90,90,90,90,39,65,65],"floor_reached":55,"playtime":4048,"items_purged":[],"score":942,"play_id":"4e5f9d42-734f-4ba4-8616-d416d95b471f","local_time":"20190131235448","is_ascension_mode":true,"campfire_choices":[{"floor":6,"key":"RECALL"},{"floor":15,"key":"REST"},{"floor":23,"key":"REST"},{"floor":27,"key":"REST"},{"floor":30,"key":"REST"},{"data":"Rainbow","floor":32,"key":"SMITH"},{"floor":40,"key":"REST"},{"floor":42,"key":"REST"},{"floor":46,"key":"REST"},{"data":"Thunder Strike","floor":49,"key":"SMITH"},{"data":"Reinforced Body","floor":52,"key":"SMITH"}],"neow_cost":"NONE","seed_source_timestamp":81400021318180,"circlet_count":0,"master_deck":["Zap+1","Dualcast","Melter","Chaos","Conserve Battery","Cold Snap","Turbo","Stack","Defragment","Go for the Eyes","Rainbow+1","Reinforced Body+1","Turbo","Stack","Meteor Strike","Lockon","Cold Snap","Gash","Hologram","Compile Driver","FTL","Sweeping Beam","Conserve Battery+1","Gash","Thunder Strike+1","Static Discharge+1","Compile Driver","Thunder Strike","Redo+1","Static Discharge+1","Seek","Go for the Eyes+1","FTL+1"],"relics":["Cracked Core","Letter Opener","Lantern","Bronze Scales","PreservedInsect","Pandora\u0027s Box","FossilizedHelix","Pear","Bag of Marbles","Cables","Thread and Needle","Lizard Tail","Bag of Preparation","Omamori","Bottled Tornado","Runic Capacitor","Incense Burner"],"potions_floor_usage":[8,8,16,16,19,21,21,24,29,50,50,50,54],"damage_taken":[{"damage":0,"enemies":"2 Louse","floor":1,"turns":2},{"damage":8,"enemies":"Small Slimes","floor":4,"turns":4},{"damage":0,"enemies":"Cultist","floor":5,"turns":3},{"damage":11,"enemies":"Lagavulin","floor":8,"turns":6},{"damage":0,"enemies":"3 Louse","floor":10,"turns":2},{"damage":18,"enemies":"3 Sentries","floor":11,"turns":5},{"damage":0,"enemies":"Red Slaver","floor":12,"turns":3},{"damage":7,"enemies":"The Guardian","floor":16,"turns":9},{"damage":9,"enemies":"3 Byrds","floor":18,"turns":3},{"damage":6,"enemies":"Chosen","floor":19,"turns":4},{"damage":36,"enemies":"Colosseum Slavers","floor":21,"turns":4},{"damage":18,"enemies":"Colosseum Nobs","floor":21,"turns":3},{"damage":0,"enemies":"Gremlin Leader","floor":24,"turns":4},{"damage":8,"enemies":"Snake Plant","floor":25,"turns":4},{"damage":28,"enemies":"Slavers","floor":28,"turns":4},{"damage":2,"enemies":"Shelled Parasite and Fungi","floor":29,"turns":5},{"damage":0,"enemies":"Centurion and Healer","floor":31,"turns":5},{"damage":61,"enemies":"Collector","floor":33,"turns":12},{"damage":0,"enemies":"Orb Walker","floor":35,"turns":3},{"damage":12,"enemies":"3 Shapes","floor":37,"turns":3},{"damage":42,"enemies":"Transient","floor":41,"turns":5},{"damage":0,"enemies":"Nemesis","floor":44,"turns":5},{"damage":2,"enemies":"Maw","floor":48,"turns":6},{"damage":57,"enemies":"Awakened One","floor":50,"turns":7},{"damage":12,"enemies":"Shield and Spear","floor":54,"turns":4},{"damage":140,"enemies":"The Heart","floor":55,"turns":5}],"seed_played":"1153612160167684577","potions_obtained":[{"floor":4,"key":"AttackPotion"},{"floor":5,"key":"SkillPotion"},{"floor":7,"key":"FearPotion"},{"floor":12,"key":"Dexterity Potion"},{"floor":16,"key":"SkillPotion"},{"floor":18,"key":"LiquidBronze"},{"floor":19,"key":"FocusPotion"},{"floor":21,"key":"EssenceOfSteel"},{"floor":25,"key":"Regen Potion"},{"floor":33,"key":"Weak Potion"},{"floor":35,"key":"Swift Potion"},{"floor":44,"key":"GamblersBrew"}],"is_trial":false,"path_per_floor":["M","?","?","M","M","R","?","E","T","M","E","M","?","$","R","B",null,"M","M","?","?","T","R","E","M","T","R","E","M","R","M","R","B",null,"M","?","M","?","?","R","M","R","T","E","$","R","$","M","R","B",null,"R","$","E","B"],"character_chosen":"DEFECT","items_purchased":["PreservedInsect","Go for the Eyes","Bottled Tornado","Runic Capacitor","Seek","AttackPotion"],"campfire_rested":7,"item_purchase_floors":[14,14,45,45,47,53],"current_hp_per_floor":[82,82,82,74,74,74,74,63,63,63,45,45,45,45,69,62,82,73,67,67,23,23,50,50,42,42,69,41,53,80,80,80,19,92,92,83,71,71,71,92,50,77,77,77,77,92,92,90,90,33,92,92,92,80,0],"gold":65,"neow_bonus":"TEN_PERCENT_HP_BONUS","is_prod":false,"is_daily":false,"chose_seed":false,"campfire_upgraded":3,"win_rate":0,"timestamp":1548986088,"path_taken":["M","?","?","M","?","R","?","E","T","?","E","M","?","$","R","BOSS","M","M","?","?","?","R","E","M","T","R","E","?","R","M","R","BOSS","M","?","?","?","?","R","?","R","T","E","$","R","?","M","R","BOSS","R","$","E","BOSS"],"build_version":"2019-01-23","purchased_purges":0,"victory":false,"max_hp_per_floor":[82,82,82,82,82,82,82,82,82,82,82,82,82,82,82,82,82,82,82,82,92,92,92,92,92,92,92,92,92,92,92,92,92,92,92,92,92,92,92,92,92,92,92,92,92,92,92,92,92,92,92,92,92,92,92],"card_choices":[{"not_picked":["Hologram","Beam Cell"],"picked":"Melter","floor":1},{"not_picked":["Lockon","Barrage","Aggregate"],"picked":"SKIP","floor":4},{"not_picked":["Cold Snap","Beam Cell"],"picked":"Conserve Battery","floor":5},{"not_picked":["Scrape","Redo"],"picked":"Cold Snap","floor":8},{"not_picked":["Seek","Stack"],"picked":"Turbo","floor":10},{"not_picked":["Steam Power","Cold Snap"],"picked":"Stack","floor":11},{"not_picked":["Barrage","Steam"],"picked":"Defragment","floor":12},{"not_picked":["Thunder Strike","Machine Learning"],"picked":"Rainbow","floor":16},{"not_picked":["Rebound+1","Cold Snap+1"],"picked":"Gash","floor":18},{"not_picked":["Recycle","Consume"],"picked":"Hologram","floor":19},{"not_picked":["Hello World","Fusion"],"picked":"Compile Driver","floor":21},{"not_picked":["Doom and Gloom","Steam+1","Lockon"],"picked":"SKIP","floor":24},{"not_picked":["Stack","Sweeping Beam"],"picked":"FTL","floor":25},{"not_picked":["Barrage","Reprogram"],"picked":"Sweeping Beam","floor":28},{"not_picked":["Biased Cognition","Go for the Eyes"],"picked":"Conserve Battery+1","floor":29},{"not_picked":["Rebound","Cold Snap"],"picked":"Gash","floor":31},{"not_picked":["Creative AI","Multi-Cast"],"picked":"Thunder Strike","floor":33},{"not_picked":["Genetic Algorithm+1","Barrage"],"picked":"Static Discharge+1","floor":35},{"not_picked":["Hologram+1","Steam Power"],"picked":"Compile Driver","floor":37},{"not_picked":["Rebound","Go for the Eyes"],"picked":"Redo+1","floor":41},{"not_picked":["Capacitor","Doom and Gloom+1"],"picked":"Static Discharge+1","floor":44},{"not_picked":["Compile Driver","Beam Cell"],"picked":"Go for the Eyes+1","floor":48},{"not_picked":["Meteor Strike","Sweeping Beam"],"picked":"FTL+1","floor":54}],"player_experience":98636,"relics_obtained":[{"floor":8,"key":"Letter Opener"},{"floor":9,"key":"Lantern"},{"floor":11,"key":"Bronze Scales"},{"floor":21,"key":"FossilizedHelix"},{"floor":21,"key":"Pear"},{"floor":24,"key":"Bag of Marbles"},{"floor":26,"key":"Cables"},{"floor":28,"key":"Thread and Needle"},{"floor":43,"key":"Bag of Preparation"},{"floor":44,"key":"Omamori"},{"floor":54,"key":"Incense Burner"}],"event_choices":[{"damage_healed":0,"gold_gain":0,"player_choice":"Grow","damage_taken":0,"max_hp_gain":0,"max_hp_loss":0,"event_name":"Living Wall","floor":2,"gold_loss":0,"cards_upgraded":["Zap"]},{"damage_healed":0,"gold_gain":0,"cards_transformed":["Strike_B"],"player_choice":"Transformed","damage_taken":0,"max_hp_gain":0,"max_hp_loss":0,"event_name":"Transmorgrifier","floor":3,"gold_loss":0,"cards_obtained":["Chaos"]},{"damage_healed":0,"gold_gain":0,"player_choice":"Got Potions","damage_taken":0,"max_hp_gain":0,"max_hp_loss":0,"event_name":"Lab","floor":7,"gold_loss":0},{"damage_healed":0,"gold_gain":52,"player_choice":"Gained Gold","damage_taken":0,"max_hp_gain":0,"max_hp_loss":0,"event_name":"Golden Wing","floor":13,"gold_loss":0},{"damage_healed":0,"gold_gain":0,"player_choice":"Ignored","damage_taken":0,"max_hp_gain":0,"max_hp_loss":0,"event_name":"Beggar","floor":20,"gold_loss":0},{"damage_healed":0,"gold_gain":0,"player_choice":"Fight","damage_taken":0,"max_hp_gain":0,"max_hp_loss":0,"event_name":"Colosseum","floor":21,"gold_loss":0},{"damage_healed":0,"gold_gain":0,"player_choice":"Fought Nobs","damage_taken":0,"max_hp_gain":0,"max_hp_loss":0,"event_name":"Colosseum","floor":21,"gold_loss":0},{"damage_healed":0,"gold_gain":0,"player_choice":"Damaged","damage_taken":9,"max_hp_gain":0,"max_hp_loss":0,"event_name":"Wheel of Change","floor":36,"gold_loss":0},{"damage_healed":0,"gold_gain":0,"player_choice":"Ignored","damage_taken":0,"max_hp_gain":0,"max_hp_loss":0,"event_name":"Mysterious Sphere","floor":38,"gold_loss":0},{"damage_healed":0,"gold_gain":0,"cards_transformed":["Consume"],"player_choice":"Transformed","damage_taken":0,"max_hp_gain":0,"max_hp_loss":0,"event_name":"Transmorgrifier","floor":39,"gold_loss":0,"cards_obtained":["Thunder Strike"]}],"is_beta":false,"boss_relics":[{"not_picked":["Fusion Hammer","Philosopher\u0027s Stone"],"picked":"Pandora\u0027s Box"},{"not_picked":["Cursed Key","Black Star"],"picked":"Lizard Tail"}],"items_purged_floors":[],"is_endless":false,"potions_floor_spawned":[4,5,12,16,18,19,21,25,33,35,44,48],"killed_by":"The Heart","ascension_level":4}