{"gold_per_floor":[112,31,31,46,60,60,74,74,147,147,180,180,197,209,209,285,285,295,310,36,36,36,36],"floor_reached":23,"playtime":2391,"items_purged":[],"score":382,"play_id":"2a9e39a1-2d96-4156-b519-235c7507d5d0","local_time":"20190129214047","is_ascension_mode":true,"campfire_choices":[{"data":"Poisoned Stab","floor":6,"key":"SMITH"},{"data":"Noxious Fumes","floor":8,"key":"SMITH"},{"data":"Well Laid Plans","floor":10,"key":"SMITH"},{"data":"Impatience","floor":12,"key":"SMITH"},{"data":"PiercingWail","floor":15,"key":"SMITH"}],"neow_cost":"NONE","seed_source_timestamp":630774723657789,"circlet_count":0,"master_deck":["AscendersBane","Defend_G+1","Defend_G+1","Defend_G+1","Defend_G+1","Defend_G+1","Strike_G+1","Strike_G+1","Strike_G+1","Strike_G+1","Strike_G+1","Survivor","Neutralize+1","Impatience+1","Poisoned Stab+1","Noxious Fumes+1","Well Laid Plans+1","Backflip","PiercingWail+1","Adrenaline","Backflip","Writhe"],"special_seed":0,"relics":["Ring of the Serpent","Mummified Hand","Dream Catcher","Toxic Egg 2","Omamori"],"potions_floor_usage":[16,18,19,23],"damage_taken":[{"damage":0.0,"enemies":"2 Louse","floor":1.0,"turns":3.0},{"damage":0,"enemies":"Cultist","floor":4,"turns":3},{"damage":4,"enemies":"Small Slimes","floor":5,"turns":4},{"damage":2,"enemies":"3 Louse","floor":7,"turns":4},{"damage":13,"enemies":"Lagavulin","floor":11,"turns":6},{"damage":4,"enemies":"Blue Slaver","floor":13,"turns":3},{"damage":1,"enemies":"Large Slime","floor":14,"turns":5},{"damage":8,"enemies":"Hexaghost","floor":16,"turns":10},{"damage":35,"enemies":"2 Thieves","floor":18,"turns":5},{"damage":0,"enemies":"Chosen","floor":19,"turns":4},{"damage":43,"enemies":"Slavers","floor":23,"turns":6}],"seed_played":"513169706953244995","potions_obtained":[{"floor":1.0,"key":"Weak Potion"},{"floor":13,"key":"GhostInAJar"},{"floor":16,"key":"Regen Potion"},{"floor":18,"key":"AttackPotion"}],"is_trial":false,"path_per_floor":["M","$","?","M","M","R","M","R","T","R","E","R","M","M","R","B",null,"M","M","$","?","?","E"],"character_chosen":"THE_SILENT","items_purchased":["Noxious Fumes","Toxic Egg 2"],"campfire_rested":0,"item_purchase_floors":[2,20],"current_hp_per_floor":[59,59,59,59,55,55,53,53,53,53,40,40,36,35,35,27,56,35,35,35,35,35,0],"gold":36,"neow_bonus":"RANDOM_COLORLESS","is_prod":false,"is_daily":false,"chose_seed":false,"campfire_upgraded":5,"win_rate":0,"timestamp":1548794447,"path_taken":["M","$","?","M","M","R","?","R","T","R","E","R","M","M","R","BOSS","M","M","$","?","?","E"],"build_version":"2019-01-23","purchased_purges":0,"victory":false,"max_hp_per_floor":[66,66,66,66,66,66,66,66,66,66,66,66,66,66,66,66,66,66,66,66,66,66,66],"card_choices":[{"not_picked":["Heel Hook","Catalyst"],"picked":"Poisoned Stab","floor":1.0},{"not_picked":["Distraction","Slice","Underhanded Strike"],"picked":"SKIP","floor":4},{"not_picked":["Caltrops","Slice","Flying Knee"],"picked":"SKIP","floor":5},{"not_picked":["Choke","Setup"],"picked":"Well Laid Plans","floor":7},{"not_picked":["Phantasmal Killer","Acrobatics","Outmaneuver"],"picked":"SKIP","floor":11},{"not_picked":["Dagger Throw","Distraction"],"picked":"Backflip","floor":13},{"not_picked":["Acrobatics","Bouncing Flask"],"picked":"PiercingWail","floor":14},{"not_picked":["Bullet Time","Night Terror"],"picked":"Adrenaline","floor":16},{"not_picked":["Poisoned Stab","Slice","Reflex"],"picked":"SKIP","floor":18},{"not_picked":["Quick Slash","Dash"],"picked":"Backflip","floor":19}],"player_experience":1076357,"relics_obtained":[{"floor":9,"key":"Mummified Hand"},{"floor":11,"key":"Dream Catcher"}],"event_choices":[{"damage_healed":0.0,"max_hp_gain":0.0,"max_hp_loss":0.0,"gold_gain":0.0,"event_name":"Upgrade Shrine","player_choice":"Upgraded","floor":3.0,"gold_loss":0.0,"damage_taken":0.0,"cards_upgraded":["Neutralize"]},{"damage_healed":0,"gold_gain":0,"player_choice":"Opened","damage_taken":0,"relics_obtained":["Omamori"],"max_hp_gain":0,"max_hp_loss":0,"event_name":"The Mausoleum","floor":21,"gold_loss":0,"cards_obtained":["Writhe"]},{"damage_healed":0,"gold_gain":0,"player_choice":"Simplicity","damage_taken":0,"max_hp_gain":0,"max_hp_loss":0,"event_name":"Back to Basics","floor":22,"gold_loss":0,"cards_upgraded":["Defend_G","Defend_G","Defend_G","Defend_G","Defend_G","Strike_G","Strike_G","Strike_G","Strike_G","Strike_G"]}],"is_beta":false,"boss_relics":[{"not_picked":["Runic Dome","Calling Bell"],"picked":"Ring of the Serpent"}],"items_purged_floors":[],"is_endless":false,"potions_floor_spawned":[1,13,16,18],"killed_by":"Slavers","ascension_level":20}