{"gold_per_floor":[115,115,115,115,135,164,164,199,199,219,294,294,307,327,327,327],"floor_reached":16,"playtime":3089,"items_purged":[],"score":236,"play_id":"a4d5c73c-1ff3-4f64-9792-692bd131c119","local_time":"20190202005640","is_ascension_mode":true,"campfire_choices":[{"floor":7.0,"key":"REST"},{"floor":15,"key":"REST"}],"neow_cost":"NONE","seed_source_timestamp":901041866890018,"circlet_count":0,"master_deck":["AscendersBane","Defend_G","Defend_G","Defend_G","Defend_G+1","Defend_G","Strike_G","Strike_G","Strike_G","Strike_G","Strike_G","Survivor+1","Neutralize","Well Laid Plans","Footwork","Backstab","Skewer","Cloak And Dagger","Dodge and Roll","PiercingWail","Dagger Spray","Dash","Footwork"],"special_seed":0,"relics":["Ring of the Snake","NeowsBlessing","Ornamental Fan","Prayer Wheel","Lantern","Snake Skull"],"potions_floor_usage":[14,16],"damage_taken":[{"damage":0.0,"enemies":"Small Slimes","floor":1.0,"turns":1.0},{"damage":0.0,"enemies":"2 Louse","floor":5.0,"turns":1.0},{"damage":0.0,"enemies":"Lagavulin","floor":6.0,"turns":1.0},{"damage":28.0,"enemies":"Gremlin Nob","floor":8.0,"turns":5.0},{"damage":0.0,"enemies":"Jaw Worm","floor":10.0,"turns":3.0},{"damage":7,"enemies":"3 Louse","floor":13,"turns":4},{"damage":0,"enemies":"Looter","floor":14,"turns":2},{"damage":20,"enemies":"The Guardian","floor":16,"turns":12}],"seed_played":"-5969279302730380333","potions_obtained":[{"floor":6.0,"key":"SteroidPotion"},{"floor":13,"key":"Fire Potion"},{"floor":14,"key":"Poison Potion"}],"is_trial":false,"path_per_floor":["M","?","?","?","M","E","R","E","T","M","?","?","M","M","R","B"],"character_chosen":"THE_SILENT","items_purchased":[],"campfire_rested":2,"item_purchase_floors":[],"current_hp_per_floor":[59,39,28,28,28,28,47,19,19,19,8,8,1,1,20,0],"gold":327,"neow_bonus":"THREE_ENEMY_KILL","is_prod":false,"is_daily":false,"chose_seed":false,"campfire_upgraded":0,"win_rate":0,"timestamp":1549065400,"path_taken":["M","?","?","?","M","E","R","E","T","M","?","?","?","M","R","BOSS"],"build_version":"2019-01-23","purchased_purges":0,"victory":false,"max_hp_per_floor":[66,66,66,66,66,66,66,66,66,66,66,66,66,66,66,66],"card_choices":[{"not_picked":["Backflip","Dodge and Roll"],"picked":"Well Laid Plans","floor":1.0},{"not_picked":["Dodge and Roll","Poisoned Stab"],"picked":"Footwork","floor":5.0},{"not_picked":["Blade Dance","Outmaneuver"],"picked":"Backstab","floor":6.0},{"not_picked":["Deflect","Flechettes"],"picked":"Skewer","floor":8.0},{"not_picked":["Calculated Gamble","Escape Plan"],"picked":"Cloak And Dagger","floor":10.0},{"not_picked":["Caltrops","Dagger Throw"],"picked":"Dodge and Roll","floor":10.0},{"not_picked":["Blur","Blade Dance"],"picked":"PiercingWail","floor":13},{"not_picked":["Phantasmal Killer","Dagger Throw"],"picked":"Dagger Spray","floor":13},{"not_picked":["Deadly Poison","PiercingWail"],"picked":"Dash","floor":14},{"not_picked":["Masterful Stab","Blade Dance"],"picked":"Footwork","floor":14}],"player_experience":1148860,"relics_obtained":[{"floor":6.0,"key":"Prayer Wheel"},{"floor":8.0,"key":"Lantern"},{"floor":9.0,"key":"Snake Skull"}],"event_choices":[{"damage_healed":0.0,"max_hp_gain":0.0,"max_hp_loss":0.0,"gold_gain":0.0,"event_name":"Shining Light","player_choice":"Entered Light","floor":2.0,"gold_loss":0.0,"damage_taken":20.0,"cards_upgraded":["Defend_G","Survivor"]},{"damage_healed":0.0,"max_hp_gain":0.0,"max_hp_loss":0.0,"gold_gain":0.0,"event_name":"Scrap Ooze","player_choice":"Success","floor":3.0,"gold_loss":0.0,"damage_taken":11.0,"relics_obtained":["Ornamental Fan"]},{"damage_healed":0.0,"max_hp_gain":0.0,"max_hp_loss":0.0,"gold_gain":0.0,"event_name":"Liars Game","player_choice":"Ignored","floor":4.0,"gold_loss":0.0,"damage_taken":0.0},{"damage_healed":0.0,"max_hp_gain":0.0,"max_hp_loss":0.0,"gold_gain":75.0,"event_name":"World of Goop","player_choice":"Gather Gold","floor":11.0,"gold_loss":0.0,"damage_taken":11.0},{"damage_healed":0,"gold_gain":0,"player_choice":"Searched \u00270\u0027 times","damage_taken":0,"max_hp_gain":0,"max_hp_loss":0,"event_name":"Dead Adventurer","floor":12,"gold_loss":0}],"is_beta":false,"boss_relics":[],"items_purged_floors":[],"is_endless":false,"potions_floor_spawned":[6,13,14],"killed_by":"The Guardian","ascension_level":15}