{"gold_per_floor":[218,237,249,267,50,50,82,112,112,112,112,112],"floor_reached":12,"playtime":552,"items_purged":[],"score":148,"play_id":"e3571eec-2741-4cef-a1d3-e8aa5a136f5d","local_time":"20190106013747","is_ascension_mode":true,"campfire_choices":[{"data":"Ball Lightning","floor":6.0,"key":"SMITH"},{"floor":10,"key":"REST"}],"neow_cost":"NONE","seed_source_timestamp":4479708329837,"circlet_count":0,"master_deck":["AscendersBane","Strike_B","Strike_B","Strike_B","Defend_B","Defend_B","Defend_B","Defend_B","Zap","Dualcast","Gash","Ball Lightning+1","White Noise","Auto Shields","Multi-Cast","Doom and Gloom"],"special_seed":0,"relics":["Cracked Core","Medical Kit","Shovel","Darkstone Periapt"],"potions_floor_usage":[12],"damage_taken":[{"damage":4.0,"enemies":"2 Louse","floor":1.0,"turns":4.0},{"damage":1.0,"enemies":"Cultist","floor":2.0,"turns":3.0},{"damage":4.0,"enemies":"Small Slimes","floor":3.0,"turns":3.0},{"damage":30.0,"enemies":"Exordium Wildlife","floor":4.0,"turns":7.0},{"damage":16.0,"enemies":"3 Sentries","floor":7.0,"turns":7.0},{"damage":32,"enemies":"Gremlin Nob","floor":12,"turns":3}],"seed_played":"2379065076546417276","potions_obtained":[{"floor":2.0,"key":"EssenceOfSteel"},{"floor":7.0,"key":"Explosive Potion"}],"is_trial":false,"path_per_floor":["M","M","M","M","$","R","E","?","T","R","?","E"],"character_chosen":"DEFECT","items_purchased":["Medical Kit"],"campfire_rested":1,"item_purchase_floors":[5],"current_hp_per_floor":[60,59,55,25,25,25,9,9,9,30,30,0],"gold":112,"neow_bonus":"HUNDRED_GOLD","is_prod":false,"is_daily":false,"chose_seed":false,"campfire_upgraded":1,"win_rate":0,"timestamp":1546735067,"path_taken":["M","M","M","M","$","R","E","?","T","R","?","E"],"build_version":"2019-01-03v4","purchased_purges":0,"victory":false,"max_hp_per_floor":[71,71,71,71,71,71,71,71,71,71,71,71],"card_choices":[{"not_picked":["Rebound","Lockon"],"picked":"Gash","floor":1.0},{"not_picked":["Beam Cell","Cold Snap"],"picked":"Ball Lightning","floor":2.0},{"not_picked":["Stack","Streamline"],"picked":"White Noise","floor":3.0},{"not_picked":["Go for the Eyes","Ball Lightning"],"picked":"Auto Shields","floor":4.0},{"not_picked":["Sweeping Beam","Steam"],"picked":"Multi-Cast","floor":7.0}],"player_experience":737814,"relics_obtained":[{"floor":7.0,"key":"Shovel"},{"floor":9,"key":"Darkstone Periapt"}],"event_choices":[{"damage_healed":0,"gold_gain":30,"player_choice":"Searched \u00271\u0027 times","damage_taken":0,"max_hp_gain":0,"max_hp_loss":0,"event_name":"Dead Adventurer","floor":8,"gold_loss":0},{"damage_healed":0,"gold_gain":0,"cards_transformed":["Strike_B"],"player_choice":"Transformed","damage_taken":0,"max_hp_gain":0,"max_hp_loss":0,"event_name":"Transmorgrifier","floor":11,"gold_loss":0,"cards_obtained":["Doom and Gloom"]}],"is_beta":false,"boss_relics":[],"items_purged_floors":[],"is_endless":false,"potions_floor_spawned":[2,7],"killed_by":"Gremlin Nob","ascension_level":18}