{"gold_per_floor":[210,227,227,247,247,247,288,288,315,44,60,394,394,394,394,524,524,539,17,17,40,40,81,106,126,153,174,192,6,6,6,6,135,198,212,545,559,79,98,98,198,198,276,0,17,37,37,48,48,48],"floor_reached":50,"playtime":3557,"items_purged":["A Thousand Cuts"],"score":522,"play_id":"8863b90b-743b-4f5b-bf95-080dbfbad83a","local_time":"20190125195919","is_ascension_mode":false,"campfire_choices":[{"floor":6,"key":"REST"},{"floor":8,"key":"REST"},{"floor":13,"key":"REST"},{"data":"Dagger Throw","floor":15,"key":"SMITH"},{"floor":30,"key":"REST"},{"floor":32,"key":"REST"},{"floor":40,"key":"REST"},{"floor":47,"key":"REST"},{"floor":49,"key":"REST"}],"neow_cost":"NONE","seed_source_timestamp":1389993967260718,"circlet_count":0,"master_deck":["Defend_G","Defend_G","Defend_G","Defend_G","Defend_G","Strike_G","Strike_G","Strike_G","Strike_G+1","Strike_G","Survivor","Neutralize","Dagger Throw+1","Prepared","Poisoned Stab+1","All Out Attack","Poisoned Stab","Catalyst","Die Die Die+1","Adrenaline+1","Well Laid Plans","Noxious Fumes","PiercingWail","Sucker Punch+1","Die Die Die+1","Deadly Poison+1","Bane+1","Dagger Throw+1","PiercingWail+1","Mayhem","Deadly Poison+1","Sucker Punch+1","Backflip+1","Glass Knife+1","Master of Strategy","Dodge and Roll+1","Underhanded Strike+1","Infinite Blades+1"],"relics":["Ring of the Serpent","Whetstone","Pen Nib","Pantograph","Old Coin","Orichalcum","Molten Egg 2","Boot","Lantern","Tiny House","PreservedInsect","Darkstone Periapt","StoneCalendar","Frozen Egg 2","Red Mask"],"potions_floor_usage":[7,7,18,23,24,28,28,46,46,48,50],"damage_taken":[{"damage":4,"enemies":"Jaw Worm","floor":1,"turns":6},{"damage":0,"enemies":"Small Slimes","floor":2,"turns":3},{"damage":0,"enemies":"2 Louse","floor":4,"turns":2},{"damage":24,"enemies":"3 Sentries","floor":7,"turns":10},{"damage":0,"enemies":"2 Fungi Beasts","floor":11,"turns":2},{"damage":26,"enemies":"Gremlin Nob","floor":12,"turns":4},{"damage":34,"enemies":"Slime Boss","floor":16,"turns":11},{"damage":19,"enemies":"Shell Parasite","floor":18,"turns":4},{"damage":5,"enemies":"2 Thieves","floor":21,"turns":4},{"damage":20,"enemies":"Slavers","floor":23,"turns":5},{"damage":9,"enemies":"Snake Plant","floor":24,"turns":3},{"damage":0,"enemies":"Cultist and Chosen","floor":25,"turns":3},{"damage":6,"enemies":"Snecko","floor":27,"turns":4},{"damage":14,"enemies":"Snake Plant","floor":28,"turns":3},{"damage":49,"enemies":"Champ","floor":33,"turns":10},{"damage":5,"enemies":"Orb Walker","floor":35,"turns":3},{"damage":27,"enemies":"3 Shapes","floor":37,"turns":5},{"damage":2,"enemies":"Transient","floor":39,"turns":5},{"damage":14,"enemies":"Mind Bloom Boss Battle","floor":41,"turns":6},{"damage":27,"enemies":"4 Shapes","floor":45,"turns":5},{"damage":22,"enemies":"Maw","floor":46,"turns":6},{"damage":14,"enemies":"Jaw Worm Horde","floor":48,"turns":3},{"damage":93,"enemies":"Time Eater","floor":50,"turns":8}],"seed_played":"7663881889281565300","potions_obtained":[{"floor":2,"key":"Poison Potion"},{"floor":4,"key":"Weak Potion"},{"floor":7,"key":"FairyPotion"},{"floor":11,"key":"Energy Potion"},{"floor":18,"key":"Weak Potion"},{"floor":23,"key":"Regen Potion"},{"floor":24,"key":"SpeedPotion"},{"floor":25,"key":"Weak Potion"},{"floor":27,"key":"PowerPotion"},{"floor":34,"key":"Dexterity Potion"},{"floor":35,"key":"Dexterity Potion"},{"floor":46,"key":"FearPotion"},{"floor":48,"key":"SpeedPotion"}],"is_trial":false,"path_per_floor":["M","M","?","M","?","R","E","R","T","$","M","E","R","?","R","B",null,"M","$","?","M","?","E","M","M","T","M","M","$","R","?","R","B",null,"M","?","M","$","M","R","?","?","T","?","M","M","R","M","R","B"],"character_chosen":"THE_SILENT","items_purchased":["Pantograph","Poisoned Stab","Orichalcum","Molten Egg 2","Noxious Fumes","PiercingWail","Mayhem","PreservedInsect","Darkstone Periapt"],"campfire_rested":8,"item_purchase_floors":[10,10,19,19,19,19,29,38,38],"current_hp_per_floor":[66,66,49,49,54,75,51,73,73,73,73,47,69,69,69,41,75,56,56,56,51,51,31,31,31,31,25,11,11,33,33,55,26,80,75,75,48,48,46,70,66,66,66,66,39,17,41,27,51,0],"gold":48,"neow_bonus":"HUNDRED_GOLD","is_prod":false,"is_daily":false,"chose_seed":false,"campfire_upgraded":1,"win_rate":0.0,"timestamp":1548453559,"path_taken":["M","M","?","M","?","R","E","R","T","?","?","E","R","?","R","BOSS","M","$","?","M","?","E","M","?","T","M","M","$","R","?","R","BOSS","M","?","M","$","M","R","?","?","T","?","M","M","R","?","R","BOSS"],"build_version":"2019-01-23","purchased_purges":1,"victory":false,"max_hp_per_floor":[70,70,70,70,75,75,75,75,75,75,75,75,75,75,75,75,75,75,75,75,75,75,75,75,75,75,75,75,75,75,75,75,75,80,80,80,80,80,80,80,80,80,80,80,80,80,80,80,80,80],"card_choices":[{"not_picked":["Outmaneuver","Masterful Stab"],"picked":"Dagger Throw","floor":1},{"not_picked":["Escape Plan","Underhanded Strike"],"picked":"Prepared","floor":2},{"not_picked":["Bane","Dagger Spray"],"picked":"Poisoned Stab","floor":4},{"not_picked":["Escape Plan","Phantasmal Killer"],"picked":"All Out Attack","floor":7},{"not_picked":["Blade Dance","Deadly Poison"],"picked":"Catalyst","floor":11},{"not_picked":["Flying Knee","Backflip"],"picked":"Die Die Die","floor":12},{"not_picked":["Night Terror","Corpse Explosion"],"picked":"Adrenaline","floor":16},{"not_picked":["Deflect","Acrobatics"],"picked":"Well Laid Plans","floor":18},{"not_picked":["Dagger Spray+1","Backflip"],"picked":"Sucker Punch+1","floor":21},{"not_picked":["Expertise","Finisher+1"],"picked":"Die Die Die+1","floor":23},{"not_picked":["Dagger Spray+1","Deflect"],"picked":"Deadly Poison+1","floor":24},{"not_picked":["Quick Slash+1","Noxious Fumes"],"picked":"Bane+1","floor":25},{"not_picked":["Blur+1","Masterful Stab+1"],"picked":"Dagger Throw+1","floor":27},{"not_picked":["Quick Slash+1","Dagger Throw+1"],"picked":"PiercingWail+1","floor":28},{"not_picked":["Wraith Form v2","Corpse Explosion"],"picked":"A Thousand Cuts","floor":33},{"not_picked":["Sucker Punch+1","Deflect"],"picked":"Deadly Poison+1","floor":34},{"not_picked":["Burst","Deadly Poison"],"picked":"Sucker Punch+1","floor":35},{"not_picked":["Eviscerate+1","Noxious Fumes","Predator+1"],"picked":"SKIP","floor":37},{"not_picked":["Deflect+1","Deadly Poison"],"picked":"Backflip+1","floor":39},{"not_picked":["Deadly Poison","Noxious Fumes+1"],"picked":"Glass Knife+1","floor":41},{"not_picked":["Purity","Impatience"],"picked":"Master of Strategy","floor":42},{"not_picked":["Deflect","Dagger Spray+1"],"picked":"Dodge and Roll+1","floor":45},{"not_picked":["Bane+1","Blade Dance+1"],"picked":"Underhanded Strike+1","floor":46},{"not_picked":["Well Laid Plans+1","Slice+1"],"picked":"Infinite Blades+1","floor":48}],"player_experience":37932,"relics_obtained":[{"floor":7,"key":"Whetstone"},{"floor":9,"key":"Pen Nib"},{"floor":12,"key":"Old Coin"},{"floor":23,"key":"Boot"},{"floor":26,"key":"Lantern"},{"floor":41,"key":"StoneCalendar"},{"floor":43,"key":"Frozen Egg 2"}],"event_choices":[{"damage_healed":0,"gold_gain":0,"player_choice":"Take Damage","damage_taken":17,"relics_obtained":["Golden Idol"],"max_hp_gain":0,"max_hp_loss":0,"event_name":"Golden Idol","floor":3,"gold_loss":0},{"damage_healed":0,"gold_gain":0,"player_choice":"Donut","damage_taken":0,"max_hp_gain":5,"max_hp_loss":0,"event_name":"Big Fish","floor":5,"gold_loss":0},{"damage_healed":0,"gold_gain":0,"player_choice":"Ignored","damage_taken":0,"max_hp_gain":0,"max_hp_loss":0,"event_name":"Liars Game","floor":14,"gold_loss":0},{"damage_healed":0,"gold_gain":0,"player_choice":"Ignored","damage_taken":0,"max_hp_gain":0,"max_hp_loss":0,"event_name":"Cursed Tome","floor":20,"gold_loss":0},{"damage_healed":0,"gold_gain":0,"player_choice":"Forge","damage_taken":0,"max_hp_gain":0,"max_hp_loss":0,"event_name":"Accursed Blacksmith","floor":22,"gold_loss":0,"cards_upgraded":["Die Die Die"]},{"damage_healed":0,"gold_gain":0,"player_choice":"Ignored","damage_taken":0,"max_hp_gain":0,"max_hp_loss":0,"event_name":"Ghosts","floor":31,"gold_loss":0},{"damage_healed":0,"gold_gain":333,"player_choice":"Gave Idol","damage_taken":0,"max_hp_gain":0,"max_hp_loss":0,"event_name":"The Moai Head","floor":36,"relics_lost":["Golden Idol"],"gold_loss":0},{"damage_healed":0,"gold_gain":0,"player_choice":"Fight","damage_taken":0,"max_hp_gain":0,"max_hp_loss":0,"event_name":"MindBloom","floor":41,"gold_loss":0},{"damage_healed":0,"gold_gain":0,"player_choice":"Memory 1","damage_taken":0,"max_hp_gain":0,"max_hp_loss":0,"event_name":"SensoryStone","floor":42,"gold_loss":0},{"damage_healed":0,"gold_gain":0,"player_choice":"Paid","damage_taken":0,"relics_obtained":["Red Mask"],"max_hp_gain":0,"max_hp_loss":0,"event_name":"Tomb of Lord Red Mask","floor":44,"gold_loss":276}],"is_beta":false,"boss_relics":[{"not_picked":["Sozu","Coffee Dripper"],"picked":"Ring of the Serpent"},{"not_picked":["Astrolabe","Runic Pyramid"],"picked":"Tiny House"}],"items_purged_floors":[38],"is_endless":false,"potions_floor_spawned":[2,4,7,11,18,23,24,25,27,35,37,46,48],"killed_by":"Time Eater","ascension_level":0}