{"gold_per_floor":[114,134,134,134,153,186,186,75,98,98,108,58,78,153,153,153],"floor_reached":16,"playtime":781,"items_purged":["Strike_B"],"score":150,"play_id":"d880b898-c43d-422b-870a-f6bc40235fb2","local_time":"20181210130629","is_ascension_mode":true,"campfire_choices":[{"data":"Zap","floor":7.0,"key":"SMITH"},{"data":"Multi-Cast","floor":10.0,"key":"SMITH"},{"floor":15,"key":"REST"}],"neow_cost":"TEN_PERCENT_HP_LOSS","seed_source_timestamp":60169523369882,"circlet_count":0,"master_deck":["AscendersBane","Strike_B","Defend_B","Defend_B","Defend_B","Defend_B","Zap+1","Dualcast","Multi-Cast+1","Conserve Battery","Self Repair","Go for the Eyes","Cold Snap","FTL","White Noise","Glacier"],"special_seed":0,"relics":["Cracked Core","Bronze Scales","Orichalcum"],"potions_floor_usage":[],"damage_taken":[{"damage":7.0,"enemies":"2 Louse","floor":1.0,"turns":2.0},{"damage":2.0,"enemies":"Jaw Worm","floor":2.0,"turns":3.0},{"damage":0.0,"enemies":"Cultist","floor":5.0,"turns":3.0},{"damage":41.0,"enemies":"Lagavulin","floor":6.0,"turns":8.0},{"damage":12.0,"enemies":"Lots of Slimes","floor":11.0,"turns":3.0},{"damage":9.0,"enemies":"2 Fungi Beasts","floor":13.0,"turns":4.0},{"damage":37,"enemies":"Hexaghost","floor":16,"turns":16}],"seed_played":"3435081988171938612","potions_obtained":[{"floor":2.0,"key":"SpeedPotion"},{"floor":6.0,"key":"AttackPotion"},{"floor":11.0,"key":"Energy Potion"}],"is_trial":false,"path_per_floor":["M","M","?","?","M","E","R","$","T","R","M","?","M","?","R","B"],"character_chosen":"DEFECT","items_purchased":["FTL"],"campfire_rested":1,"item_purchase_floors":[8],"current_hp_per_floor":[61,59,52,57,64,30,30,30,30,30,25,25,23,16,37,0],"gold":153,"neow_bonus":"THREE_RARE_CARDS","is_prod":false,"is_daily":false,"chose_seed":false,"campfire_upgraded":2,"win_rate":0,"timestamp":1544443589,"path_taken":["M","M","?","?","M","E","R","?","T","R","M","?","M","?","R","BOSS"],"build_version":"2018-12-06","purchased_purges":1,"victory":false,"max_hp_per_floor":[68,68,68,73,73,73,73,73,73,73,73,73,73,73,73,73],"card_choices":[{"not_picked":["Biased Cognition","Rainbow"],"picked":"Multi-Cast","floor":0.0},{"not_picked":["Beam Cell","Blizzard"],"picked":"Conserve Battery","floor":1.0},{"not_picked":["Turbo","Hello World"],"picked":"Self Repair","floor":2.0},{"not_picked":["Streamline","Force Field"],"picked":"Go for the Eyes","floor":5.0},{"not_picked":["Stack","Loop"],"picked":"Cold Snap","floor":6.0},{"not_picked":["Consume","Hyperbeam"],"picked":"White Noise","floor":11.0},{"not_picked":["Leap","Genetic Algorithm"],"picked":"Glacier","floor":13.0}],"player_experience":539749,"relics_obtained":[{"floor":6.0,"key":"Bronze Scales"},{"floor":9.0,"key":"Orichalcum"}],"event_choices":[{"cards_removed":["Strike_B"],"damage_healed":0.0,"max_hp_gain":0.0,"max_hp_loss":0.0,"gold_gain":0.0,"event_name":"Golden Wing","player_choice":"Card Removal","floor":3.0,"gold_loss":0.0,"damage_taken":7.0},{"damage_healed":0.0,"max_hp_gain":5.0,"max_hp_loss":0.0,"gold_gain":0.0,"event_name":"Big Fish","player_choice":"Donut","floor":4.0,"gold_loss":0.0,"damage_taken":0.0},{"cards_removed":["Strike_B"],"damage_healed":0.0,"max_hp_gain":0.0,"max_hp_loss":0.0,"gold_gain":0.0,"event_name":"The Cleric","player_choice":"Card Removal","floor":12.0,"gold_loss":50.0,"damage_taken":0.0},{"damage_healed":0,"gold_gain":75,"player_choice":"Touch","damage_taken":7,"max_hp_gain":0,"max_hp_loss":0,"event_name":"FaceTrader","floor":14,"gold_loss":0}],"is_beta":false,"boss_relics":[],"items_purged_floors":[8],"is_endless":false,"potions_floor_spawned":[2,6,11],"killed_by":"Hexaghost","ascension_level":10}