{"gold_per_floor":[110,185,185,185,34,46,46,75,75,89,35,48,48,82,82,179,179,189,189,204,221,221,221],"floor_reached":23,"playtime":2418,"items_purged":[],"score":199,"play_id":"8fc76fcc-4cf5-48c7-9195-38d54ebeca3d","local_time":"20190125204827","is_ascension_mode":false,"campfire_choices":[{"floor":7,"key":"REST"},{"floor":13,"key":"REST"},{"floor":15,"key":"REST"}],"neow_cost":"NONE","seed_source_timestamp":1394081336382359,"circlet_count":0,"master_deck":["Defend_G","Defend_G","Defend_G","Defend_G","Strike_G","Strike_G","Strike_G","Strike_G","Strike_G","Survivor","Neutralize","Envenom+1","Underhanded Strike","Poisoned Stab","Terror","Poisoned Stab","Quick Slash","Venomology","Adrenaline","Backstab","Neutralize","Well Laid Plans","Dagger Throw","Prepared","PiercingWail"],"relics":["Ring of the Snake","Letter Opener","Juzu Bracelet","Gambling Chip","Bottled Flame","Bronze Scales","Black Star"],"potions_floor_usage":[8,14,14,16,18,21,23,23],"damage_taken":[{"damage":0,"enemies":"2 Louse","floor":1,"turns":3},{"damage":0,"enemies":"Jaw Worm","floor":6,"turns":5},{"damage":23,"enemies":"3 Sentries","floor":8,"turns":10},{"damage":0,"enemies":"Cultist","floor":10,"turns":4},{"damage":17,"enemies":"Gremlin Gang","floor":12,"turns":4},{"damage":5,"enemies":"Gremlin Nob","floor":14,"turns":3},{"damage":44,"enemies":"The Guardian","floor":16,"turns":8},{"damage":1,"enemies":"Chosen","floor":18,"turns":3},{"damage":15,"enemies":"Shell Parasite","floor":20,"turns":5},{"damage":14,"enemies":"Snake Plant","floor":21,"turns":3},{"damage":40,"enemies":"Slavers","floor":23,"turns":3}],"seed_played":"6728322935116153140","potions_obtained":[{"floor":6,"key":"SkillPotion"},{"floor":10,"key":"AttackPotion"},{"floor":12,"key":"GamblersBrew"}],"is_trial":false,"path_per_floor":["M","?","?","?","$","M","R","E","T","M","$","M","R","E","R","B",null,"M","?","M","M","?","E"],"character_chosen":"THE_SILENT","items_purchased":["Juzu Bracelet","Quick Slash"],"campfire_rested":3,"item_purchase_floors":[5,11],"current_hp_per_floor":[70,59,56,56,56,56,70,47,47,47,47,30,51,46,67,23,70,69,69,54,40,40,0],"gold":221,"neow_bonus":"ONE_RANDOM_RARE_CARD","is_prod":false,"is_daily":false,"chose_seed":false,"campfire_upgraded":0,"win_rate":0.0,"timestamp":1548456507,"path_taken":["M","?","?","?","$","M","R","E","T","M","?","M","R","E","R","BOSS","M","?","M","M","?","E"],"build_version":"2019-01-23","purchased_purges":0,"victory":false,"max_hp_per_floor":[70,70,70,70,70,70,70,70,70,70,70,70,70,70,70,70,70,70,70,70,70,70,70],"card_choices":[{"not_picked":["Deadly Poison","Backflip"],"picked":"Underhanded Strike","floor":1},{"not_picked":["Crippling Poison","Choke"],"picked":"Poisoned Stab","floor":6},{"not_picked":["Acrobatics","Endless Agony"],"picked":"Terror","floor":8},{"not_picked":["Eviscerate","Expertise"],"picked":"Poisoned Stab","floor":10},{"not_picked":["Reflex","Predator","Storm of Steel"],"picked":"SKIP","floor":12},{"not_picked":["Slice","Outmaneuver"],"picked":"Venomology","floor":14},{"not_picked":["Glass Knife","Phantasmal Killer"],"picked":"Adrenaline","floor":16},{"not_picked":["Eviscerate","Distraction+1"],"picked":"Backstab","floor":18},{"not_picked":["Outmaneuver","Backflip"],"picked":"Dagger Throw","floor":20},{"not_picked":["Slice+1","Deflect"],"picked":"Prepared","floor":21}],"player_experience":41489,"relics_obtained":[{"floor":8,"key":"Gambling Chip"},{"floor":9,"key":"Bottled Flame"},{"floor":14,"key":"Bronze Scales"}],"event_choices":[{"damage_healed":0,"gold_gain":75,"player_choice":"Gather Gold","damage_taken":11,"max_hp_gain":0,"max_hp_loss":0,"event_name":"World of Goop","floor":2,"gold_loss":0},{"damage_healed":0,"gold_gain":0,"player_choice":"Success","damage_taken":3,"relics_obtained":["Letter Opener"],"max_hp_gain":0,"max_hp_loss":0,"event_name":"Scrap Ooze","floor":3,"gold_loss":0},{"damage_healed":0,"gold_gain":0,"player_choice":"Grow","damage_taken":0,"max_hp_gain":0,"max_hp_loss":0,"event_name":"Living Wall","floor":4,"gold_loss":0,"cards_upgraded":["Envenom"]},{"damage_healed":0,"gold_gain":0,"player_choice":"2 cards matched","damage_taken":0,"max_hp_gain":0,"max_hp_loss":0,"event_name":"Match and Keep!","floor":19,"gold_loss":0,"cards_obtained":["Neutralize","Well Laid Plans"]},{"damage_healed":0,"gold_gain":0,"cards_transformed":["Defend_G"],"player_choice":"Transformed","damage_taken":0,"max_hp_gain":0,"max_hp_loss":0,"event_name":"Transmorgrifier","floor":22,"gold_loss":0,"cards_obtained":["PiercingWail"]}],"is_beta":false,"boss_relics":[{"not_picked":["Orrery","Velvet Choker"],"picked":"Black Star"}],"items_purged_floors":[],"is_endless":false,"potions_floor_spawned":[6,10,12],"killed_by":"Slavers","ascension_level":0}