{"gold_per_floor":[117,117,130,38,38,38,71,88,88,88],"floor_reached":10,"playtime":669,"items_purged":[],"score":168,"play_id":"f1051082-86ae-4da5-bd40-952681fe1bd8","local_time":"20190106092650","is_ascension_mode":true,"campfire_choices":[{"data":"Feel No Pain","floor":6.0,"key":"SMITH"}],"neow_cost":"NONE","seed_source_timestamp":32459590666058,"circlet_count":0,"master_deck":["AscendersBane","Strike_R","Strike_R+1","Strike_R","Strike_R","Defend_R","Defend_R","Defend_R","Defend_R+1","Bash","Thunderclap","Corruption","Feel No Pain+1","Shrug It Off"],"special_seed":0,"relics":["Burning Blood","NeowsBlessing","Pear","Singing Bowl"],"potions_floor_usage":[10],"damage_taken":[{"damage":0.0,"enemies":"2 Louse","floor":1.0,"turns":1.0},{"damage":0.0,"enemies":"Cultist","floor":3.0,"turns":1.0},{"damage":0.0,"enemies":"3 Sentries","floor":7.0,"turns":2.0},{"damage":12.0,"enemies":"Jaw Worm","floor":8.0,"turns":6.0},{"damage":69,"enemies":"Gremlin Gang","floor":10,"turns":5}],"seed_played":"3530868094831994115","potions_obtained":[{"floor":3.0,"key":"SpeedPotion"}],"is_trial":false,"path_per_floor":["M","?","M","$","?","R","E","M","T","M"],"character_chosen":"IRONCLAD","items_purchased":["Feel No Pain","Shrug It Off"],"campfire_rested":0,"item_purchase_floors":[4,4],"current_hp_per_floor":[74,51,57,57,57,57,73,67,67,0],"gold":88,"neow_bonus":"THREE_ENEMY_KILL","is_prod":false,"is_daily":false,"chose_seed":false,"campfire_upgraded":1,"win_rate":0,"timestamp":1546763210,"path_taken":["M","?","M","$","?","R","E","?","T","M"],"build_version":"2019-01-03v4","purchased_purges":0,"victory":false,"max_hp_per_floor":[75,75,75,75,75,75,85,85,85,85],"card_choices":[{"not_picked":["Clash","Flex"],"picked":"Thunderclap","floor":1.0},{"not_picked":["Second Wind","Anger"],"picked":"Corruption","floor":3.0},{"not_picked":["Heavy Blade","Dual Wield","Sever Soul"],"picked":"SKIP","floor":7.0},{"not_picked":["Havoc","Heavy Blade","Intimidate"],"picked":"SKIP","floor":8.0}],"player_experience":741954,"relics_obtained":[{"floor":7.0,"key":"Pear"},{"floor":9.0,"key":"Singing Bowl"}],"event_choices":[{"damage_healed":0.0,"max_hp_gain":0.0,"max_hp_loss":0.0,"gold_gain":0.0,"event_name":"Shining Light","player_choice":"Entered Light","floor":2.0,"gold_loss":0.0,"damage_taken":23.0,"cards_upgraded":["Defend_R","Strike_R"]},{"cards_removed":["Strike_R"],"damage_healed":0.0,"max_hp_gain":0.0,"max_hp_loss":0.0,"gold_gain":0.0,"event_name":"Bonfire Elementals","player_choice":"Offered Basic","floor":5.0,"gold_loss":0.0,"damage_taken":0.0}],"is_beta":false,"boss_relics":[],"items_purged_floors":[],"is_endless":false,"potions_floor_spawned":[3],"killed_by":"Gremlin Gang","ascension_level":17}