{"gold_per_floor":[118,135,135,149,166,166,193,206,230,252,264,276,314,59,59,59],"floor_reached":16,"playtime":1081,"items_purged":["Strike_R"],"score":118,"play_id":"075d29df-ef68-4ab9-bb0d-233d08e07bd0","local_time":"20190128164933","is_ascension_mode":true,"campfire_choices":[{"data":"Whirlwind","floor":6.0,"key":"SMITH"},{"floor":11,"key":"REST"},{"floor":15,"key":"REST"}],"neow_cost":"NONE","seed_source_timestamp":262182726587878,"circlet_count":0,"master_deck":["Strike_R","Strike_R","Strike_R","Defend_R","Defend_R","Defend_R","Defend_R","Bash","Body Slam","Shockwave","Rage","Whirlwind+1","Spot Weakness","Body Slam","Battle Trance","Berserk","Flex","Shrug It Off","Flex","Rupture","Combust"],"special_seed":0,"relics":["Burning Blood","The Courier","MawBank","Centennial Puzzle"],"potions_floor_usage":[13,13,16],"damage_taken":[{"damage":6.0,"enemies":"Cultist","floor":1.0,"turns":4.0},{"damage":6.0,"enemies":"Small Slimes","floor":2.0,"turns":4.0},{"damage":5.0,"enemies":"2 Louse","floor":4.0,"turns":3.0},{"damage":5.0,"enemies":"Blue Slaver","floor":5.0,"turns":4.0},{"damage":42.0,"enemies":"Gremlin Nob","floor":7.0,"turns":5.0},{"damage":9,"enemies":"2 Fungi Beasts","floor":8,"turns":2},{"damage":14,"enemies":"Exordium Wildlife","floor":10,"turns":4},{"damage":19,"enemies":"Lagavulin","floor":13,"turns":7},{"damage":68,"enemies":"Hexaghost","floor":16,"turns":8}],"seed_played":"-4420460041610540870","potions_obtained":[{"floor":4.0,"key":"Weak Potion"},{"floor":5.0,"key":"SpeedPotion"},{"floor":7.0,"key":"Explosive Potion"}],"is_trial":false,"path_per_floor":["M","M","?","M","M","R","E","M","T","M","R","?","E","$","R","B"],"character_chosen":"IRONCLAD","items_purchased":["Flex","Shrug It Off","Flex","Rupture","Combust"],"campfire_rested":2,"item_purchase_floors":[14,14,14,14,14],"current_hp_per_floor":[80,80,80,80,80,80,44,41,41,33,57,57,44,44,68,0],"gold":59,"neow_bonus":"THREE_CARDS","is_prod":false,"is_daily":false,"chose_seed":false,"campfire_upgraded":1,"win_rate":0,"timestamp":1548694173,"path_taken":["M","M","?","M","M","R","E","M","T","M","R","?","E","$","R","BOSS"],"build_version":"2019-01-23","purchased_purges":1,"victory":false,"max_hp_per_floor":[80,80,80,80,80,80,80,80,80,80,80,80,80,80,80,80],"card_choices":[{"not_picked":["Anger","Perfected Strike"],"picked":"Body Slam","floor":0.0},{"not_picked":["Body Slam","Armaments"],"picked":"Shockwave","floor":1.0},{"not_picked":["Bloodletting","Combust"],"picked":"Rage","floor":2.0},{"not_picked":["Heavy Blade","Battle Trance"],"picked":"Whirlwind","floor":4.0},{"not_picked":["Perfected Strike","Clash"],"picked":"Spot Weakness","floor":5.0},{"not_picked":["Sever Soul","Thunderclap"],"picked":"Body Slam","floor":7.0},{"not_picked":["Intimidate","Body Slam"],"picked":"Battle Trance","floor":8},{"not_picked":["Wild Strike","Warcry","Sentinel"],"picked":"SKIP","floor":10},{"not_picked":["Shockwave","Rupture"],"picked":"Berserk","floor":13}],"player_experience":235268,"relics_obtained":[{"floor":7.0,"key":"The Courier"},{"floor":9,"key":"MawBank"},{"floor":13,"key":"Centennial Puzzle"}],"event_choices":[{"cards_removed":["Strike_R"],"damage_healed":0.0,"max_hp_gain":0.0,"max_hp_loss":0.0,"gold_gain":0.0,"event_name":"Living Wall","player_choice":"Forget","floor":3.0,"gold_loss":0.0,"damage_taken":0.0},{"damage_healed":0,"gold_gain":0,"player_choice":"Got Potions","damage_taken":0,"max_hp_gain":0,"max_hp_loss":0,"event_name":"Lab","floor":12,"gold_loss":0}],"is_beta":false,"boss_relics":[],"items_purged_floors":[14],"is_endless":false,"potions_floor_spawned":[4,5,7,10],"killed_by":"Hexaghost","ascension_level":1}