{"gold_per_floor":[215,225,225,243,259,259,284,284,284,284,0,35,49,69,69,69],"floor_reached":16,"playtime":1082,"items_purged":["Strike_G"],"score":224,"play_id":"b7073dd7-ba45-4acd-91fd-980fc40041f1","local_time":"20190203111009","is_ascension_mode":true,"campfire_choices":[{"data":"Cloak And Dagger","floor":6,"key":"SMITH"},{"floor":8,"key":"REST"},{"floor":15,"key":"REST"}],"neow_cost":"NONE","seed_source_timestamp":1043047381670677,"circlet_count":0,"master_deck":["AscendersBane","Defend_G","Defend_G","Defend_G","Defend_G","Defend_G","Strike_G+1","Strike_G","Strike_G","Survivor","Neutralize","Cloak And Dagger+1","Predator","Crippling Poison","Escape Plan","Finisher+1","Deadly Poison","Envenom","Wraith Form v2","Skewer"],"relics":["Ring of the Snake","Whetstone","Centennial Puzzle","Blue Candle"],"potions_floor_usage":[7,7,12,13],"damage_taken":[{"damage":0,"enemies":"Small Slimes","floor":1,"turns":4},{"damage":4,"enemies":"Cultist","floor":2,"turns":5},{"damage":0,"enemies":"2 Louse","floor":4,"turns":2},{"damage":18,"enemies":"Exordium Thugs","floor":5,"turns":6},{"damage":35,"enemies":"Gremlin Nob","floor":7,"turns":4},{"damage":19,"enemies":"Lagavulin","floor":12,"turns":6},{"damage":0,"enemies":"2 Fungi Beasts","floor":13,"turns":2},{"damage":1,"enemies":"Large Slime","floor":14,"turns":6},{"damage":20,"enemies":"The Guardian","floor":16,"turns":6}],"seed_played":"2986834538639280970","potions_obtained":[{"floor":1,"key":"Poison Potion"},{"floor":5,"key":"PowerPotion"},{"floor":12,"key":"Strength Potion"}],"is_trial":false,"path_per_floor":["?","M","?","M"],"character_chosen":"THE_SILENT","items_purchased":["Envenom","Fire Potion"],"campfire_rested":2,"item_purchase_floors":[11,11],"current_hp_per_floor":[59,55,55,55,37,37,2,21,21,21,21,2,2,1,20,0],"gold":69,"neow_bonus":"HUNDRED_GOLD","is_prod":false,"is_daily":false,"chose_seed":false,"campfire_upgraded":1,"win_rate":0,"timestamp":1549185009,"path_taken":["M","M","?","?","M","R","E","R","T","?","$","E","M","?","R","BOSS"],"build_version":"2019-01-23","purchased_purges":1,"victory":false,"max_hp_per_floor":[66,66,66,66,66,66,66,66,66,66,66,66,66,66,66,66],"card_choices":[{"not_picked":["Dagger Spray","Dodge and Roll"],"picked":"Cloak And Dagger","floor":1},{"not_picked":["Flying Knee","Dodge and Roll"],"picked":"Predator","floor":2},{"not_picked":["Outmaneuver","Sucker Punch"],"picked":"Escape Plan","floor":4},{"not_picked":["Acrobatics","Eviscerate"],"picked":"Finisher","floor":5},{"not_picked":["Dodge and Roll","Backflip"],"picked":"Deadly Poison","floor":7},{"not_picked":["Flechettes","Reflex"],"picked":"Wraith Form v2","floor":12},{"not_picked":["Deadly Poison","Slice","Terror"],"picked":"SKIP","floor":13},{"not_picked":["Bane","Endless Agony"],"picked":"Skewer","floor":14}],"player_experience":1154561,"relics_obtained":[{"floor":7,"key":"Whetstone"},{"floor":9,"key":"Centennial Puzzle"},{"floor":12,"key":"Blue Candle"}],"event_choices":[{"damage_healed":0,"gold_gain":0,"cards_transformed":["Strike_G"],"player_choice":"Transformed","damage_taken":0,"max_hp_gain":0,"max_hp_loss":0,"event_name":"Transmorgrifier","floor":3,"gold_loss":0,"cards_obtained":["Crippling Poison"]},{"damage_healed":0,"gold_gain":0,"player_choice":"0 cards matched","damage_taken":0,"max_hp_gain":0,"max_hp_loss":0,"event_name":"Match and Keep!","floor":10,"gold_loss":0,"cards_obtained":[]}],"is_beta":false,"boss_relics":[],"items_purged_floors":[11],"is_endless":false,"potions_floor_spawned":[1,5,12],"killed_by":"The Guardian","ascension_level":20}