{"gold_per_floor":[109,109,121,138,157,157,157,187,272,272,4,4,36,36,36,111,111,127,27,27,42,92,92,103,103,103,103,118,153,166,180,180,257,257,275,286,161,0,0],"floor_reached":39,"playtime":10133,"items_purged":["Strike_G","Strike_G","Strike_G"],"score":757,"play_id":"274b10f1-6390-4414-8cf4-f8c5a6bb9607","local_time":"20190118191804","is_ascension_mode":true,"campfire_choices":[{"data":"All Out Attack","floor":6.0,"key":"SMITH"},{"floor":10.0,"key":"REST"},{"data":"Deadly Poison","floor":12.0,"key":"SMITH"},{"floor":15.0,"key":"REST"},{"data":"Wraith Form v2","floor":23.0,"key":"SMITH"},{"data":"Well Laid Plans","floor":25.0,"key":"SMITH"},{"floor":32.0,"key":"REST"}],"neow_cost":"NONE","seed_source_timestamp":251519574316433,"circlet_count":0,"master_deck":["AscendersBane","Defend_G","Defend_G","Defend_G","Defend_G","Defend_G","Strike_G","Survivor+1","Neutralize+1","All Out Attack+1","PiercingWail","Well Laid Plans+1","Deadly Poison+1","Deadly Poison+1","Wraith Form v2+1","Footwork","Malaise","Backflip","Corpse Explosion","Escape Plan","Escape Plan","Backflip","Blur"],"special_seed":0,"relics":["Ring of the Snake","Ornamental Fan","Tiny Chest","War Paint","Sozu","Blue Candle","CultistMask","Question Card","Orrery","Red Mask"],"potions_floor_usage":[],"damage_taken":[{"damage":0.0,"enemies":"2 Louse","floor":1.0,"turns":2.0},{"damage":0.0,"enemies":"Cultist","floor":3.0,"turns":4.0},{"damage":4.0,"enemies":"Small Slimes","floor":4.0,"turns":4.0},{"damage":6.0,"enemies":"2 Fungi Beasts","floor":5.0,"turns":4.0},{"damage":33.0,"enemies":"Lagavulin","floor":8.0,"turns":6.0},{"damage":9.0,"enemies":"3 Sentries","floor":13.0,"turns":8.0},{"damage":35.0,"enemies":"Slime Boss","floor":16.0,"turns":14.0},{"damage":1.0,"enemies":"Chosen","floor":18.0,"turns":5.0},{"damage":3.0,"enemies":"Shell Parasite","floor":21.0,"turns":6.0},{"damage":18.0,"enemies":"3 Cultists","floor":24.0,"turns":7.0},{"damage":0.0,"enemies":"Centurion and Healer","floor":28.0,"turns":9.0},{"damage":12.0,"enemies":"Book of Stabbing","floor":29.0,"turns":9.0},{"damage":10.0,"enemies":"Snake Plant","floor":30.0,"turns":6.0},{"damage":8.0,"enemies":"Snecko","floor":31.0,"turns":6.0},{"damage":23.0,"enemies":"Champ","floor":33.0,"turns":20.0},{"damage":15.0,"enemies":"3 Shapes","floor":35.0,"turns":7.0},{"damage":0.0,"enemies":"3 Darklings","floor":36.0,"turns":6.0},{"damage":55,"enemies":"Transient","floor":39,"turns":5}],"seed_played":"3937598037504290278","potions_obtained":[{"floor":3.0,"key":"PowerPotion"},{"floor":8.0,"key":"SpeedPotion"}],"is_trial":false,"path_per_floor":["M","?","M","M","M","R","?","E","T","R","$","R","E","?","R","B",null,"M","$","?","M","?","R","M","R","T","?","M","E","M","M","R","B",null,"M","M","$","?","M"],"character_chosen":"THE_SILENT","items_purchased":["Well Laid Plans","GhostInAJar","Deadly Poison"],"campfire_rested":3,"item_purchase_floors":[11,11,11],"current_hp_per_floor":[59,64,64,60,54,54,47,14,14,35,35,35,26,26,47,12,56,55,55,55,52,52,52,34,34,34,34,34,22,12,4,25,2,54,39,39,39,39,0],"gold":0,"neow_bonus":"UPGRADE_CARD","is_prod":false,"is_daily":false,"chose_seed":false,"campfire_upgraded":4,"win_rate":0,"timestamp":1547835484,"path_taken":["M","?","M","M","M","R","?","E","T","R","$","R","E","?","R","BOSS","M","?","?","?","?","R","M","R","T","?","M","E","?","M","R","BOSS","M","M","$","?","M"],"build_version":"2019-01-17v2","purchased_purges":3,"victory":false,"max_hp_per_floor":[66,71,71,71,71,71,71,71,71,71,71,71,71,71,71,71,71,71,71,71,71,71,71,71,71,71,71,71,71,71,71,71,71,71,71,71,71,71,71],"card_choices":[{"not_picked":["Deflect","Sucker Punch"],"picked":"All Out Attack","floor":1.0},{"not_picked":["Underhanded Strike","Heel Hook","Eviscerate"],"picked":"SKIP","floor":3.0},{"not_picked":["Bane","Masterful Stab"],"picked":"PiercingWail","floor":4.0},{"not_picked":["Cloak And Dagger","Night Terror","Backflip"],"picked":"SKIP","floor":5.0},{"not_picked":["Sucker Punch","Bane","Blade Dance"],"picked":"SKIP","floor":8.0},{"not_picked":["Slice","Dash"],"picked":"Deadly Poison","floor":13.0},{"not_picked":["Storm of Steel","A Thousand Cuts"],"picked":"Wraith Form v2","floor":16.0},{"not_picked":["All Out Attack+1","Sucker Punch","Quick Slash"],"picked":"SKIP","floor":18.0},{"not_picked":["Cloak And Dagger","Quick Slash","Blade Dance"],"picked":"SKIP","floor":21.0},{"not_picked":["Well Laid Plans","Dagger Spray+1"],"picked":"Footwork","floor":24.0},{"not_picked":["Flechettes","Quick Slash"],"picked":"Malaise","floor":28.0},{"not_picked":["Flechettes","Dagger Throw","Dagger Spray"],"picked":"SKIP","floor":29.0},{"not_picked":["Outmaneuver","Reflex","Quick Slash","Deadly Poison"],"picked":"SKIP","floor":30.0},{"not_picked":["Deadly Poison","Backstab","Eviscerate"],"picked":"Backflip","floor":31.0},{"not_picked":["A Thousand Cuts","Venomology","Doppelganger"],"picked":"Corpse Explosion","floor":33.0},{"not_picked":["Finisher","Outmaneuver","Die Die Die"],"picked":"Escape Plan","floor":34.0},{"not_picked":["Prepared","Choke","Blur"],"picked":"Escape Plan","floor":34.0},{"not_picked":["Bane","Blade Dance","Acrobatics"],"picked":"Backflip","floor":34.0},{"not_picked":["Setup+1","Cloak And Dagger","Accuracy","Quick Slash"],"picked":"SKIP","floor":35.0},{"not_picked":["Sucker Punch+1","Poisoned Stab","Slice"],"picked":"Blur","floor":36.0}],"player_experience":934161,"relics_obtained":[{"floor":8.0,"key":"Ornamental Fan"},{"floor":9.0,"key":"Tiny Chest"},{"floor":13.0,"key":"War Paint"},{"floor":26.0,"key":"Blue Candle"},{"floor":29.0,"key":"Question Card"}],"event_choices":[{"damage_healed":0.0,"max_hp_gain":5.0,"max_hp_loss":0.0,"gold_gain":0.0,"event_name":"Big Fish","player_choice":"Donut","floor":2.0,"gold_loss":0.0,"damage_taken":0.0},{"cards_removed":["Strike_G"],"damage_healed":0.0,"max_hp_gain":0.0,"max_hp_loss":0.0,"gold_gain":0.0,"event_name":"Golden Wing","player_choice":"Card Removal","floor":7.0,"gold_loss":0.0,"damage_taken":7.0},{"damage_healed":0.0,"max_hp_gain":0.0,"max_hp_loss":0.0,"gold_gain":0.0,"event_name":"Wheel of Change","player_choice":"Cursed","floor":14.0,"gold_loss":0.0,"damage_taken":0.0,"cards_obtained":["Decay"]},{"cards_removed":["Decay"],"damage_healed":0.0,"max_hp_gain":0.0,"max_hp_loss":0.0,"gold_gain":0.0,"event_name":"Wheel of Change","player_choice":"Card Removal","floor":20.0,"gold_loss":0.0,"damage_taken":0.0},{"damage_healed":0.0,"max_hp_gain":0.0,"max_hp_loss":0.0,"gold_gain":50.0,"event_name":"Nest","player_choice":"Stole From Cult","floor":22.0,"gold_loss":0.0,"damage_taken":0.0},{"damage_healed":0.0,"max_hp_gain":0.0,"max_hp_loss":0.0,"gold_gain":0.0,"event_name":"FaceTrader","player_choice":"Trade","floor":27.0,"gold_loss":0.0,"damage_taken":0.0,"relics_obtained":["CultistMask"]},{"damage_healed":0.0,"max_hp_gain":0.0,"max_hp_loss":0.0,"gold_gain":0.0,"event_name":"Tomb of Lord Red Mask","player_choice":"Paid","floor":38.0,"gold_loss":161.0,"damage_taken":0.0,"relics_obtained":["Red Mask"]}],"is_beta":false,"boss_relics":[{"not_picked":["Pandora\u0027s Box","Runic Pyramid"],"picked":"Sozu"},{"not_picked":["HoveringKite","White Beast Statue"],"picked":"Orrery"}],"items_purged_floors":[11,19,37],"is_endless":false,"potions_floor_spawned":[3,8,13,18,21,28,29,36],"killed_by":"Transient","ascension_level":17}