{"gold_per_floor":[365,365,25,37,0,0,34,50,50,50,150,17,49,68,68,68],"floor_reached":16,"playtime":518,"items_purged":["Strike_G"],"score":200,"play_id":"6b741289-949d-4326-8500-0cb76e8e5357","local_time":"20190203235133","is_ascension_mode":true,"campfire_choices":[{"floor":6,"key":"REST"},{"floor":15,"key":"REST"}],"neow_cost":"PERCENT_DAMAGE","seed_source_timestamp":13755697541600,"circlet_count":0,"master_deck":["AscendersBane","Defend_G","Defend_G","Defend_G","Defend_G","Defend_G","Strike_G","Strike_G+1","Strike_G","Strike_G+1","Survivor","Neutralize","Deadly Poison","Panacea","PiercingWail","Deadly Poison","Backstab","Noxious Fumes","PiercingWail","Well Laid Plans"],"relics":["Ring of the Snake","Letter Opener","Ninja Scroll","Lantern"],"potions_floor_usage":[7,16],"damage_taken":[{"damage":8,"enemies":"Jaw Worm","floor":1,"turns":4},{"damage":0,"enemies":"Small Slimes","floor":4,"turns":3},{"damage":11,"enemies":"Lagavulin","floor":7,"turns":6},{"damage":1,"enemies":"Cultist","floor":8,"turns":3},{"damage":9,"enemies":"3 Sentries","floor":13,"turns":7},{"damage":0,"enemies":"Looter","floor":14,"turns":2},{"damage":38,"enemies":"Slime Boss","floor":16,"turns":9}],"seed_played":"-2091500027520777381","potions_obtained":[{"floor":13,"key":"FearPotion"}],"is_trial":false,"path_per_floor":["M","?","$","M","?","R","E","M","T","$","?","$","E","M","R","B"],"character_chosen":"THE_SILENT","items_purchased":["Panacea","PiercingWail","Deadly Poison","SkillPotion","Noxious Fumes","PiercingWail"],"campfire_rested":2,"item_purchase_floors":[3,3,3,3,12,12],"current_hp_per_floor":[36,16,16,16,16,35,24,23,23,23,23,23,14,14,33,0],"gold":68,"neow_bonus":"TWO_FIFTY_GOLD","is_prod":false,"is_daily":false,"chose_seed":false,"campfire_upgraded":0,"win_rate":0,"timestamp":1549230693,"path_taken":["M","?","$","M","?","R","E","M","T","?","?","$","E","?","R","BOSS"],"build_version":"2019-01-23","purchased_purges":1,"victory":false,"max_hp_per_floor":[66,66,66,66,66,66,66,66,66,66,66,66,66,66,66,66],"card_choices":[{"not_picked":["Accuracy","Heel Hook"],"picked":"Deadly Poison","floor":1},{"not_picked":["Cloak And Dagger","Crippling Poison"],"picked":"Backstab","floor":4},{"not_picked":["Distraction","Finisher","Eviscerate"],"picked":"SKIP","floor":7},{"not_picked":["Infinite Blades","Expertise","Masterful Stab"],"picked":"SKIP","floor":8},{"not_picked":["Finisher","Backstab"],"picked":"Well Laid Plans","floor":13},{"not_picked":["Deadly Poison","Riddle With Holes","Deflect"],"picked":"SKIP","floor":14}],"player_experience":593485,"relics_obtained":[{"floor":7,"key":"Letter Opener"},{"floor":9,"key":"Ninja Scroll"},{"floor":13,"key":"Lantern"}],"event_choices":[{"damage_healed":0,"gold_gain":0,"player_choice":"Entered Light","damage_taken":20,"max_hp_gain":0,"max_hp_loss":0,"event_name":"Shining Light","floor":2,"gold_loss":0,"cards_upgraded":["Strike_G","Strike_G"]},{"damage_healed":0,"gold_gain":0,"player_choice":"Left Gold","damage_taken":0,"max_hp_gain":0,"max_hp_loss":0,"event_name":"World of Goop","floor":5,"gold_loss":37},{"damage_healed":0,"gold_gain":100,"player_choice":"Gold","damage_taken":0,"max_hp_gain":0,"max_hp_loss":0,"event_name":"Wheel of Change","floor":11,"gold_loss":0}],"is_beta":false,"boss_relics":[],"items_purged_floors":[3],"is_endless":false,"potions_floor_spawned":[13],"killed_by":"Slime Boss","ascension_level":17}