{"path_per_floor":["M","?","M","$","?","E","R","M","T","?","E","R","M","M","R","B",null,"M","$","?","?","M","R","T","M","T","R"],"character_chosen":"IRONCLAD","items_purchased":["Flex","Panacea","Bag of Preparation"],"gold_per_floor":[109,284,304,114,114,143,143,157,157,157,183,183,200,211,211,311,311,328,78,78,78,94,94,121,132,132,132],"floor_reached":28,"campfire_rested":2,"playtime":2879,"current_hp_per_floor":[80,80,80,80,80,53,53,59,59,59,49,49,43,38,62,18,80,52,52,52,52,54,54,54,19,19,43],"items_purged":["Doubt","Barricade"],"gold":132,"score":226,"play_id":"7b779b75-7333-4651-a168-7e8e6230f3d6","is_prod":false,"is_daily":false,"is_ascension_mode":false,"campfire_upgraded":3,"path_taken":["M","?","M","$","?","E","R","M","T","?","E","R","M","M","R","BOSS","M","$","?","?","M","R","?","M","T","R","E"],"build_version":"2018-02-12-PROD1","purchased_purges":2,"victory":false,"master_deck":["Strike_R","Strike_R","Strike_R","Strike_R","Defend_R","Defend_R","Defend_R","Bash","Fiend Fire+1","Thunderclap","Headbutt","Flex+1","Panacea","Demon Form","Flex+1","Deep Breath","Bash","Whirlwind","Wild Strike","Whirlwind","Pain","Parasite"],"max_hp_per_floor":[80,80,80,80,80,80,80,80,80,80,80,80,80,80,80,80,80,80,80,80,80,80,80,80,80,80,80],"relics":["Burning Blood","Mummified Hand","Ice Cream","Oddly Smooth Stone","Cursed Key","Bag of Preparation","Pen Nib","Omamori"],"card_choices":[{"not_picked":["Hemokinesis","Disarm"],"picked":"Thunderclap"},{"not_picked":["Armaments","Rupture"],"picked":"Headbutt"},{"not_picked":["Iron Wave","Spot Weakness"],"picked":"Flex"},{"not_picked":["Body Slam","Clothesline"],"picked":"Whirlwind"},{"not_picked":["Twin Strike","Armaments"],"picked":"Wild Strike"}],"player_experience":35234,"potions_floor_usage":[16,16,22,25,28],"damage_taken":[{"damage":0,"enemies":"2 Louse","floor":1,"turns":2},{"damage":3,"enemies":"Jaw Worm","floor":3,"turns":4},{"damage":33,"enemies":"3 Sentries","floor":6,"turns":7},{"damage":0,"enemies":"Small Slimes","floor":8,"turns":2},{"damage":16,"enemies":"Gremlin Nob","floor":11,"turns":3},{"damage":12,"enemies":"2 Fungi Beasts","floor":13,"turns":2},{"damage":11,"enemies":"Gremlin Gang","floor":14,"turns":3},{"damage":50,"enemies":"Hexaghost","floor":16,"turns":7},{"damage":34,"enemies":"2 Thieves","floor":18,"turns":4},{"damage":4,"enemies":"Spheric Guardian","floor":22,"turns":3},{"damage":41,"enemies":"Slaver and Parasite","floor":25,"turns":3},{"damage":35,"enemies":"Slavers","floor":28,"turns":3}],"event_choices":[{"event_name":"Liars Game","player_choice":"agreed","floor":2,"damage_taken":0},{"event_name":"Living Wall","player_choice":"Change","floor":5,"damage_taken":0},{"event_name":"Match and Keep!","player_choice":"3 cards matched","floor":10,"damage_taken":0},{"event_name":"Duplicator","player_choice":"One dupe","floor":20,"damage_taken":0},{"event_name":"Match and Keep!","player_choice":"0 cards matched","floor":21,"damage_taken":0}],"boss_relics":[{"not_picked":["Philosopher\u0027s Stone","Lizard Tail"],"picked":"Cursed Key"}],"potions_floor_spawned":[1,3,8,16,22],"seed_played":"-7850476968309134284","killed_by":"Slavers","ascension_level":0,"is_trial":false}