{"gold_per_floor":[113,113,124,138,148,148,180,195,195,208,208,266,284,303,303,402,402,415,415,426,426,426],"floor_reached":22,"playtime":1680,"items_purged":[],"score":200,"play_id":"b82ab629-e6f2-4280-8ec0-a655aad782cc","local_time":"20190105081744","is_ascension_mode":false,"campfire_choices":[{"floor":6.0,"key":"RECALL"},{"floor":11,"key":"REST"},{"floor":15,"key":"REST"}],"neow_cost":"NONE","seed_source_timestamp":2512480621998,"circlet_count":0,"master_deck":["Zap","Dualcast+1","Conserve Battery","Ball Lightning","Hologram","Consume","Electrodynamics","Chill","Capacitor","Barrage","Sunder","All For One","Lockon","Echo Form","Glacier","Amplify","Glacier","Hello World","Undo","Conserve Battery"],"special_seed":0,"relics":["Cracked Core","War Paint","StoneCalendar","Tiny Chest","Pandora\u0027s Box"],"potions_floor_usage":[22,22,22,22],"damage_taken":[{"damage":6.0,"enemies":"2 Louse","floor":1.0,"turns":2.0},{"damage":0.0,"enemies":"Cultist","floor":3.0,"turns":3.0},{"damage":0.0,"enemies":"Small Slimes","floor":4.0,"turns":2.0},{"damage":0.0,"enemies":"3 Louse","floor":5.0,"turns":4.0},{"damage":21.0,"enemies":"Gremlin Nob","floor":7.0,"turns":4.0},{"damage":6,"enemies":"2 Fungi Beasts","floor":8,"turns":2},{"damage":0,"enemies":"Exordium Wildlife","floor":10,"turns":2},{"damage":8,"enemies":"3 Sentries","floor":12,"turns":3},{"damage":0,"enemies":"Lots of Slimes","floor":13,"turns":3},{"damage":10,"enemies":"Gremlin Gang","floor":14,"turns":3},{"damage":9,"enemies":"Slime Boss","floor":16,"turns":6},{"damage":15,"enemies":"2 Thieves","floor":18,"turns":4},{"damage":12,"enemies":"Spheric Guardian","floor":20,"turns":6},{"damage":12,"enemies":"Colosseum Slavers","floor":22,"turns":6},{"damage":71,"enemies":"Colosseum Nobs","floor":22,"turns":4}],"seed_played":"-4117427435341039144","potions_obtained":[{"floor":7.0,"key":"Regen Potion"},{"floor":8,"key":"SkillPotion"},{"floor":13,"key":"EntropicBrew"},{"floor":16,"key":"EssenceOfSteel"}],"is_trial":false,"path_per_floor":["M","?","M","M","M","R","E","M","T","M","R","E","M","M","R","B",null,"M","?","M","?","?"],"character_chosen":"DEFECT","items_purchased":[],"campfire_rested":2,"item_purchase_floors":[],"current_hp_per_floor":[69,69,69,69,69,69,48,42,42,42,64,56,56,46,68,59,75,60,60,48,48,0],"gold":426,"neow_bonus":"RANDOM_COMMON_RELIC","is_prod":false,"is_daily":false,"chose_seed":false,"campfire_upgraded":0,"win_rate":0,"timestamp":1546697864,"path_taken":["M","?","?","M","M","R","E","M","T","M","R","E","M","M","R","BOSS","M","?","M","?","?"],"build_version":"2019-01-03v4","purchased_purges":0,"victory":false,"max_hp_per_floor":[75,75,75,75,75,75,75,75,75,75,75,75,75,75,75,75,75,75,75,75,75,75],"card_choices":[{"not_picked":["Barrage","Rebound"],"picked":"Conserve Battery","floor":1.0},{"not_picked":["Turbo","Force Field"],"picked":"Ball Lightning","floor":3.0},{"not_picked":["Aggregate","Amplify"],"picked":"Hologram","floor":4.0},{"not_picked":["Barrage","Redo"],"picked":"Consume","floor":5.0},{"not_picked":["Reinforced Body","Defragment"],"picked":"Electrodynamics","floor":7.0},{"not_picked":["Stack","Tempest","Double Energy"],"picked":"SKIP","floor":8},{"not_picked":["Storm","Static Discharge"],"picked":"Chill","floor":10},{"not_picked":["Steam","Steam Power"],"picked":"Capacitor","floor":12},{"not_picked":["Stack","Double Energy"],"picked":"Barrage","floor":13},{"not_picked":["Consume","Redo"],"picked":"Sunder","floor":14},{"not_picked":["Hyperbeam","Amplify"],"picked":"All For One","floor":16},{"not_picked":["Go for the Eyes","Blizzard"],"picked":"Undo","floor":18},{"not_picked":["Hello World+1","Coolheaded"],"picked":"Conserve Battery","floor":20}],"player_experience":168332,"relics_obtained":[{"floor":7.0,"key":"StoneCalendar"},{"floor":12,"key":"Tiny Chest"}],"event_choices":[{"cards_removed":["Defend_B"],"damage_healed":0.0,"max_hp_gain":0.0,"max_hp_loss":0.0,"gold_gain":0.0,"event_name":"Bonfire Elementals","player_choice":"Offered Basic","floor":2.0,"gold_loss":0.0,"damage_taken":0.0},{"damage_healed":0,"gold_gain":0,"player_choice":"Ignored","damage_taken":0,"max_hp_gain":0,"max_hp_loss":0,"event_name":"Ghosts","floor":19,"gold_loss":0},{"cards_removed":["Tempest"],"damage_healed":0,"gold_gain":0,"player_choice":"Elegance","damage_taken":0,"max_hp_gain":0,"max_hp_loss":0,"event_name":"Back to Basics","floor":21,"gold_loss":0},{"damage_healed":0,"gold_gain":0,"player_choice":"Fight","damage_taken":0,"max_hp_gain":0,"max_hp_loss":0,"event_name":"Colosseum","floor":22,"gold_loss":0},{"damage_healed":0,"gold_gain":0,"player_choice":"Fought Nobs","damage_taken":0,"max_hp_gain":0,"max_hp_loss":0,"event_name":"Colosseum","floor":22,"gold_loss":0}],"is_beta":false,"boss_relics":[{"not_picked":["White Beast Statue","Velvet Choker"],"picked":"Pandora\u0027s Box"}],"items_purged_floors":[],"is_endless":false,"potions_floor_spawned":[7,8,13,14,16],"killed_by":"Colosseum Nobs","ascension_level":0}