{"gold_per_floor":[115,131,131,206,48,81,81,96,96,112,124,158,128,144,144,222,222,234,234,262,262,177,177,192,208,208,108,119,129,40,40],"floor_reached":31,"playtime":1369,"items_purged":["Strike_G","Strike_G+1"],"score":544,"play_id":"1ed3eb32-7e39-437e-b221-f818500c6d68","local_time":"20190128145456","is_ascension_mode":true,"campfire_choices":[{"data":"Neutralize","floor":7.0,"key":"SMITH"},{"data":"Bouncing Flask","floor":15,"key":"SMITH"},{"floor":23,"key":"REST"}],"neow_cost":"NONE","seed_source_timestamp":520993770731779,"circlet_count":0,"master_deck":["AscendersBane","Defend_G+1","Defend_G+1","Defend_G+1","Defend_G+1","Defend_G+1","Strike_G+1","Strike_G+1","Strike_G+1","Survivor","Neutralize+1","Bouncing Flask+1","Backstab","Skewer","Poisoned Stab","Infinite Blades","A Thousand Cuts","Calculated Gamble","Crippling Poison"],"special_seed":0,"relics":["Ring of the Snake","NeowsBlessing","Kunai","Dodecahedron","Vajra","Busted Crown","Red Mask","Blue Candle","Mercury Hourglass"],"potions_floor_usage":[12,13,16,20,29,31],"damage_taken":[{"damage":0.0,"enemies":"Small Slimes","floor":1.0,"turns":1.0},{"damage":0.0,"enemies":"2 Louse","floor":2.0,"turns":1.0},{"damage":0.0,"enemies":"Lagavulin","floor":6.0,"turns":1.0},{"damage":0.0,"enemies":"Cultist","floor":8.0,"turns":3.0},{"damage":22.0,"enemies":"Large Slime","floor":10.0,"turns":7.0},{"damage":3.0,"enemies":"Looter","floor":11.0,"turns":3.0},{"damage":1,"enemies":"Gremlin Nob","floor":12,"turns":3},{"damage":6,"enemies":"3 Louse","floor":14,"turns":2},{"damage":13,"enemies":"The Guardian","floor":16,"turns":10},{"damage":17,"enemies":"2 Thieves","floor":18,"turns":4},{"damage":34,"enemies":"Masked Bandits","floor":20,"turns":5},{"damage":0,"enemies":"3 Byrds","floor":24,"turns":5},{"damage":8,"enemies":"Snake Plant","floor":25,"turns":4},{"damage":0,"enemies":"Sentry and Sphere","floor":28,"turns":3},{"damage":9,"enemies":"3 Cultists","floor":29,"turns":4},{"damage":15,"enemies":"Slavers","floor":31,"turns":1}],"seed_played":"900890224775751781","potions_obtained":[{"floor":1.0,"key":"Block Potion"},{"floor":6.0,"key":"GhostInAJar"},{"floor":13,"key":"Fruit Juice"},{"floor":13,"key":"SkillPotion"},{"floor":20,"key":"Dexterity Potion"},{"floor":25,"key":"AttackPotion"}],"is_trial":false,"path_per_floor":["M","M","?","?","$","E","R","M","T","M","M","E","?","M","R","B",null,"M","?","?","?","?","R","M","M","T","$","M","M","$","E"],"character_chosen":"THE_SILENT","items_purchased":["Backstab","Crippling Poison"],"campfire_rested":1,"item_purchase_floors":[5,30],"current_hp_per_floor":[59,59,64,53,53,53,53,53,53,31,28,27,32,26,26,13,60,43,43,9,9,9,31,31,23,23,23,23,14,14,0],"gold":40,"neow_bonus":"THREE_ENEMY_KILL","is_prod":false,"is_daily":false,"chose_seed":false,"campfire_upgraded":2,"win_rate":0,"timestamp":1548683696,"path_taken":["M","M","?","?","$","E","R","M","T","M","M","E","?","?","R","BOSS","M","?","?","?","?","R","M","M","T","$","M","M","$","E"],"build_version":"2019-01-23","purchased_purges":2,"victory":false,"max_hp_per_floor":[66,66,71,71,71,71,71,71,71,71,71,71,76,76,76,76,76,76,76,76,76,76,76,76,76,76,76,76,76,76,76],"card_choices":[{"not_picked":["Accuracy","Acrobatics","Infinite Blades"],"picked":"SKIP","floor":1.0},{"not_picked":["Sucker Punch","Calculated Gamble"],"picked":"Bouncing Flask","floor":2.0},{"not_picked":["Distraction","Quick Slash"],"picked":"Skewer","floor":6.0},{"not_picked":["Sucker Punch","Underhanded Strike"],"picked":"Poisoned Stab","floor":8.0},{"not_picked":["Prepared","Outmaneuver","Terror"],"picked":"SKIP","floor":10.0},{"not_picked":["Finisher","Bouncing Flask","Acrobatics"],"picked":"SKIP","floor":11.0},{"not_picked":["Blur","Flying Knee","Dagger Throw"],"picked":"SKIP","floor":12},{"not_picked":["Prepared","Heel Hook"],"picked":"Infinite Blades","floor":14},{"not_picked":["Storm of Steel","Die Die Die"],"picked":"A Thousand Cuts","floor":16},{"not_picked":["Bouncing Flask"],"picked":"SKIP","floor":18},{"not_picked":[],"picked":"Calculated Gamble","floor":20},{"not_picked":["Outmaneuver"],"picked":"SKIP","floor":24},{"not_picked":["Dagger Spray"],"picked":"SKIP","floor":25},{"not_picked":["Terror"],"picked":"SKIP","floor":28},{"not_picked":["Quick Slash"],"picked":"SKIP","floor":29}],"player_experience":1032257,"relics_obtained":[{"floor":6.0,"key":"Kunai"},{"floor":9.0,"key":"Dodecahedron"},{"floor":12,"key":"Vajra"},{"floor":20,"key":"Red Mask"},{"floor":26,"key":"Mercury Hourglass"}],"event_choices":[{"damage_healed":0.0,"max_hp_gain":5.0,"max_hp_loss":0.0,"gold_gain":0.0,"event_name":"Big Fish","player_choice":"Donut","floor":3.0,"gold_loss":0.0,"damage_taken":0.0},{"damage_healed":0.0,"max_hp_gain":0.0,"max_hp_loss":0.0,"gold_gain":75.0,"event_name":"World of Goop","player_choice":"Gather Gold","floor":4.0,"gold_loss":0.0,"damage_taken":11.0},{"damage_healed":0,"gold_gain":0,"player_choice":"Bought 2 Potions","damage_taken":0,"max_hp_gain":0,"max_hp_loss":0,"event_name":"The Woman in Blue","floor":13,"gold_loss":0},{"damage_healed":0,"gold_gain":0,"player_choice":"Simplicity","damage_taken":0,"max_hp_gain":0,"max_hp_loss":0,"event_name":"Back to Basics","floor":19,"gold_loss":0,"cards_upgraded":["Defend_G","Defend_G","Defend_G","Defend_G","Defend_G","Strike_G","Strike_G","Strike_G","Strike_G"]},{"damage_healed":0,"gold_gain":0,"player_choice":"Fought Bandits","damage_taken":0,"max_hp_gain":0,"max_hp_loss":0,"event_name":"Masked Bandits","floor":20,"gold_loss":0},{"damage_healed":0,"gold_gain":0,"player_choice":"Ignored","damage_taken":0,"max_hp_gain":0,"max_hp_loss":0,"event_name":"The Mausoleum","floor":21,"gold_loss":0},{"damage_healed":0,"gold_gain":0,"player_choice":"Obtained Relic","damage_taken":0,"relics_obtained":["Blue Candle"],"max_hp_gain":0,"max_hp_loss":0,"event_name":"Addict","floor":22,"gold_loss":85}],"is_beta":false,"boss_relics":[{"not_picked":["Fusion Hammer","Runic Pyramid"],"picked":"Busted Crown"}],"items_purged_floors":[5,27],"is_endless":false,"potions_floor_spawned":[1,6,10,11,14,20,25],"killed_by":"Slavers","ascension_level":20}