{"gold_per_floor":[109,128,146,156,156,188,188,199,199,214,240,255,255,220,220,318,318,330,68,80,99,113,113,148,148,148,148],"floor_reached":27,"playtime":2242,"items_purged":[],"score":296,"play_id":"d7e0abbb-7277-4146-aa6f-d04f1e4fa012","local_time":"20190202152030","is_ascension_mode":true,"campfire_choices":[{"floor":7.0,"key":"REST"},{"floor":13.0,"key":"REST"},{"floor":15.0,"key":"REST"},{"floor":23,"key":"REST"}],"neow_cost":"NONE","seed_source_timestamp":0,"circlet_count":0,"master_deck":["Strike_B+1","Strike_B","Strike_B","Strike_B","Defend_B","Defend_B","Defend_B","Defend_B+1","Zap","Dualcast","Go for the Eyes","Leap","Leap","Beam Cell","Electrodynamics","Reinforced Body","Ball Lightning","Cold Snap","Stack","Buffer","Auto Shields","Redo+1","Static Discharge","Auto Shields","Gash"],"special_seed":0,"relics":["Cracked Core","Gremlin Horn","Odd Mushroom","Fusion Hammer","Symbiotic Virus","Shovel","Pocketwatch"],"potions_floor_usage":[],"damage_taken":[{"damage":4.0,"enemies":"2 Louse","floor":1.0,"turns":2.0},{"damage":0.0,"enemies":"Small Slimes","floor":2.0,"turns":3.0},{"damage":4.0,"enemies":"Jaw Worm","floor":3.0,"turns":2.0},{"damage":1.0,"enemies":"Large Slime","floor":4.0,"turns":5.0},{"damage":37.0,"enemies":"Gremlin Nob","floor":6.0,"turns":4.0},{"damage":0.0,"enemies":"3 Louse","floor":8.0,"turns":2.0},{"damage":12.0,"enemies":"Exordium Thugs","floor":10.0,"turns":2.0},{"damage":16.0,"enemies":"The Mushroom Lair","floor":11.0,"turns":4.0},{"damage":1.0,"enemies":"Looter","floor":12.0,"turns":2.0},{"damage":24.0,"enemies":"Hexaghost","floor":16.0,"turns":12.0},{"damage":11.0,"enemies":"Spheric Guardian","floor":18.0,"turns":3.0},{"damage":12.0,"enemies":"Chosen","floor":20.0,"turns":4.0},{"damage":22.0,"enemies":"Snecko","floor":21.0,"turns":5.0},{"damage":2.0,"enemies":"Shelled Parasite and Fungi","floor":22.0,"turns":7.0},{"damage":22,"enemies":"Book of Stabbing","floor":24,"turns":6},{"damage":16,"enemies":"Colosseum Slavers","floor":27,"turns":3},{"damage":48,"enemies":"Colosseum Nobs","floor":27,"turns":5}],"seed_played":"-773275078731108275","potions_obtained":[{"floor":1.0,"key":"Fire Potion"},{"floor":8.0,"key":"Weak Potion"},{"floor":11.0,"key":"Dexterity Potion"},{"floor":16.0,"key":"Fire Potion"},{"floor":18.0,"key":"SkillPotion"},{"floor":21.0,"key":"AttackPotion"}],"is_trial":false,"path_per_floor":["M","M","M","M","?","E","R","M","T","M","?","M","R","?","R","B",null,"M","$","M","M","M","R","E","?","T","?"],"character_chosen":"DEFECT","items_purchased":["Symbiotic Virus"],"campfire_rested":4,"item_purchase_floors":[19],"current_hp_per_floor":[78,78,74,73,57,20,44,44,44,32,16,15,39,59,82,58,76,65,65,53,31,29,53,31,58,58,0],"gold":148,"neow_bonus":"TEN_PERCENT_HP_BONUS","is_prod":false,"is_daily":false,"chose_seed":false,"campfire_upgraded":0,"win_rate":0,"timestamp":1549128030,"path_taken":["M","M","M","M","?","E","R","M","T","M","?","M","R","?","R","BOSS","M","$","M","M","M","R","E","?","T","?"],"build_version":"2019-01-23","purchased_purges":0,"victory":false,"max_hp_per_floor":[82,82,82,82,82,82,82,82,82,82,82,82,82,82,82,82,82,82,82,82,82,82,82,82,82,82,82],"card_choices":[{"not_picked":["Blizzard","Cold Snap"],"picked":"Go for the Eyes","floor":1.0},{"not_picked":["Rebound","Compile Driver"],"picked":"Leap","floor":2.0},{"not_picked":["Turbo","Skim"],"picked":"Leap","floor":3.0},{"not_picked":["Coolheaded","Turbo"],"picked":"Beam Cell","floor":4.0},{"not_picked":["Hologram","Barrage"],"picked":"Electrodynamics","floor":6.0},{"not_picked":["Leap","Consume"],"picked":"Reinforced Body","floor":8.0},{"not_picked":["Beam Cell","Chaos"],"picked":"Ball Lightning","floor":10.0},{"not_picked":["Steam","Reprogram"],"picked":"Cold Snap","floor":11.0},{"not_picked":["Reprogram","Undo"],"picked":"Stack","floor":12.0},{"not_picked":["Amplify","Biased Cognition"],"picked":"Buffer","floor":16.0},{"not_picked":["Stack+1","Compile Driver"],"picked":"Auto Shields","floor":18.0},{"not_picked":["Sunder","Streamline+1"],"picked":"Redo+1","floor":20.0},{"not_picked":["Hologram+1","Rebound"],"picked":"Static Discharge","floor":21.0},{"not_picked":["Blizzard","Streamline"],"picked":"Auto Shields","floor":22.0},{"not_picked":["Auto Shields","Aggregate"],"picked":"Gash","floor":24}],"player_experience":102684,"relics_obtained":[{"floor":6.0,"key":"Gremlin Horn"},{"floor":11.0,"key":"Odd Mushroom"},{"floor":24,"key":"Shovel"},{"floor":26,"key":"Pocketwatch"}],"event_choices":[{"damage_healed":0.0,"max_hp_gain":0.0,"max_hp_loss":0.0,"gold_gain":0.0,"event_name":"Shining Light","player_choice":"Entered Light","floor":5.0,"gold_loss":0.0,"damage_taken":16.0,"cards_upgraded":["Defend_B","Strike_B"]},{"damage_healed":0.0,"max_hp_gain":0.0,"max_hp_loss":0.0,"gold_gain":0.0,"event_name":"Mushrooms","player_choice":"Fought Mushrooms","floor":11.0,"gold_loss":0.0,"damage_taken":0.0},{"damage_healed":20.0,"max_hp_gain":0.0,"max_hp_loss":0.0,"gold_gain":0.0,"event_name":"The Cleric","player_choice":"Healed","floor":14.0,"gold_loss":35.0,"damage_taken":0.0},{"damage_healed":27,"gold_gain":0,"player_choice":"Heal","damage_taken":0,"max_hp_gain":0,"max_hp_loss":0,"event_name":"The Library","floor":25,"gold_loss":0},{"damage_healed":0,"gold_gain":0,"player_choice":"Fight","damage_taken":0,"max_hp_gain":0,"max_hp_loss":0,"event_name":"Colosseum","floor":27,"gold_loss":0},{"damage_healed":0,"gold_gain":0,"player_choice":"Fought Nobs","damage_taken":0,"max_hp_gain":0,"max_hp_loss":0,"event_name":"Colosseum","floor":27,"gold_loss":0}],"is_beta":false,"boss_relics":[{"not_picked":["Astrolabe","Ectoplasm"],"picked":"Fusion Hammer"}],"items_purged_floors":[],"is_endless":false,"potions_floor_spawned":[1,8,11,16,18,21],"killed_by":"Colosseum Nobs","ascension_level":5}