{"path_per_floor":["M","M","M","M","M","R","M","M","T","?","M","E","$","?","R","B",null,"M","M","?"],"character_chosen":"IRONCLAD","items_purchased":["Orichalcum","Anger"],"gold_per_floor":[116,127,147,160,179,179,193,203,203,203,213,241,34,34,34,157,157,176,150,150],"floor_reached":21,"campfire_rested":1,"playtime":3491,"current_hp_per_floor":[78,80,80,80,80,80,76,78,78,78,63,49,49,49,73,38,80,69,40,40],"items_purged":[],"gold":150,"score":185,"play_id":"be204a25-1314-470c-b8bf-d4f52a0687d5","is_prod":false,"is_daily":false,"is_ascension_mode":false,"campfire_upgraded":1,"path_taken":["M","M","M","M","M","R","M","M","T","?","M","E","$","?","R","BOSS","M","M","?","?"],"build_version":"2018-02-12-PROD1","purchased_purges":0,"victory":false,"master_deck":["Strike_R+1","Strike_R+1","Strike_R+1","Strike_R+1","Strike_R+1","Defend_R+1","Defend_R+1","Defend_R+1","Defend_R+1","Burning Pact+1","Second Wind","Berserk","Power Through","Headbutt","Pommel Strike","Battle Trance","Barricade","Cleave","Infernal Blade","Anger","Injury","Barricade","Infernal Blade","Iron Wave+1"],"max_hp_per_floor":[80,80,80,80,80,80,80,80,80,80,80,80,80,80,80,80,80,80,80,80],"relics":["Burning Blood","Ornamental Fan","Blood Vial","Orichalcum","Golden Idol","Runic Cube"],"card_choices":[{"not_picked":["Shrug It Off","Pommel Strike"],"picked":"Second Wind"},{"not_picked":["Pommel Strike","Combust"],"picked":"Berserk"},{"not_picked":["Cleave","True Grit"],"picked":"Power Through"},{"not_picked":["Sword Boomerang","Clothesline"],"picked":"Headbutt"},{"not_picked":["Headbutt","Reckless Charge"],"picked":"Pommel Strike"},{"not_picked":["True Grit","Reckless Charge"],"picked":"Battle Trance"},{"not_picked":["True Grit","Sword Boomerang"],"picked":"Barricade"},{"not_picked":["Heavy Blade","Dropkick"],"picked":"Cleave"},{"not_picked":["Searing Blow","Fire Breathing"],"picked":"Infernal Blade"},{"not_picked":["Limit Break","Reaper"],"picked":"Barricade"},{"not_picked":["Cleave","Rupture"],"picked":"Infernal Blade"},{"not_picked":["Metallicize","Flame Barrier"],"picked":"Iron Wave"}],"player_experience":27003,"potions_floor_usage":[11,12],"damage_taken":[{"damage":8,"enemies":"Blue Slaver","floor":1,"turns":8},{"damage":2,"enemies":"Small Slimes","floor":2,"turns":5},{"damage":2,"enemies":"Cultist","floor":3,"turns":5},{"damage":4,"enemies":"3 Louse","floor":4,"turns":4},{"damage":0,"enemies":"2 Fungi Beasts","floor":5,"turns":5},{"damage":10,"enemies":"Large Slime","floor":7,"turns":7},{"damage":4,"enemies":"3 Louse","floor":8,"turns":4},{"damage":21,"enemies":"Exordium Thugs","floor":11,"turns":7},{"damage":20,"enemies":"3 Sentries","floor":12,"turns":11},{"damage":43,"enemies":"The Guardian","floor":16,"turns":17},{"damage":17,"enemies":"Shell Parasite","floor":18,"turns":12},{"damage":37,"enemies":"2 Thieves","floor":19,"turns":5},{"damage":43,"enemies":"Cultist and Chosen","floor":21,"turns":5}],"event_choices":[{"event_name":"The Cleric","player_choice":"Leave","floor":10,"damage_taken":0},{"event_name":"Golden Idol","player_choice":"Take Wound","floor":14,"damage_taken":0},{"event_name":"Back to Basics","player_choice":"Simplicity","floor":20,"damage_taken":0}],"boss_relics":[{"not_picked":["Snecko Eye","Philosopher\u0027s Stone"],"picked":"Runic Cube"}],"potions_floor_spawned":[3,4,8,11,19],"seed_played":"5155943240956789995","killed_by":"Cultist and Chosen","ascension_level":0,"is_trial":false}