{"gold_per_floor":[118,68,68,16,30,30,30,56,56,56,68,68,87,12,12,116,116,129,129,143,156,29,60,60,60,60,72,72,72,72,72,72,168,168,185,198,0,0,12,12,112,112,136,136,11,11,11,26,26,26],"floor_reached":51,"playtime":4947,"items_purged":["Strike_B","Defend_B","Strike_B"],"score":734,"play_id":"bcdcf1e3-36a8-43aa-9a1a-72e0b84cd6ff","local_time":"20190203125634","is_ascension_mode":false,"campfire_choices":[{"data":"Defragment","floor":6,"key":"SMITH"},{"data":"Defragment","floor":10,"key":"SMITH"},{"floor":15,"key":"REST"},{"data":"Blizzard","floor":24,"key":"SMITH"},{"data":"Barrage","floor":29,"key":"SMITH"},{"floor":32,"key":"REST"},{"data":"Echo Form","floor":40,"key":"SMITH"},{"data":"Redo","floor":42,"key":"SMITH"},{"floor":44,"key":"REST"},{"data":"Defragment","floor":49,"key":"SMITH"}],"neow_cost":"NONE","seed_source_timestamp":14992276344873,"circlet_count":0,"master_deck":["Defend_B","Defend_B","Zap","Dualcast","Panacea","Cold Snap","Defragment+1","All For One","Barrage+1","Glacier","Defragment+1","Redo+1","Rebound","Biased Cognition","Blizzard+1","Barrage+1","Coolheaded+1","Conserve Battery","Leap+1","Echo Form+1","Conserve Battery+1","Defragment+1","Force Field+1","Turbo+1"],"relics":["FrozenCore","Letter Opener","Bottled Flame","Calipers","Pen Nib","Toxic Egg 2","Dodecahedron","Gambling Chip","Unceasing Top","Runic Dome","Red Mask","Thread and Needle","Art of War","Smiling Mask"],"potions_floor_usage":[23,50,50],"damage_taken":[{"damage":5,"enemies":"Small Slimes","floor":1,"turns":3},{"damage":1,"enemies":"Jaw Worm","floor":5,"turns":3},{"damage":20,"enemies":"Gremlin Nob","floor":8,"turns":6},{"damage":0,"enemies":"Cultist","floor":11,"turns":4},{"damage":1,"enemies":"Large Slime","floor":13,"turns":5},{"damage":0,"enemies":"The Guardian","floor":16,"turns":19},{"damage":2,"enemies":"Spheric Guardian","floor":18,"turns":8},{"damage":0,"enemies":"Chosen","floor":20,"turns":6},{"damage":3,"enemies":"3 Cultists","floor":21,"turns":5},{"damage":38,"enemies":"Slavers","floor":23,"turns":6},{"damage":1,"enemies":"Cultist and Chosen","floor":27,"turns":9},{"damage":30,"enemies":"Automaton","floor":33,"turns":15},{"damage":2,"enemies":"Orb Walker","floor":35,"turns":5},{"damage":17,"enemies":"3 Shapes","floor":36,"turns":4},{"damage":8,"enemies":"Sphere and 2 Shapes","floor":39,"turns":6},{"damage":0,"enemies":"Mind Bloom Boss Battle","floor":41,"turns":8},{"damage":0,"enemies":"Maw","floor":48,"turns":8},{"damage":0,"enemies":"Time Eater","floor":50,"turns":16}],"seed_played":"5177076439797508180","potions_obtained":[{"floor":1,"key":"PowerPotion"},{"floor":5,"key":"Weak Potion"},{"floor":16,"key":"Ancient Potion"},{"floor":18,"key":"Dexterity Potion"},{"floor":27,"key":"Energy Potion"},{"floor":35,"key":"Explosive Potion"},{"floor":39,"key":"FocusPotion"}],"is_trial":false,"path_per_floor":["M","?","?","$","M","R","?","E","T","R","M","?","M","$","R","B",null,"M","?","M","M","$","E","R","$","T","M","?","R","T","T","R","B",null,"M","M","?","?","M","R","?","R","T","R","$","?","T","M","R","B",null],"character_chosen":"DEFECT","items_purchased":["Barrage","Conserve Battery"],"campfire_rested":3,"item_purchase_floors":[4,22],"current_hp_per_floor":[70,70,70,70,69,69,62,42,42,42,42,35,34,34,56,56,75,73,73,73,70,70,32,32,32,32,31,31,31,31,31,53,23,75,73,56,56,56,48,48,48,48,48,70,70,70,70,70,70,70],"gold":26,"neow_bonus":"RANDOM_COLORLESS","is_prod":false,"is_daily":false,"chose_seed":false,"campfire_upgraded":7,"win_rate":0,"timestamp":1549194994,"path_taken":["M","?","?","$","?","R","?","E","T","R","M","?","M","$","R","BOSS","M","?","M","?","$","E","R","$","T","M","?","R","?","?","R","BOSS","M","M","?","?","?","R","?","R","T","R","$","?","?","M","R","BOSS"],"build_version":"2019-01-23","purchased_purges":3,"victory":true,"max_hp_per_floor":[75,75,75,75,75,75,75,75,75,75,75,75,75,75,75,75,75,75,75,75,75,75,75,75,75,75,75,75,75,75,75,75,75,75,75,75,75,75,75,75,75,75,75,75,75,75,75,75,75,75],"card_choices":[{"not_picked":["Lockon","Conserve Battery"],"picked":"Cold Snap","floor":1},{"not_picked":["Ball Lightning","Steam"],"picked":"Glacier","floor":5},{"not_picked":["Coolheaded","Undo"],"picked":"Defragment","floor":8},{"not_picked":["BootSequence","Reinforced Body"],"picked":"Redo","floor":11},{"not_picked":["Leap","Stack"],"picked":"Rebound","floor":13},{"not_picked":["Rainbow","Meteor Strike"],"picked":"Biased Cognition","floor":16},{"not_picked":["Skim","Sweeping Beam+1"],"picked":"Blizzard","floor":18},{"not_picked":["Static Discharge","Ball Lightning+1"],"picked":"Barrage+1","floor":20},{"not_picked":["Reinforced Body","Steam"],"picked":"Coolheaded+1","floor":21},{"not_picked":["Aggregate","Fission"],"picked":"Leap","floor":23},{"not_picked":["BootSequence+1","Steam+1","Go for the Eyes"],"picked":"SKIP","floor":27},{"not_picked":["Rainbow+1","Electrodynamics"],"picked":"Echo Form","floor":33},{"not_picked":["Self Repair+1","Chaos+1"],"picked":"Conserve Battery+1","floor":35},{"not_picked":["Sweeping Beam+1","Barrage+1","Skim+1"],"picked":"SKIP","floor":36},{"not_picked":["Conserve Battery+1","Steam+1","Stack+1"],"picked":"SKIP","floor":39},{"not_picked":["Rip and Tear","Rebound+1"],"picked":"Force Field+1","floor":41},{"not_picked":["Skim+1","Steam+1"],"picked":"Turbo+1","floor":48}],"player_experience":85123,"relics_obtained":[{"floor":8,"key":"Letter Opener"},{"floor":9,"key":"Bottled Flame"},{"floor":23,"key":"Toxic Egg 2"},{"floor":26,"key":"Dodecahedron"},{"floor":30,"key":"Gambling Chip"},{"floor":31,"key":"Unceasing Top"},{"floor":41,"key":"Thread and Needle"},{"floor":43,"key":"Art of War"},{"floor":47,"key":"Smiling Mask"}],"event_choices":[{"cards_removed":["Strike_B"],"damage_healed":0,"gold_gain":0,"player_choice":"Card Removal","damage_taken":0,"max_hp_gain":0,"max_hp_loss":0,"event_name":"The Cleric","floor":2,"gold_loss":50},{"damage_healed":0,"gold_gain":0,"player_choice":"2 cards matched","damage_taken":0,"max_hp_gain":0,"max_hp_loss":0,"event_name":"Match and Keep!","floor":3,"gold_loss":0,"cards_obtained":["Defragment","All For One"]},{"cards_removed":["Strike_B"],"damage_healed":0,"gold_gain":0,"player_choice":"Card Removal","damage_taken":7,"max_hp_gain":0,"max_hp_loss":0,"event_name":"Golden Wing","floor":7,"gold_loss":0},{"damage_healed":0,"gold_gain":0,"player_choice":"Success","damage_taken":7,"relics_obtained":["Calipers"],"max_hp_gain":0,"max_hp_loss":0,"event_name":"Scrap Ooze","floor":12,"gold_loss":0},{"damage_healed":0,"gold_gain":0,"player_choice":"Gave Potion","damage_taken":0,"relics_obtained":["Pen Nib"],"max_hp_gain":0,"max_hp_loss":0,"event_name":"WeMeetAgain","floor":19,"gold_loss":0},{"damage_healed":0,"gold_gain":0,"player_choice":"Ignored","damage_taken":0,"max_hp_gain":0,"max_hp_loss":0,"event_name":"Beggar","floor":28,"gold_loss":0},{"damage_healed":0,"gold_gain":0,"player_choice":"Paid","damage_taken":0,"relics_obtained":["Red Mask"],"max_hp_gain":0,"max_hp_loss":0,"event_name":"Tomb of Lord Red Mask","floor":37,"gold_loss":198},{"damage_healed":0,"gold_gain":0,"cards_transformed":["Defend_B"],"player_choice":"Transformed","damage_taken":0,"max_hp_gain":0,"max_hp_loss":0,"event_name":"Transmorgrifier","floor":38,"gold_loss":0,"cards_obtained":["Defragment"]},{"damage_healed":0,"gold_gain":0,"player_choice":"Fight","damage_taken":0,"max_hp_gain":0,"max_hp_loss":0,"event_name":"MindBloom","floor":41,"gold_loss":0},{"damage_healed":0,"gold_gain":0,"player_choice":"Ignored","damage_taken":0,"max_hp_gain":0,"max_hp_loss":0,"event_name":"Mysterious Sphere","floor":46,"gold_loss":0}],"is_beta":false,"boss_relics":[{"not_picked":["White Beast Statue","Sozu"],"picked":"FrozenCore"},{"not_picked":["Nuclear Battery","Snecko Eye"],"picked":"Runic Dome"}],"items_purged_floors":[14,22,45],"is_endless":false,"potions_floor_spawned":[1,5,16,18,27,35,39,41],"ascension_level":0}