{"gold_per_floor":[119,135,46,63,238,238,318,165,165,165,183,183,240,240,240,338,338,350,265,67,7,19,19,19,29,29,29,46,46,66,85,85,190,190,209,209,209,209,209,209,220,250,300,300,317,330,430,430,430,430],"floor_reached":51,"playtime":3005,"items_purged":["Doubt"],"score":1011,"play_id":"535d99c1-fe05-43c5-90d7-d446e044a2ed","local_time":"20190203173130","is_ascension_mode":true,"campfire_choices":[{"data":"Hologram","floor":6.0,"key":"SMITH"},{"data":"Zap","floor":10.0,"key":"SMITH"},{"data":"Storm","floor":12.0,"key":"SMITH"},{"data":"Seek","floor":15.0,"key":"SMITH"},{"data":"Amplify","floor":23,"key":"SMITH"},{"data":"Finesse","floor":27,"key":"SMITH"},{"data":"Capacitor","floor":32,"key":"SMITH"},{"data":"Well Laid Plans","floor":40,"key":"SMITH"},{"floor":44,"key":"REST"},{"data":"Finesse","floor":49,"key":"SMITH"}],"neow_cost":"NONE","seed_source_timestamp":0,"circlet_count":0,"master_deck":["Strike_B","Strike_B","Strike_B","Strike_B","Defend_B","Defend_B","Defend_B","Zap+1","Dualcast","Amplify+1","Self Repair+1","Hologram+1","Storm+1","Conserve Battery","Core Surge","Undo","Finesse+1","Seek+1","Machine Learning","Barrage+1","Pommel Strike+1","Capacitor+1","Finesse+1","Master of Strategy","Well Laid Plans+1","Leg Sweep+1","Melter+1","Conserve Battery+1"],"special_seed":0,"relics":["FrozenCore","Question Card","Gremlin Horn","Potion Belt","Letter Opener","PrismaticShard","Nunchaku","Runic Dome","Orichalcum","Darkstone Periapt","Regal Pillow","Incense Burner"],"potions_floor_usage":[33,50,50,50],"damage_taken":[{"damage":0.0,"enemies":"2 Louse","floor":1.0,"turns":3.0},{"damage":9.0,"enemies":"Jaw Worm","floor":2.0,"turns":5.0},{"damage":2.0,"enemies":"Small Slimes","floor":4.0,"turns":3.0},{"damage":14.0,"enemies":"Exordium Thugs","floor":11.0,"turns":4.0},{"damage":25.0,"enemies":"3 Sentries","floor":13.0,"turns":6.0},{"damage":41.0,"enemies":"The Guardian","floor":16.0,"turns":16.0},{"damage":10,"enemies":"Spheric Guardian","floor":18,"turns":9},{"damage":7,"enemies":"2 Thieves","floor":21,"turns":4},{"damage":6,"enemies":"Snecko","floor":22,"turns":9},{"damage":8,"enemies":"Shelled Parasite and Fungi","floor":25,"turns":8},{"damage":12,"enemies":"Sentry and Sphere","floor":28,"turns":6},{"damage":19,"enemies":"Centurion and Healer","floor":30,"turns":7},{"damage":21,"enemies":"Snecko","floor":31,"turns":12},{"damage":40,"enemies":"Automaton","floor":33,"turns":10},{"damage":9,"enemies":"3 Shapes","floor":35,"turns":7},{"damage":10,"enemies":"Orb Walker","floor":41,"turns":4},{"damage":44,"enemies":"Nemesis","floor":42,"turns":7},{"damage":9,"enemies":"Jaw Worm Horde","floor":45,"turns":3},{"damage":34,"enemies":"Maw","floor":46,"turns":7},{"damage":0,"enemies":"Mind Bloom Boss Battle","floor":47,"turns":6},{"damage":0,"enemies":"Donu and Deca","floor":50,"turns":6}],"seed_played":"3388900171294076285","potions_obtained":[{"floor":11.0,"key":"PowerPotion"},{"floor":13.0,"key":"Ancient Potion"},{"floor":22,"key":"Weak Potion"},{"floor":28,"key":"SneckoOil"},{"floor":31,"key":"AttackPotion"},{"floor":41,"key":"Block Potion"},{"floor":45,"key":"FocusPotion"},{"floor":46,"key":"PowerPotion"}],"is_trial":false,"path_per_floor":["M","M","$","M","?","R","T","$","T","R","M","R","?","?","R","B",null,"M","?","$","M","M","R","?","M","T","R","M","$","M","M","R","B",null,"M","?","T","?","?","R","M","E","T","R","M","M","?","?","R","B",null],"character_chosen":"DEFECT","items_purchased":["Storm","Conserve Battery","Core Surge","PrismaticShard"],"campfire_rested":1,"item_purchase_floors":[3,3,8,20],"current_hp_per_floor":[68,73,73,75,75,75,75,75,75,75,68,68,43,43,43,16,60,64,64,64,64,72,72,72,75,75,75,73,73,74,73,73,43,67,75,75,75,75,71,71,71,47,47,71,71,57,71,71,71,71],"gold":430,"neow_bonus":"ONE_RANDOM_RARE_CARD","is_prod":false,"is_daily":false,"chose_seed":false,"campfire_upgraded":9,"win_rate":0,"timestamp":1549175490,"path_taken":["M","M","$","M","?","R","?","$","T","R","M","R","?","?","R","BOSS","M","?","$","M","M","R","?","?","T","R","M","?","M","M","R","BOSS","M","?","?","?","?","R","M","E","T","R","?","M","?","?","R","BOSS"],"build_version":"2019-01-23","purchased_purges":1,"victory":true,"max_hp_per_floor":[75,75,75,75,75,75,75,75,75,75,75,75,75,75,75,75,75,75,75,75,75,75,75,75,75,75,75,75,75,75,75,75,75,75,75,75,75,75,71,71,71,71,71,71,71,71,71,71,71,71],"card_choices":[{"not_picked":["Beam Cell","Chaos"],"picked":"Self Repair","floor":1.0},{"not_picked":["Turbo","Heatsinks"],"picked":"Hologram","floor":2.0},{"not_picked":["Double Energy","Self Repair","Coolheaded"],"picked":"SKIP","floor":4.0},{"not_picked":["Heatsinks","Scrape","Redo","Blizzard"],"picked":"SKIP","floor":11.0},{"not_picked":["Turbo","Go for the Eyes","Gash"],"picked":"Undo","floor":13.0},{"not_picked":["Core Surge","Rainbow","Fission"],"picked":"Machine Learning","floor":16.0},{"not_picked":["Rebound+1","Aggregate","Fusion+1","Cold Snap"],"picked":"SKIP","floor":18},{"not_picked":["Cold Snap","Barrage+1","Iron Wave","Turbo"],"picked":"SKIP","floor":21},{"not_picked":["Cold Snap","Iron Wave","Turbo"],"picked":"Barrage+1","floor":21},{"not_picked":["Clash","Wild Strike","Acrobatics"],"picked":"Pommel Strike+1","floor":22},{"not_picked":["Havoc","Clash+1","Sunder","Redo+1"],"picked":"SKIP","floor":25},{"not_picked":["Bane+1","Predator","Conserve Battery+1"],"picked":"Capacitor","floor":28},{"not_picked":["Dropkick","Pommel Strike","Gash"],"picked":"Finesse","floor":30},{"not_picked":["Conserve Battery","Dagger Spray","Poisoned Stab","Sever Soul"],"picked":"SKIP","floor":31},{"not_picked":["Reaper","Secret Weapon","Fiend Fire"],"picked":"Master of Strategy","floor":33},{"not_picked":["Clash+1","Heatsinks+1","Deadly Poison"],"picked":"Well Laid Plans","floor":35},{"not_picked":["Caltrops","Masterful Stab","Underhanded Strike","Loop"],"picked":"SKIP","floor":41},{"not_picked":["Capacitor+1","Clothesline","Loop"],"picked":"Leg Sweep+1","floor":42},{"not_picked":["Clash","Buffer","Recycle"],"picked":"Melter+1","floor":45},{"not_picked":["Rampage","Flying Knee+1","Poisoned Stab"],"picked":"Conserve Battery+1","floor":46}],"player_experience":691186,"relics_obtained":[{"floor":7.0,"key":"Question Card"},{"floor":9.0,"key":"Gremlin Horn"},{"floor":13.0,"key":"Potion Belt"},{"floor":26,"key":"Nunchaku"},{"floor":37,"key":"Orichalcum"},{"floor":42,"key":"Darkstone Periapt"},{"floor":43,"key":"Regal Pillow"},{"floor":47,"key":"Incense Burner"}],"event_choices":[{"damage_healed":0.0,"max_hp_gain":0.0,"max_hp_loss":0.0,"gold_gain":175.0,"event_name":"Liars Game","player_choice":"AGREE","floor":5.0,"gold_loss":0.0,"damage_taken":0.0,"cards_obtained":["Doubt"]},{"damage_healed":0.0,"max_hp_gain":0.0,"max_hp_loss":0.0,"gold_gain":0.0,"event_name":"Dead Adventurer","player_choice":"Searched \u00271\u0027 times","floor":13.0,"gold_loss":0.0,"damage_taken":0.0},{"damage_healed":0.0,"max_hp_gain":0.0,"max_hp_loss":0.0,"gold_gain":0.0,"event_name":"Match and Keep!","player_choice":"2 cards matched","floor":14.0,"gold_loss":0.0,"damage_taken":0.0,"cards_obtained":["Finesse","Seek"]},{"damage_healed":0,"gold_gain":0,"player_choice":"Obtained Relic","damage_taken":0,"relics_obtained":["Letter Opener"],"max_hp_gain":0,"max_hp_loss":0,"event_name":"Addict","floor":19,"gold_loss":85},{"damage_healed":0,"gold_gain":0,"player_choice":"Upgraded","damage_taken":0,"max_hp_gain":0,"max_hp_loss":0,"event_name":"Upgrade Shrine","floor":24,"gold_loss":0,"cards_upgraded":["Self Repair"]},{"damage_healed":0,"gold_gain":0,"player_choice":"Ignored","damage_taken":0,"max_hp_gain":0,"max_hp_loss":0,"event_name":"Tomb of Lord Red Mask","floor":36,"gold_loss":0},{"damage_healed":0,"gold_gain":0,"player_choice":"Ignored","damage_taken":0,"max_hp_gain":0,"max_hp_loss":0,"event_name":"Mysterious Sphere","floor":38,"gold_loss":0},{"damage_healed":0,"gold_gain":0,"player_choice":"Max HP","damage_taken":0,"max_hp_gain":0,"max_hp_loss":4,"event_name":"Winding Halls","floor":39,"gold_loss":0},{"damage_healed":0,"gold_gain":0,"player_choice":"Fight","damage_taken":0,"max_hp_gain":0,"max_hp_loss":0,"event_name":"MindBloom","floor":47,"gold_loss":0},{"cards_removed":["Defend_B"],"damage_healed":0,"gold_gain":0,"player_choice":"Removed Skill","damage_taken":0,"max_hp_gain":0,"max_hp_loss":0,"event_name":"Falling","floor":48,"gold_loss":0}],"is_beta":false,"boss_relics":[{"not_picked":["Calling Bell","Black Star"],"picked":"FrozenCore"},{"not_picked":["Eternal Feather","Runic Pyramid"],"picked":"Runic Dome"}],"items_purged_floors":[8],"is_endless":false,"potions_floor_spawned":[11,13,22,28,31,41,45,46,47],"ascension_level":9}