{"gold_per_floor":[113,113,129,148,167,196,196,223,297,311,311,311,346,363,363,458,458,472,482,116,133,133,63,63,79,79,108,108,108,108,119,119,214,214,234,254,10,110,110,443,455,471,497,497,497,497,513,532,532,532],"floor_reached":50,"playtime":9539,"items_purged":[],"score":614,"play_id":"0ed2bba6-e275-4da0-b57f-2618426f4cae","local_time":"20190203113634","is_ascension_mode":false,"campfire_choices":[{"floor":7.0,"key":"REST"},{"floor":11.0,"key":"REST"},{"data":"Footwork","floor":15.0,"key":"SMITH"},{"floor":24.0,"key":"REST"},{"floor":32.0,"key":"REST"},{"floor":46,"key":"REST"},{"floor":49,"key":"REST"}],"neow_cost":"NONE","seed_source_timestamp":13210043678989,"circlet_count":0,"master_deck":["Defend_G+1","Defend_G+1","Defend_G+1","Defend_G+1","Survivor+1","Neutralize","Deflect","Leg Sweep","Dodge and Roll","Backstab","Predator","Footwork+1","Deflect","A Thousand Cuts","Backflip","After Image","Backflip+1","Expertise+1","Infinite Blades","Infinite Blades","Noxious Fumes","Dagger Spray","Bite","Bite","Bite","Bite","Backflip","Burst","Leg Sweep+1","PiercingWail+1","Infinite Blades","Master of Strategy","Acrobatics","Caltrops+1","Bouncing Flask","Backflip+1","Malaise"],"special_seed":0,"relics":["Ring of the Snake","Matryoshka","The Specimen","War Paint","Darkstone Periapt","Snake Skull","Empty Cage","Ginger","Ninja Scroll","Kunai","Pocketwatch","NlothsMask","Lizard Tail","Tingsha","Sundial","Old Coin"],"potions_floor_usage":[50],"damage_taken":[{"damage":0.0,"enemies":"Jaw Worm","floor":1.0,"turns":5.0},{"damage":0.0,"enemies":"2 Louse","floor":3.0,"turns":3.0},{"damage":0.0,"enemies":"Cultist","floor":4.0,"turns":4.0},{"damage":11.0,"enemies":"Exordium Thugs","floor":5.0,"turns":12.0},{"damage":21.0,"enemies":"3 Sentries","floor":6.0,"turns":17.0},{"damage":24.0,"enemies":"Gremlin Nob","floor":8.0,"turns":6.0},{"damage":3.0,"enemies":"Blue Slaver","floor":10.0,"turns":5.0},{"damage":3.0,"enemies":"Lagavulin","floor":13.0,"turns":11.0},{"damage":0.0,"enemies":"3 Louse","floor":14.0,"turns":3.0},{"damage":46.0,"enemies":"Hexaghost","floor":16.0,"turns":21.0},{"damage":18.0,"enemies":"Chosen","floor":18.0,"turns":12.0},{"damage":11.0,"enemies":"Spheric Guardian","floor":19.0,"turns":14.0},{"damage":5.0,"enemies":"Shelled Parasite and Fungi","floor":21.0,"turns":12.0},{"damage":2.0,"enemies":"Cultist and Chosen","floor":25.0,"turns":7.0},{"damage":56.0,"enemies":"Slavers","floor":27.0,"turns":8.0},{"damage":6.0,"enemies":"Snecko","floor":31.0,"turns":4.0},{"damage":18.0,"enemies":"Automaton","floor":33.0,"turns":12.0},{"damage":4,"enemies":"3 Darklings","floor":35,"turns":6},{"damage":2,"enemies":"Orb Walker","floor":36,"turns":7},{"damage":3,"enemies":"Mind Bloom Boss Battle","floor":38,"turns":9},{"damage":16,"enemies":"Nemesis","floor":40,"turns":11},{"damage":15,"enemies":"Writhing Mass","floor":41,"turns":10},{"damage":36,"enemies":"Transient","floor":42,"turns":5},{"damage":19,"enemies":"Jaw Worm Horde","floor":47,"turns":7},{"damage":1,"enemies":"Maw","floor":48,"turns":10},{"damage":96,"enemies":"Time Eater","floor":50,"turns":11}],"seed_played":"2242366675384108574","potions_obtained":[{"floor":6.0,"key":"Fire Potion"},{"floor":8.0,"key":"SpeedPotion"},{"floor":10.0,"key":"EntropicBrew"}],"is_trial":false,"path_per_floor":["M","?","M","M","M","E","R","E","T","M","R","?","E","M","R","B",null,"M","M","$","M","?","$","R","M","T","E","?","?","?","M","R","B",null,"M","M","$","?","?","E","M","M","T","?","?","R","M","M","R","B"],"character_chosen":"THE_SILENT","items_purchased":["Infinite Blades","Ginger","Noxious Fumes","Infinite Blades","Master of Strategy"],"campfire_rested":6,"item_purchase_floors":[20,20,23,37,37],"current_hp_per_floor":[77,77,77,77,66,45,68,44,44,41,64,64,61,61,61,15,77,59,48,48,43,43,43,66,64,64,8,8,8,8,14,29,37,53,53,53,53,53,53,42,37,7,7,7,7,22,9,18,33,0],"gold":532,"neow_bonus":"TEN_PERCENT_HP_BONUS","is_prod":false,"is_daily":false,"chose_seed":false,"campfire_upgraded":1,"win_rate":0.0,"timestamp":1549215394,"path_taken":["M","?","M","M","M","E","R","E","T","M","R","?","E","M","R","BOSS","M","M","$","?","?","$","R","M","T","E","?","?","?","?","R","BOSS","M","M","$","?","?","E","M","?","T","?","?","R","M","M","R","BOSS"],"build_version":"2019-01-23","purchased_purges":0,"victory":false,"max_hp_per_floor":[77,77,77,77,77,77,77,77,77,77,77,77,77,77,77,77,77,77,77,77,77,77,77,77,77,77,77,53,53,53,53,53,53,53,53,53,53,53,53,53,53,53,53,53,53,53,53,53,53,53],"card_choices":[{"not_picked":["Flying Knee","Dagger Spray"],"picked":"Deflect","floor":1.0},{"not_picked":["Skewer","Outmaneuver"],"picked":"Leg Sweep","floor":3.0},{"not_picked":["Dagger Throw","Blade Dance"],"picked":"Dodge and Roll","floor":4.0},{"not_picked":["Finisher","Flechettes"],"picked":"Backstab","floor":5.0},{"not_picked":["Expertise","Dagger Spray"],"picked":"Predator","floor":6.0},{"not_picked":["Bouncing Flask","Crippling Poison"],"picked":"Footwork","floor":8.0},{"not_picked":["Dagger Throw","Sucker Punch"],"picked":"Deflect","floor":10.0},{"not_picked":["Skewer","Backflip"],"picked":"A Thousand Cuts","floor":13.0},{"not_picked":["Quick Slash","Flying Knee"],"picked":"Backflip","floor":14.0},{"not_picked":["Envenom","Burst"],"picked":"After Image","floor":16.0},{"not_picked":["Poisoned Stab","Outmaneuver"],"picked":"Backflip+1","floor":18.0},{"not_picked":["Flying Knee","Quick Slash"],"picked":"Expertise+1","floor":19.0},{"not_picked":["Slice+1","Quick Slash"],"picked":"Infinite Blades","floor":21.0},{"not_picked":["Finisher","Underhanded Strike","Choke"],"picked":"SKIP","floor":25.0},{"not_picked":["Deadly Poison","Choke+1"],"picked":"Dagger Spray","floor":27.0},{"not_picked":["Choke","All Out Attack"],"picked":"Backflip","floor":31.0},{"not_picked":["A Thousand Cuts","Night Terror"],"picked":"Burst","floor":33.0},{"not_picked":["Slice","Underhanded Strike"],"picked":"Leg Sweep+1","floor":35},{"not_picked":["Outmaneuver+1","Flying Knee"],"picked":"PiercingWail+1","floor":36},{"not_picked":["Tactician","Sucker Punch+1"],"picked":"Acrobatics","floor":38},{"not_picked":["Deflect+1","Doppelganger"],"picked":"Caltrops+1","floor":40},{"not_picked":["Skewer","Deadly Poison"],"picked":"Bouncing Flask","floor":41},{"not_picked":["Deadly Poison","Sucker Punch+1"],"picked":"Backflip+1","floor":42},{"not_picked":["Masterful Stab","Underhanded Strike","Heel Hook"],"picked":"SKIP","floor":47},{"not_picked":["PiercingWail+1","Dagger Throw"],"picked":"Malaise","floor":48}],"player_experience":28139,"relics_obtained":[{"floor":6.0,"key":"Matryoshka"},{"floor":8.0,"key":"The Specimen"},{"floor":9.0,"key":"War Paint"},{"floor":9.0,"key":"Darkstone Periapt"},{"floor":13.0,"key":"Snake Skull"},{"floor":26.0,"key":"Ninja Scroll"},{"floor":26.0,"key":"Kunai"},{"floor":27.0,"key":"Pocketwatch"},{"floor":38,"key":"Tingsha"},{"floor":40,"key":"Old Coin"}],"event_choices":[{"damage_healed":0.0,"max_hp_gain":0.0,"max_hp_loss":0.0,"gold_gain":0.0,"event_name":"Liars Game","player_choice":"Ignored","floor":2.0,"gold_loss":0.0,"damage_taken":0.0},{"damage_healed":0.0,"max_hp_gain":0.0,"max_hp_loss":0.0,"gold_gain":0.0,"event_name":"The Woman in Blue","player_choice":"Bought 0 Potions","floor":12.0,"gold_loss":0.0,"damage_taken":0.0},{"damage_healed":0.0,"max_hp_gain":0.0,"max_hp_loss":0.0,"gold_gain":0.0,"event_name":"Cursed Tome","player_choice":"Ignored","floor":22.0,"gold_loss":0.0,"damage_taken":0.0},{"damage_healed":0.0,"max_hp_gain":0.0,"max_hp_loss":24.0,"gold_gain":0.0,"event_name":"Vampires","player_choice":"Became a vampire","floor":28.0,"gold_loss":0.0,"damage_taken":0.0,"cards_obtained":["Bite","Bite","Bite","Bite","Bite"]},{"damage_healed":0.0,"max_hp_gain":0.0,"max_hp_loss":0.0,"gold_gain":0.0,"event_name":"Back to Basics","player_choice":"Simplicity","floor":29.0,"gold_loss":0.0,"damage_taken":0.0,"cards_upgraded":["Defend_G","Defend_G","Defend_G"]},{"damage_healed":0.0,"max_hp_gain":0.0,"max_hp_loss":0.0,"gold_gain":0.0,"event_name":"FaceTrader","player_choice":"Trade","floor":30.0,"gold_loss":0.0,"damage_taken":0.0,"relics_obtained":["NlothsMask"]},{"damage_healed":0,"gold_gain":0,"player_choice":"Fight","damage_taken":0,"max_hp_gain":0,"max_hp_loss":0,"event_name":"MindBloom","floor":38,"gold_loss":0},{"cards_removed":["Bite"],"damage_healed":0,"gold_gain":0,"player_choice":"Gave Card","damage_taken":0,"relics_obtained":["Sundial"],"max_hp_gain":0,"max_hp_loss":0,"event_name":"WeMeetAgain","floor":39,"gold_loss":0},{"damage_healed":0,"gold_gain":0,"player_choice":"Ignored","damage_taken":0,"max_hp_gain":0,"max_hp_loss":0,"event_name":"Tomb of Lord Red Mask","floor":44,"gold_loss":0},{"damage_healed":0,"gold_gain":0,"player_choice":"Ignored","damage_taken":0,"max_hp_gain":0,"max_hp_loss":0,"event_name":"SecretPortal","floor":45,"gold_loss":0}],"is_beta":false,"boss_relics":[{"not_picked":["Fusion Hammer","Runic Dome"],"picked":"Empty Cage"},{"not_picked":["Velvet Choker","HoveringKite"],"picked":"Lizard Tail"}],"items_purged_floors":[],"is_endless":false,"potions_floor_spawned":[6,8,10,13,27,38,42,48],"killed_by":"Time Eater","ascension_level":0}