{"gold_per_floor":[113,113,35,0,16,47,47,47,73,73,98,98,131,131,131,208,208,223,223,148,159,159,159,6,16,68,85,85,85,85],"floor_reached":30,"playtime":2531,"items_purged":["Decay","Bite"],"score":485,"play_id":"2ae4bac9-49c9-4116-8a56-89ea0800a4ca","local_time":"20190129144525","is_ascension_mode":true,"campfire_choices":[{"data":"Armaments","floor":7.0,"key":"SMITH"},{"data":"Bash","floor":10.0,"key":"SMITH"},{"floor":12.0,"key":"REST"},{"floor":15.0,"key":"REST"},{"floor":23,"key":"REST"},{"floor":29,"key":"REST"}],"neow_cost":"CURSE","seed_source_timestamp":605165740835803,"circlet_count":0,"master_deck":["AscendersBane","Defend_R+1","Defend_R+1","Defend_R+1","Defend_R+1","Bash+1","Feed","Rampage","Combust","Armaments+1","Dual Wield","Offering","Impervious","Battle Trance","Shrug It Off+1","Bite","Bite","Bite","Bite"],"special_seed":0,"relics":["Burning Blood","Happy Flower","Lantern","Red Skull","Ornamental Fan","Snecko Eye","Nilry\u0027s Codex","Art of War"],"potions_floor_usage":[21,25,25,30],"damage_taken":[{"damage":8.0,"enemies":"2 Louse","floor":1.0,"turns":4.0},{"damage":11.0,"enemies":"Small Slimes","floor":5.0,"turns":6.0},{"damage":40.0,"enemies":"3 Sentries","floor":6.0,"turns":7.0},{"damage":34.0,"enemies":"Lagavulin","floor":11.0,"turns":6.0},{"damage":36.0,"enemies":"3 Sentries","floor":13.0,"turns":7.0},{"damage":31.0,"enemies":"Slime Boss","floor":16.0,"turns":8.0},{"damage":37.0,"enemies":"2 Thieves","floor":18.0,"turns":5.0},{"damage":18,"enemies":"Spheric Guardian","floor":21,"turns":7},{"damage":36,"enemies":"Cultist and Chosen","floor":25,"turns":7},{"damage":0,"enemies":"Snake Plant","floor":27,"turns":3},{"damage":63,"enemies":"Slavers","floor":30,"turns":4}],"seed_played":"7391114512682095976","potions_obtained":[{"floor":1.0,"key":"Poison Potion"},{"floor":13.0,"key":"Strength Potion"},{"floor":18.0,"key":"FearPotion"},{"floor":21,"key":"LiquidBronze"},{"floor":25,"key":"Strength Potion"}],"is_trial":false,"path_per_floor":["M","?","$","?","M","E","R","?","T","R","E","R","E","?","R","B",null,"M","?","$","M","?","R","$","M","T","M","?","R","E"],"character_chosen":"IRONCLAD","items_purchased":["Combust","AttackPotion"],"campfire_rested":4,"item_purchase_floors":[3,24],"current_hp_per_floor":[69,62,62,78,76,45,45,45,45,45,20,46,16,16,42,17,70,43,22,22,10,10,28,28,10,10,24,24,44,0],"gold":85,"neow_bonus":"THREE_RARE_CARDS","is_prod":false,"is_daily":false,"chose_seed":false,"campfire_upgraded":2,"win_rate":0,"timestamp":1548769525,"path_taken":["M","?","$","?","M","E","R","?","T","R","E","R","E","?","R","BOSS","M","?","$","M","?","R","?","M","T","M","?","R","E"],"build_version":"2019-01-23","purchased_purges":2,"victory":false,"max_hp_per_floor":[78,78,78,78,81,84,84,84,84,84,87,87,87,87,87,87,87,91,91,91,91,63,63,63,63,63,67,67,67,67],"card_choices":[{"not_picked":["Limit Break","Reaper"],"picked":"Feed","floor":0.0},{"not_picked":["Carnage","Second Wind"],"picked":"Rampage","floor":1.0},{"not_picked":["Sentinel","Clash","Twin Strike"],"picked":"SKIP","floor":5.0},{"not_picked":["Clash","Anger"],"picked":"Armaments","floor":6.0},{"not_picked":["Headbutt","Brutality"],"picked":"Dual Wield","floor":11.0},{"not_picked":["Thunderclap","Ghostly Armor"],"picked":"Offering","floor":13.0},{"not_picked":["Limit Break","Brutality"],"picked":"Impervious","floor":16.0},{"not_picked":["Havoc","Anger"],"picked":"Battle Trance","floor":18.0},{"not_picked":["Flex","Blood for Blood"],"picked":"Shrug It Off+1","floor":21},{"not_picked":["Sentinel","Seeing Red","Offering"],"picked":"SKIP","floor":25},{"not_picked":["True Grit","Body Slam+1","Twin Strike"],"picked":"SKIP","floor":27}],"player_experience":1053570,"relics_obtained":[{"floor":6.0,"key":"Happy Flower"},{"floor":9.0,"key":"Lantern"},{"floor":11.0,"key":"Red Skull"},{"floor":13.0,"key":"Ornamental Fan"},{"floor":19.0,"key":"Nilry\u0027s Codex"},{"floor":26,"key":"Art of War"}],"event_choices":[{"cards_removed":["Shame"],"damage_healed":0.0,"max_hp_gain":0.0,"max_hp_loss":0.0,"gold_gain":0.0,"event_name":"Golden Wing","player_choice":"Card Removal","floor":2.0,"gold_loss":0.0,"damage_taken":7.0},{"damage_healed":19.0,"max_hp_gain":0.0,"max_hp_loss":0.0,"gold_gain":0.0,"event_name":"The Cleric","player_choice":"Healed","floor":4.0,"gold_loss":35.0,"damage_taken":0.0},{"cards_removed":["Strike_R"],"damage_healed":0.0,"max_hp_gain":0.0,"max_hp_loss":0.0,"gold_gain":0.0,"event_name":"Living Wall","player_choice":"Forget","floor":8.0,"gold_loss":0.0,"damage_taken":0.0},{"damage_healed":0.0,"max_hp_gain":0.0,"max_hp_loss":0.0,"gold_gain":0.0,"event_name":"Wheel of Change","player_choice":"Cursed","floor":14.0,"gold_loss":0.0,"damage_taken":0.0,"cards_obtained":["Decay"]},{"damage_healed":0.0,"max_hp_gain":0.0,"max_hp_loss":0.0,"gold_gain":0.0,"event_name":"Cursed Tome","player_choice":"Obtained Book","floor":19.0,"gold_loss":0.0,"damage_taken":21.0},{"damage_healed":0,"gold_gain":0,"player_choice":"Became a vampire","damage_taken":0,"max_hp_gain":0,"max_hp_loss":28,"event_name":"Vampires","floor":22,"gold_loss":0,"cards_obtained":["Bite","Bite","Bite","Bite","Bite"]},{"damage_healed":0,"gold_gain":0,"player_choice":"Simplicity","damage_taken":0,"max_hp_gain":0,"max_hp_loss":0,"event_name":"Back to Basics","floor":28,"gold_loss":0,"cards_upgraded":["Defend_R","Defend_R","Defend_R","Defend_R"]}],"is_beta":false,"boss_relics":[{"not_picked":["Runic Cube","Black Blood"],"picked":"Snecko Eye"}],"items_purged_floors":[20,24],"is_endless":false,"potions_floor_spawned":[1,13,18,21,25],"killed_by":"Slavers","ascension_level":18}