{"gold_per_floor":[109,34,34,49,49,49,59,59,59,59,70,83,118,18,18,122,122,137,137,157,2,2,2,14,42,42,42,59,59,75,91,91,91],"floor_reached":33,"playtime":740,"items_purged":["Defend_R","Defend_R"],"score":267,"play_id":"353b58bc-6a5d-4af3-920b-87d28b42eb30","local_time":"20190117200749","is_ascension_mode":false,"campfire_choices":[{"data":"Bash","floor":6.0,"key":"SMITH"},{"data":"Perfected Strike","floor":10.0,"key":"SMITH"},{"data":"Wild Strike","floor":15.0,"key":"SMITH"},{"data":"Double Tap","floor":23.0,"key":"SMITH"},{"data":"Perfected Strike","floor":27.0,"key":"SMITH"},{"data":"Pommel Strike","floor":32.0,"key":"SMITH"}],"neow_cost":"NONE","seed_source_timestamp":183334763418198,"circlet_count":0,"master_deck":["Strike_R+1","Strike_R","Strike_R","Strike_R","Strike_R","Defend_R+1","Defend_R","Bash+1","Perfected Strike+1","Wild Strike+1","Dropkick","Pommel Strike+1","Flex","Sever Soul","Bludgeon+1","Twin Strike+1","Pommel Strike+1","Double Tap+1","Perfected Strike+1","Headbutt","Pommel Strike+1","Perfected Strike+1","Thunderclap"],"special_seed":0,"relics":["Burning Blood","NeowsBlessing","Calipers","Anchor","Oddly Smooth Stone","Runic Cube","Singing Bowl","Meat on the Bone","Pear"],"potions_floor_usage":[33,33,33],"damage_taken":[{"damage":0.0,"enemies":"2 Louse","floor":1.0,"turns":1.0},{"damage":0.0,"enemies":"Cultist","floor":4.0,"turns":2.0},{"damage":0.0,"enemies":"Small Slimes","floor":7.0,"turns":1.0},{"damage":2.0,"enemies":"Blue Slaver","floor":11.0,"turns":2.0},{"damage":6.0,"enemies":"Exordium Thugs","floor":12.0,"turns":3.0},{"damage":14.0,"enemies":"Gremlin Nob","floor":13.0,"turns":3.0},{"damage":50.0,"enemies":"Hexaghost","floor":16.0,"turns":6.0},{"damage":23.0,"enemies":"2 Thieves","floor":18.0,"turns":4.0},{"damage":0.0,"enemies":"Spheric Guardian","floor":20.0,"turns":2.0},{"damage":0.0,"enemies":"Snecko","floor":24.0,"turns":2.0},{"damage":20.0,"enemies":"Book of Stabbing","floor":25.0,"turns":3.0},{"damage":0.0,"enemies":"Centurion and Healer","floor":28.0,"turns":3.0},{"damage":21.0,"enemies":"3 Cultists","floor":30.0,"turns":4.0},{"damage":0.0,"enemies":"Snake Plant","floor":31.0,"turns":2.0},{"damage":105,"enemies":"Automaton","floor":33,"turns":6}],"seed_played":"-6074093795564895228","potions_obtained":[{"floor":3.0,"key":"SpeedPotion"},{"floor":3.0,"key":"EssenceOfSteel"},{"floor":3.0,"key":"Swift Potion"},{"floor":13.0,"key":"GamblersBrew"},{"floor":16.0,"key":"Regen Potion"},{"floor":28.0,"key":"Block Potion"},{"floor":30.0,"key":"Fire Potion"}],"is_trial":false,"path_per_floor":["M","$","?","M","T","R","M","?","T","R","M","M","E","$","R","B",null,"M","?","M","$","?","R","M","E","T","R","M","T","M","M","R","B"],"character_chosen":"IRONCLAD","items_purchased":["Double Tap"],"campfire_rested":0,"item_purchase_floors":[21],"current_hp_per_floor":[80,80,80,80,80,80,80,64,64,64,68,68,60,60,60,16,80,63,63,69,69,69,69,75,68,68,68,74,84,69,77,77,0],"gold":91,"neow_bonus":"THREE_ENEMY_KILL","is_prod":false,"is_daily":false,"chose_seed":false,"campfire_upgraded":6,"win_rate":0,"timestamp":1547752069,"path_taken":["M","$","?","?","?","R","M","?","T","R","M","M","E","$","R","BOSS","M","?","M","?","?","R","?","E","T","R","M","?","?","M","R","BOSS"],"build_version":"2019-01-10","purchased_purges":2,"victory":false,"max_hp_per_floor":[80,80,80,80,80,80,80,80,80,80,80,80,80,80,80,80,80,80,80,80,80,80,80,80,80,80,80,80,90,90,92,92,92],"card_choices":[{"not_picked":["Heavy Blade","Rupture"],"picked":"Perfected Strike","floor":1.0},{"not_picked":["Anger","Iron Wave"],"picked":"Wild Strike","floor":4.0},{"not_picked":["Dual Wield","Feel No Pain"],"picked":"Dropkick","floor":7.0},{"not_picked":["Fiend Fire","Havoc"],"picked":"Pommel Strike","floor":11.0},{"not_picked":["Feel No Pain","Shrug It Off"],"picked":"Flex","floor":12.0},{"not_picked":["Armaments","Warcry"],"picked":"Sever Soul","floor":13.0},{"not_picked":["Berserk","Brutality"],"picked":"Bludgeon","floor":16.0},{"not_picked":["Clothesline+1","Anger+1"],"picked":"Twin Strike+1","floor":18.0},{"not_picked":["Clothesline","Havoc+1"],"picked":"Pommel Strike+1","floor":20.0},{"not_picked":["Intimidate","Warcry+1"],"picked":"Headbutt","floor":24.0},{"not_picked":["Iron Wave","Havoc"],"picked":"Pommel Strike+1","floor":25.0},{"not_picked":["Pommel Strike","Flex"],"picked":"Perfected Strike+1","floor":28.0},{"not_picked":["Shockwave","Dropkick+1"],"picked":"Thunderclap","floor":30.0},{"not_picked":["Dropkick","Bludgeon","Flame Barrier"],"picked":"Singing Bowl","floor":31.0}],"player_experience":921269,"relics_obtained":[{"floor":5.0,"key":"Calipers"},{"floor":9.0,"key":"Anchor"},{"floor":13.0,"key":"Oddly Smooth Stone"},{"floor":25.0,"key":"Singing Bowl"},{"floor":26.0,"key":"Meat on the Bone"},{"floor":29.0,"key":"Pear"}],"event_choices":[{"damage_healed":0.0,"max_hp_gain":0.0,"max_hp_loss":0.0,"gold_gain":0.0,"event_name":"Lab","player_choice":"Got Potions","floor":3.0,"gold_loss":0.0,"damage_taken":0.0},{"damage_healed":0.0,"max_hp_gain":0.0,"max_hp_loss":0.0,"gold_gain":0.0,"event_name":"Shining Light","player_choice":"Entered Light","floor":8.0,"gold_loss":0.0,"damage_taken":16.0,"cards_upgraded":["Strike_R","Defend_R"]},{"damage_healed":0.0,"max_hp_gain":0.0,"max_hp_loss":0.0,"gold_gain":0.0,"event_name":"Accursed Blacksmith","player_choice":"Forge","floor":19.0,"gold_loss":0.0,"damage_taken":0.0,"cards_upgraded":["Bludgeon"]},{"damage_healed":0.0,"max_hp_gain":0.0,"max_hp_loss":0.0,"gold_gain":0.0,"event_name":"Match and Keep!","player_choice":"1 cards matched","floor":22.0,"gold_loss":0.0,"damage_taken":0.0,"cards_obtained":["Perfected Strike"]}],"is_beta":false,"boss_relics":[{"not_picked":["Orrery","Cursed Key"],"picked":"Runic Cube"}],"items_purged_floors":[2,14],"is_endless":false,"potions_floor_spawned":[12,13,16,28,30,31],"killed_by":"Automaton","ascension_level":0}