{"gold_per_floor":[111,127,58,72,91,117,77,103,103,103,131,131,149,149,149,249,249,263,283,38,38,48,75,93,111,111,111,122,155,155,168,168,263,263,283,293,313,313,324,324,337,351,351,351,351,351,0,18,18,18],"floor_reached":51,"playtime":7676,"items_purged":["Strike_G"],"score":757,"play_id":"e22df06c-6d68-4834-8bae-4d60fa82d83e","local_time":"20181217023312","is_ascension_mode":true,"campfire_choices":[{"data":"Neutralize","floor":10,"key":"SMITH"},{"data":"Leg Sweep","floor":12,"key":"SMITH"},{"data":"Noxious Fumes","floor":15,"key":"SMITH"},{"floor":27,"key":"REST"},{"data":"Cloak And Dagger","floor":30,"key":"SMITH"},{"floor":32,"key":"REST"},{"floor":40,"key":"REST"},{"data":"A Thousand Cuts","floor":44,"key":"SMITH"},{"data":"Bullet Time","floor":46,"key":"SMITH"},{"data":"Dodge and Roll","floor":49,"key":"SMITH"}],"neow_cost":"NONE","seed_source_timestamp":2775189632781966,"circlet_count":0,"master_deck":["Defend_G","Defend_G","Defend_G","Defend_G","Defend_G","Strike_G","Strike_G+1","Survivor+1","Neutralize+1","Backstab","Backflip","Leg Sweep+1","Acrobatics","Infinite Blades","Slice+1","Noxious Fumes+1","Finisher","Tools of the Trade","Backflip+1","Cloak And Dagger+1","Poisoned Stab","PiercingWail","Deflect","Adrenaline","Blur","Cloak And Dagger","Dodge and Roll+1","Bullet Time+1","Well Laid Plans+1","Deflect+1","Caltrops+1","Tactician","A Thousand Cuts+1","Poisoned Stab+1"],"relics":["Black Star","Paper Crane","Bottled Tornado","Potion Belt","Whetstone","Pear","Art of War","Smiling Mask","White Beast Statue","Vajra","Happy Flower","Molten Egg 2","Mercury Hourglass","Dodecahedron","The Courier","Orrery","Snake Skull","Red Mask"],"potions_floor_usage":[5,6,22,22,28,29,29,33,33,33,50,50,50],"damage_taken":[{"damage":0,"enemies":"Small Slimes","floor":1,"turns":6},{"damage":1,"enemies":"Cultist","floor":2,"turns":3},{"damage":2,"enemies":"Jaw Worm","floor":4,"turns":4},{"damage":3,"enemies":"Lots of Slimes","floor":5,"turns":5},{"damage":14,"enemies":"Gremlin Nob","floor":6,"turns":6},{"damage":16,"enemies":"3 Sentries","floor":8,"turns":8},{"damage":0,"enemies":"Lagavulin","floor":11,"turns":8},{"damage":3,"enemies":"Blue Slaver","floor":13,"turns":3},{"damage":2,"enemies":"The Guardian","floor":16,"turns":10},{"damage":14,"enemies":"Shell Parasite","floor":18,"turns":7},{"damage":2,"enemies":"3 Byrds","floor":19,"turns":6},{"damage":12,"enemies":"3 Cultists","floor":22,"turns":7},{"damage":39,"enemies":"Gremlin Leader","floor":23,"turns":11},{"damage":0,"enemies":"Chosen and Byrds","floor":24,"turns":6},{"damage":0,"enemies":"Centurion and Healer","floor":25,"turns":6},{"damage":5,"enemies":"Snecko","floor":28,"turns":5},{"damage":3,"enemies":"Book of Stabbing","floor":29,"turns":5},{"damage":1,"enemies":"3 Cultists","floor":31,"turns":5},{"damage":25,"enemies":"Automaton","floor":33,"turns":14},{"damage":33,"enemies":"3 Darklings","floor":35,"turns":9},{"damage":2,"enemies":"Orb Walker","floor":36,"turns":4},{"damage":23,"enemies":"Transient","floor":37,"turns":5},{"damage":10,"enemies":"4 Shapes","floor":39,"turns":6},{"damage":8,"enemies":"3 Darklings","floor":41,"turns":6},{"damage":8,"enemies":"Maw","floor":42,"turns":9},{"damage":1,"enemies":"Writhing Mass","floor":48,"turns":6},{"damage":49,"enemies":"Donu and Deca","floor":50,"turns":10}],"seed_played":"3592650304927338490","potions_obtained":[{"floor":1,"key":"Block Potion"},{"floor":2,"key":"EssenceOfSteel"},{"floor":8,"key":"Energy Potion"},{"floor":13,"key":"LiquidBronze"},{"floor":18,"key":"AttackPotion"},{"floor":19,"key":"SteroidPotion"},{"floor":22,"key":"Swift Potion"},{"floor":23,"key":"LiquidBronze"},{"floor":24,"key":"Dexterity Potion"},{"floor":25,"key":"Explosive Potion"},{"floor":28,"key":"Poison Potion"},{"floor":29,"key":"Energy Potion"},{"floor":31,"key":"Regen Potion"},{"floor":33,"key":"Strength Potion"},{"floor":35,"key":"Weak Potion"},{"floor":36,"key":"Dexterity Potion"},{"floor":39,"key":"Block Potion"},{"floor":41,"key":"FairyPotion"}],"is_trial":false,"path_per_floor":["M","M","$","M","M","E","$","E","T","R","E","R","M","?","R","B",null,"M","M","$","?","M","E","M","M","T","R","M","E","R","M","R","B",null,"M","M","M","?","M","R","M","M","T","R","?","R","?","M","R","B",null],"character_chosen":"THE_SILENT","items_purchased":["Leg Sweep","Noxious Fumes","Poisoned Stab","Vajra"],"campfire_rested":3,"item_purchase_floors":[3,7,20,20],"current_hp_per_floor":[70,69,69,67,64,50,50,34,44,44,44,44,41,41,41,39,80,66,64,64,64,52,13,13,13,13,37,32,29,29,28,52,42,80,47,45,22,22,12,36,28,20,20,20,70,70,70,69,69,20],"gold":18,"neow_bonus":"BOSS_RELIC","is_prod":false,"is_daily":false,"chose_seed":false,"campfire_upgraded":7,"win_rate":0,"timestamp":1545035592,"path_taken":["M","M","$","M","M","E","$","E","T","R","E","R","M","?","R","BOSS","M","?","$","?","M","E","M","?","T","R","M","E","R","M","R","BOSS","M","M","M","?","M","R","M","?","T","R","?","R","?","M","R","BOSS"],"build_version":"2018-12-13","purchased_purges":1,"victory":true,"max_hp_per_floor":[70,70,70,70,70,70,70,70,80,80,80,80,80,80,80,80,80,80,80,80,80,80,80,80,80,80,80,80,80,80,80,80,80,80,80,80,80,80,80,80,80,80,80,80,70,70,70,70,70,70],"card_choices":[{"not_picked":["Heel Hook","Deflect"],"picked":"Backstab","floor":1},{"not_picked":["Poisoned Stab","Crippling Poison"],"picked":"Backflip","floor":2},{"not_picked":["Bane","Sucker Punch"],"picked":"Acrobatics","floor":4},{"not_picked":["Crippling Poison","Bane"],"picked":"Infinite Blades","floor":5},{"not_picked":["Sucker Punch","Night Terror"],"picked":"Slice","floor":6},{"not_picked":["Deadly Poison","Poisoned Stab"],"picked":"Finisher","floor":8},{"not_picked":["Storm of Steel","Blade Dance","Outmaneuver"],"picked":"SKIP","floor":11},{"not_picked":["Poisoned Stab","All Out Attack","Underhanded Strike"],"picked":"SKIP","floor":13},{"not_picked":["Storm of Steel","Doppelganger"],"picked":"Tools of the Trade","floor":16},{"not_picked":["Outmaneuver","Predator"],"picked":"Backflip+1","floor":18},{"not_picked":["Bane","Prepared+1"],"picked":"Cloak And Dagger","floor":19},{"not_picked":["Dagger Throw","Backflip+1"],"picked":"PiercingWail","floor":22},{"not_picked":["Endless Agony+1","Backflip"],"picked":"Deflect","floor":23},{"not_picked":["Backflip","Riddle With Holes+1"],"picked":"Adrenaline","floor":24},{"not_picked":["Leg Sweep","Riddle With Holes+1"],"picked":"Blur","floor":25},{"not_picked":["Accuracy","Flying Knee+1"],"picked":"Cloak And Dagger","floor":28},{"not_picked":["Deadly Poison","Endless Agony+1","Riddle With Holes+1"],"picked":"SKIP","floor":29},{"not_picked":["Sucker Punch+1","Distraction"],"picked":"Dodge and Roll","floor":31},{"not_picked":["Storm of Steel","Night Terror"],"picked":"Bullet Time","floor":33},{"not_picked":["Bane+1","Poisoned Stab+1"],"picked":"Well Laid Plans+1","floor":34},{"not_picked":["Finisher+1","Quick Slash+1"],"picked":"Deflect+1","floor":35},{"not_picked":["Dagger Throw+1","Predator+1"],"picked":"Caltrops+1","floor":36},{"not_picked":["Cloak And Dagger","Underhanded Strike+1","Deadly Poison"],"picked":"SKIP","floor":37},{"not_picked":["Dagger Throw+1","Blade Dance+1"],"picked":"A Thousand Cuts","floor":39},{"not_picked":["Predator+1","Acrobatics"],"picked":"Poisoned Stab+1","floor":41},{"not_picked":["Well Laid Plans","Heel Hook+1","PiercingWail+1"],"picked":"SKIP","floor":42},{"not_picked":["Distraction","Blade Dance","Crippling Poison"],"picked":"SKIP","floor":48}],"player_experience":201013,"relics_obtained":[{"floor":6,"key":"Paper Crane"},{"floor":6,"key":"Bottled Tornado"},{"floor":8,"key":"Potion Belt"},{"floor":8,"key":"Whetstone"},{"floor":9,"key":"Pear"},{"floor":11,"key":"Art of War"},{"floor":11,"key":"Smiling Mask"},{"floor":23,"key":"Happy Flower"},{"floor":23,"key":"Molten Egg 2"},{"floor":26,"key":"Mercury Hourglass"},{"floor":29,"key":"Dodecahedron"},{"floor":29,"key":"The Courier"},{"floor":43,"key":"Snake Skull"}],"event_choices":[{"damage_healed":0,"gold_gain":0,"player_choice":"Upgraded","damage_taken":0,"max_hp_gain":0,"max_hp_loss":0,"event_name":"Upgrade Shrine","floor":14,"gold_loss":0,"cards_upgraded":["Survivor"]},{"cards_removed":["Strike_G"],"damage_healed":0,"gold_gain":0,"player_choice":"Purged","damage_taken":0,"max_hp_gain":0,"max_hp_loss":0,"event_name":"Purifier","floor":21,"gold_loss":0},{"damage_healed":0,"gold_gain":0,"cards_transformed":["Strike_G"],"player_choice":"Transformed","damage_taken":0,"max_hp_gain":0,"max_hp_loss":0,"event_name":"Transmorgrifier","floor":38,"gold_loss":0,"cards_obtained":["Tactician"]},{"damage_healed":70,"gold_gain":0,"player_choice":"Heal","damage_taken":0,"max_hp_gain":0,"max_hp_loss":10,"event_name":"The Moai Head","floor":45,"gold_loss":0},{"damage_healed":0,"gold_gain":0,"player_choice":"Paid","damage_taken":0,"relics_obtained":["Red Mask"],"max_hp_gain":0,"max_hp_loss":0,"event_name":"Tomb of Lord Red Mask","floor":47,"gold_loss":351}],"is_beta":false,"boss_relics":[{"not_picked":["Snecko Eye","Ectoplasm"],"picked":"White Beast Statue"},{"not_picked":["Runic Pyramid","Velvet Choker"],"picked":"Orrery"}],"items_purged_floors":[20],"is_endless":false,"potions_floor_spawned":[1,2,8,13,18,19,22,23,24,25,28,29,31,33,35,36,37,39,41,42,48],"ascension_level":2}