{"path_per_floor":["M","?","?","$","M","R","M","R","T","R","$","M","E","M","R","B",null,"M","?","?"],"character_chosen":"THE_SILENT","items_purchased":["Well Laid Plans"],"gold_per_floor":[114,114,114,39,54,54,69,69,94,94,14,29,59,74,74,174,174,189,189,189],"floor_reached":21,"campfire_rested":1,"playtime":1216,"current_hp_per_floor":[70,70,70,70,69,69,65,65,65,65,65,64,50,36,57,17,17,24,24,24],"items_purged":["Strike_G"],"gold":189,"score":177,"play_id":"5cd969ab-9963-45b4-9208-e247c835699b","local_time":"20180304121556","daily_mods":[{"name":"Diverse","description":"Start with 2 cards from another class.","modID":"Diverse","img":{"data":{"file":{"file":{"path":"images\\ui\\run_mods\\diverse.png"},"type":"Internal"},"width":64,"height":64,"format":"RGBA8888","useMipMaps":false,"isPrepared":false},"glTarget":3553,"glHandle":685,"minFilter":"Linear","magFilter":"Linear","uWrap":"ClampToEdge","vWrap":"ClampToEdge"},"positive":true},{"name":"Lethal Enemies","description":"All enemies start with +3 Strength.","modID":"Lethal Enemies","img":{"data":{"file":{"file":{"path":"images\\ui\\run_mods\\lethal_enemies.png"},"type":"Internal"},"width":64,"height":64,"format":"RGBA8888","useMipMaps":false,"isPrepared":false},"glTarget":3553,"glHandle":675,"minFilter":"Linear","magFilter":"Linear","uWrap":"ClampToEdge","vWrap":"ClampToEdge"},"positive":false},{"name":"Restless Journey","description":"You no longer heal when entering new acts.","modID":"Restless Journey","img":{"data":{"file":{"file":{"path":"images\\ui\\run_mods\\restless_journey.png"},"type":"Internal"},"width":64,"height":64,"format":"RGBA8888","useMipMaps":false,"isPrepared":false},"glTarget":3553,"glHandle":676,"minFilter":"Linear","magFilter":"Linear","uWrap":"ClampToEdge","vWrap":"ClampToEdge"},"positive":false},{"name":"Binary","description":"Card rewards contain only 2 cards.","modID":"Binary","img":{"data":{"file":{"file":{"path":"images\\ui\\run_mods\\binary.png"},"type":"Internal"},"width":64,"height":64,"format":"RGBA8888","useMipMaps":false,"isPrepared":false},"glTarget":3553,"glHandle":680,"minFilter":"Linear","magFilter":"Linear","uWrap":"ClampToEdge","vWrap":"ClampToEdge"},"positive":false}],"is_prod":false,"is_daily":true,"is_ascension_mode":false,"campfire_upgraded":3,"timestamp":1520165756,"path_taken":["M","?","?","?","M","R","M","R","T","R","$","M","E","M","R","BOSS","M","?","?","M"],"build_version":"2018-03-01-PROD1","purchased_purges":1,"victory":false,"master_deck":["Defend_G","Defend_G","Defend_G","Defend_G","Defend_G","Strike_G","Strike_G","Strike_G","Strike_G","Survivor","Neutralize","Noxious Fumes+1","Cloak And Dagger","Poisoned Stab+1","Backflip+1","Well Laid Plans","Sucker Punch","Catalyst","Envenom","Poisoned Stab","Noxious Fumes+1"],"max_hp_per_floor":[70,70,70,70,70,70,70,70,70,70,70,70,70,70,70,70,70,70,70,70],"relics":["Ring of the Snake","Vajra","Sundial","Lizard Tail"],"card_choices":[{"not_picked":["PiercingWail"],"picked":"Noxious Fumes"},{"not_picked":["Outmaneuver"],"picked":"Poisoned Stab"},{"not_picked":["Dagger Spray"],"picked":"Backflip"},{"not_picked":["Acrobatics"],"picked":"Sucker Punch"},{"not_picked":["Deflect"],"picked":"Catalyst"},{"not_picked":["Grand Finale"],"picked":"Envenom"},{"not_picked":["Crippling Poison"],"picked":"Poisoned Stab"}],"player_experience":119096,"potions_floor_usage":[13,16],"damage_taken":[{"damage":0,"enemies":"Small Slimes","floor":1,"turns":4},{"damage":1,"enemies":"Cultist","floor":5,"turns":5},{"damage":4,"enemies":"2 Louse","floor":7,"turns":3},{"damage":1,"enemies":"Exordium Wildlife","floor":12,"turns":4},{"damage":14,"enemies":"3 Sentries","floor":13,"turns":6},{"damage":14,"enemies":"Exordium Thugs","floor":14,"turns":4},{"damage":40,"enemies":"Slime Boss","floor":16,"turns":10},{"damage":28,"enemies":"Spheric Guardian","floor":18,"turns":6},{"damage":25,"enemies":"3 Byrds","floor":21,"turns":2}],"event_choices":[{"event_name":"Transmorgrifier","player_choice":"Transform","floor":2,"damage_taken":0},{"event_name":"Bonfire Elementals","player_choice":"UNCOMMON","floor":3,"damage_taken":0},{"event_name":"Cursed Tome","player_choice":"Ignored","floor":19,"damage_taken":0},{"event_name":"Duplicator","player_choice":"One dupe","floor":20,"damage_taken":0}],"boss_relics":[{"not_picked":["White Beast Statue","Astrolabe"],"picked":"Lizard Tail"}],"potions_floor_spawned":[1,12,13],"seed_played":"2393319582917663715","killed_by":"3 Byrds","ascension_level":0,"is_trial":false}