{"gold_per_floor":[117,117,137,137,151,151,184,202,229,258,258,297,297,3,3,134,134,158,171,184,184],"floor_reached":21,"playtime":1295,"items_purged":["Strike_G"],"score":219,"play_id":"30a0037f-5364-499b-b115-9c35a66b5435","local_time":"20181022020424","is_ascension_mode":true,"campfire_choices":[{"data":"Neutralize","floor":6,"key":"SMITH"},{"data":"Noxious Fumes","floor":13,"key":"SMITH"},{"floor":15,"key":"REST"}],"neow_cost":"NONE","seed_source_timestamp":720467591299256,"circlet_count":0,"master_deck":["Defend_G","Defend_G","Defend_G","Strike_G+1","Strike_G","Strike_G+1","Survivor","Neutralize+1","Dagger Spray","Crippling Poison","Flying Knee","Well Laid Plans","Predator","Backflip","Noxious Fumes+1","Noxious Fumes","Bullet Time","Dodge and Roll","Bane","Noxious Fumes"],"relics":["Ring of the Snake","NeowsBlessing","Omamori","Strawberry","Bronze Scales","Golden Idol","Blue Candle","Oddly Smooth Stone","Empty Cage"],"potions_floor_usage":[12],"damage_taken":[{"damage":0,"enemies":"Jaw Worm","floor":1,"turns":1},{"damage":0,"enemies":"Small Slimes","floor":3,"turns":1},{"damage":0,"enemies":"Cultist","floor":5,"turns":1},{"damage":28,"enemies":"Lagavulin","floor":7,"turns":7},{"damage":5,"enemies":"Blue Slaver","floor":8,"turns":4},{"damage":13,"enemies":"3 Sentries","floor":10,"turns":6},{"damage":10,"enemies":"Gremlin Nob","floor":12,"turns":3},{"damage":18,"enemies":"Hexaghost","floor":16,"turns":8},{"damage":30,"enemies":"2 Thieves","floor":18,"turns":4},{"damage":12,"enemies":"Chosen","floor":19,"turns":5},{"damage":12,"enemies":"3 Cultists","floor":20,"turns":5},{"damage":27,"enemies":"Sentry and Sphere","floor":21,"turns":5}],"seed_played":"5981364479409693301","potions_obtained":[{"floor":3,"key":"Explosive Potion"},{"floor":7,"key":"GamblersBrew"},{"floor":8,"key":"Swift Potion"},{"floor":19,"key":"Weak Potion"},{"floor":20,"key":"GhostInAJar"}],"is_trial":false,"path_per_floor":["M","?","M","?","M","R","E","M","T","E","?","E","R","$","R","B",null,"M","M","M"],"character_chosen":"THE_SILENT","items_purchased":["Oddly Smooth Stone","Noxious Fumes"],"campfire_rested":1,"item_purchase_floors":[14,14],"current_hp_per_floor":[70,70,70,56,56,56,28,23,30,17,17,7,7,7,30,12,77,47,35,23,0],"gold":184,"neow_bonus":"THREE_ENEMY_KILL","is_prod":false,"is_daily":false,"chose_seed":false,"campfire_upgraded":2,"win_rate":0,"timestamp":1540166664,"path_taken":["M","?","M","?","?","R","E","M","T","E","?","E","R","$","R","BOSS","M","M","M","M"],"build_version":"2018-10-18","purchased_purges":1,"victory":false,"max_hp_per_floor":[70,70,70,70,70,70,70,70,77,77,77,77,77,77,77,77,77,77,77,77,77],"card_choices":[{"not_picked":["Bane","Dagger Spray","Dodge and Roll"],"picked":"SKIP","floor":1},{"not_picked":["Bane","Dodge and Roll"],"picked":"Dagger Spray","floor":1},{"not_picked":["All Out Attack","Poisoned Stab"],"picked":"Crippling Poison","floor":3},{"not_picked":["Slice","Dash"],"picked":"Flying Knee","floor":5},{"not_picked":["Poisoned Stab","Bullet Time"],"picked":"Well Laid Plans","floor":7},{"not_picked":["Dagger Spray","Flechettes"],"picked":"Predator","floor":8},{"not_picked":["Sucker Punch","Finisher"],"picked":"Backflip","floor":10},{"not_picked":["Sucker Punch","Choke"],"picked":"Noxious Fumes","floor":12},{"not_picked":["Envenom","A Thousand Cuts"],"picked":"Bullet Time","floor":16},{"not_picked":["Dagger Spray","Blur"],"picked":"Dodge and Roll","floor":18},{"not_picked":["Outmaneuver","PiercingWail+1"],"picked":"Bane","floor":19},{"not_picked":["Dodge and Roll","Caltrops"],"picked":"Noxious Fumes","floor":20}],"player_experience":216587,"relics_obtained":[{"floor":7,"key":"Omamori"},{"floor":9,"key":"Strawberry"},{"floor":10,"key":"Bronze Scales"},{"floor":12,"key":"Blue Candle"}],"event_choices":[{"cards_removed":["Defend_G"],"damage_healed":0,"gold_gain":0,"player_choice":"Forget","damage_taken":0,"max_hp_gain":0,"max_hp_loss":0,"event_name":"Living Wall","floor":2,"gold_loss":0},{"damage_healed":0,"gold_gain":0,"player_choice":"Entered Light","damage_taken":14,"max_hp_gain":0,"max_hp_loss":0,"event_name":"Shining Light","floor":4,"gold_loss":0,"cards_upgraded":["Strike_G","Strike_G"]},{"damage_healed":0,"gold_gain":0,"player_choice":"Take Wound","damage_taken":0,"relics_obtained":["Golden Idol"],"max_hp_gain":0,"max_hp_loss":0,"event_name":"Golden Idol","floor":11,"gold_loss":0,"cards_obtained":["Injury"]}],"is_beta":false,"boss_relics":[{"not_picked":["Busted Crown","Eternal Feather"],"picked":"Empty Cage"}],"items_purged_floors":[14],"is_endless":false,"potions_floor_spawned":[3,7,8,19,20],"killed_by":"Sentry and Sphere","ascension_level":2}