{"gold_per_floor":[115,12,27,27,27,53,53,85,108,108,121,151,161,175,175,276,276,288,308,53,73,0,0,17,17],"floor_reached":25,"playtime":1256,"items_purged":[],"score":285,"play_id":"9b5d45e9-d5f8-42df-9e20-8ad386f01f3b","local_time":"20190129231322","is_ascension_mode":true,"campfire_choices":[{"floor":7,"key":"RECALL"},{"floor":10,"key":"REST"},{"floor":15,"key":"REST"},{"floor":23,"key":"REST"}],"neow_cost":"NONE","seed_source_timestamp":1749557106885333,"circlet_count":0,"master_deck":["Zap+1","Dualcast","Steam","Turbo","Cold Snap","Sweeping Beam","Gash","Sweeping Beam+1","Redo","BootSequence","Beam Cell+1","Go for the Eyes+1","Thunder Strike+1","Double Energy","BootSequence","Sweeping Beam+1","Amplify","Turbo","Chaos","Reinforced Body","Creative AI","Turbo","Self Repair+1","Gash+1","Hologram"],"relics":["Cracked Core","NeowsBlessing","Ancient Tea Set","Molten Egg 2","Vajra","Pandora\u0027s Box","ClockworkSouvenir"],"potions_floor_usage":[8,16,16,18,21,25],"damage_taken":[{"damage":0,"enemies":"Jaw Worm","floor":1,"turns":1},{"damage":0,"enemies":"2 Louse","floor":3,"turns":1},{"damage":0,"enemies":"Lagavulin","floor":6,"turns":1},{"damage":17,"enemies":"Gremlin Nob","floor":8,"turns":4},{"damage":0,"enemies":"Small Slimes","floor":11,"turns":3},{"damage":17,"enemies":"3 Sentries","floor":12,"turns":4},{"damage":0,"enemies":"Looter","floor":13,"turns":3},{"damage":0,"enemies":"Blue Slaver","floor":14,"turns":2},{"damage":46,"enemies":"The Guardian","floor":16,"turns":9},{"damage":15,"enemies":"3 Byrds","floor":18,"turns":3},{"damage":12,"enemies":"Chosen","floor":19,"turns":5},{"damage":36,"enemies":"3 Cultists","floor":21,"turns":5},{"damage":9,"enemies":"Shelled Parasite and Fungi","floor":24,"turns":5},{"damage":74,"enemies":"Book of Stabbing","floor":25,"turns":5}],"seed_played":"-1527276238023339041","potions_obtained":[{"floor":1,"key":"SpeedPotion"},{"floor":3,"key":"Energy Potion"},{"floor":8,"key":"GamblersBrew"},{"floor":13,"key":"Explosive Potion"},{"floor":18,"key":"Regen Potion"}],"is_trial":false,"path_per_floor":["M","$","M","?","?","E","R","E","T","R","M","E","M","M","R","B",null,"M","M","$","M","?","R","M","E"],"character_chosen":"DEFECT","items_purchased":["Turbo","Cold Snap","ClockworkSouvenir","AttackPotion"],"campfire_rested":3,"item_purchase_floors":[2,2,20,20],"current_hp_per_floor":[75,75,75,60,60,60,60,43,43,65,65,48,48,48,70,24,75,60,48,48,32,32,54,55,0],"gold":17,"neow_bonus":"THREE_ENEMY_KILL","is_prod":false,"is_daily":false,"chose_seed":false,"campfire_upgraded":0,"win_rate":0,"timestamp":1548810802,"path_taken":["M","$","M","?","?","E","R","E","T","R","M","E","M","M","R","BOSS","M","M","$","M","?","R","M","E"],"build_version":"2019-01-23","purchased_purges":0,"victory":false,"max_hp_per_floor":[75,75,75,75,75,75,75,75,75,75,75,75,75,75,75,75,75,75,75,75,75,75,75,75,75],"card_choices":[{"not_picked":["Heatsinks","Chaos"],"picked":"Steam","floor":1},{"not_picked":["Rip and Tear","Turbo"],"picked":"Sweeping Beam","floor":3},{"not_picked":["Lockon","Doom and Gloom"],"picked":"Gash","floor":6},{"not_picked":["Barrage","Streamline"],"picked":"Sweeping Beam","floor":8},{"not_picked":["Rebound+1","Beam Cell+1"],"picked":"Redo","floor":11},{"not_picked":["Cold Snap+1","Self Repair"],"picked":"BootSequence","floor":12},{"not_picked":["Glacier","Steam"],"picked":"Beam Cell+1","floor":13},{"not_picked":["Rip and Tear+1","Aggregate"],"picked":"Go for the Eyes+1","floor":14},{"not_picked":["Amplify","Machine Learning"],"picked":"Thunder Strike+1","floor":16},{"not_picked":["Compile Driver+1","Chill+1"],"picked":"Turbo","floor":18},{"not_picked":["Auto Shields","Sweeping Beam+1"],"picked":"Self Repair+1","floor":19},{"not_picked":["Recycle+1","Sunder+1"],"picked":"Gash+1","floor":21},{"not_picked":["Rebound+1","Creative AI"],"picked":"Hologram","floor":24}],"player_experience":83524,"relics_obtained":[{"floor":6,"key":"Ancient Tea Set"},{"floor":8,"key":"Molten Egg 2"},{"floor":12,"key":"Vajra"}],"event_choices":[{"damage_healed":0,"gold_gain":0,"player_choice":"Entered Light","damage_taken":15,"max_hp_gain":0,"max_hp_loss":0,"event_name":"Shining Light","floor":4,"gold_loss":0,"cards_upgraded":["Zap","Strike_B"]},{"damage_healed":0,"gold_gain":0,"player_choice":"Ignored","damage_taken":0,"max_hp_gain":0,"max_hp_loss":0,"event_name":"Golden Wing","floor":5,"gold_loss":0},{"damage_healed":0,"gold_gain":0,"player_choice":"Paid Fearfully","damage_taken":0,"max_hp_gain":0,"max_hp_loss":0,"event_name":"Masked Bandits","floor":22,"gold_loss":73}],"is_beta":false,"boss_relics":[{"not_picked":["Calling Bell","Orrery"],"picked":"Pandora\u0027s Box"}],"items_purged_floors":[],"is_endless":false,"potions_floor_spawned":[1,3,8,13,18],"killed_by":"Book of Stabbing","ascension_level":3}