{"gold_per_floor":[111,128,128,148,24,53,53,72,72,88,88,13,45,45,45,45],"floor_reached":16,"playtime":742,"items_purged":["Doubt"],"score":193,"play_id":"cf63f7e3-8149-47af-b7d2-efd92ffa7b88","local_time":"20190114134428","is_ascension_mode":true,"campfire_choices":[{"data":"Combust","floor":7,"key":"SMITH"},{"data":"Bash","floor":11,"key":"SMITH"},{"data":"Rampage","floor":15,"key":"SMITH"}],"neow_cost":"CURSE","seed_source_timestamp":329189396090946,"circlet_count":0,"master_deck":["AscendersBane","Strike_R","Defend_R","Defend_R","Defend_R","Defend_R","Bash+1","Bloodletting","Cleave","Pommel Strike","Clothesline","Whirlwind","Combust+1","Power Through","Rampage+1"],"relics":["Burning Blood","Magic Flower","Turnip"],"potions_floor_usage":[13],"damage_taken":[{"damage":3,"enemies":"2 Louse","floor":1,"turns":3},{"damage":10,"enemies":"Small Slimes","floor":2,"turns":4},{"damage":4,"enemies":"Jaw Worm","floor":4,"turns":4},{"damage":50,"enemies":"Lagavulin","floor":6,"turns":8},{"damage":5,"enemies":"Large Slime","floor":8,"turns":4},{"damage":4,"enemies":"2 Fungi Beasts","floor":10,"turns":2},{"damage":10,"enemies":"Gremlin Nob","floor":13,"turns":3},{"damage":37,"enemies":"The Guardian","floor":16,"turns":8}],"seed_played":"1616026524917909178","potions_obtained":[{"floor":1,"key":"SteroidPotion"},{"floor":13,"key":"SteroidPotion"}],"is_trial":false,"path_per_floor":["M","M","?","M","$","E","R","M","T","M","R","?","E","?","R","B"],"character_chosen":"IRONCLAD","items_purchased":["Fire Potion"],"campfire_rested":0,"item_purchase_floors":[5],"current_hp_per_floor":[71,67,72,74,74,30,30,34,34,39,39,39,38,31,31,0],"gold":45,"neow_bonus":"TRANSFORM_TWO_CARDS","is_prod":false,"is_daily":false,"chose_seed":false,"campfire_upgraded":3,"win_rate":0,"timestamp":1547469868,"path_taken":["M","M","?","M","$","E","R","M","T","M","R","?","E","?","R","BOSS"],"build_version":"2019-01-10","purchased_purges":1,"victory":false,"max_hp_per_floor":[75,75,80,80,80,80,80,80,80,80,80,80,80,80,80,80],"card_choices":[{"not_picked":["True Grit","Armaments"],"picked":"Pommel Strike","floor":1},{"not_picked":["Pummel","Twin Strike"],"picked":"Clothesline","floor":2},{"not_picked":["Fire Breathing","Twin Strike"],"picked":"Whirlwind","floor":4},{"not_picked":["Anger","Bloodletting"],"picked":"Combust","floor":6},{"not_picked":["Clothesline","Intimidate","Carnage"],"picked":"SKIP","floor":8},{"not_picked":["Clothesline","Intimidate"],"picked":"Power Through","floor":10},{"not_picked":["Bloodletting","Fire Breathing"],"picked":"Rampage","floor":13}],"player_experience":859982,"relics_obtained":[{"floor":6,"key":"Magic Flower"},{"floor":13,"key":"Turnip"}],"event_choices":[{"damage_healed":0,"gold_gain":0,"player_choice":"Donut","damage_taken":0,"max_hp_gain":5,"max_hp_loss":0,"event_name":"Big Fish","floor":3,"gold_loss":0},{"cards_removed":["Strike_R"],"damage_healed":0,"gold_gain":0,"player_choice":"Card Removal","damage_taken":0,"max_hp_gain":0,"max_hp_loss":0,"event_name":"The Cleric","floor":12,"gold_loss":75},{"cards_removed":["Strike_R"],"damage_healed":0,"gold_gain":0,"player_choice":"Card Removal","damage_taken":7,"max_hp_gain":0,"max_hp_loss":0,"event_name":"Golden Wing","floor":14,"gold_loss":0}],"is_beta":false,"boss_relics":[],"items_purged_floors":[5],"is_endless":false,"potions_floor_spawned":[1,8,13],"killed_by":"The Guardian","ascension_level":15}