{"gold_per_floor":[113,113,63,78,5,34,47,47,93,93,93,117,148,73,73,199,199,222,238,238,238,263,297,297,297],"floor_reached":25,"playtime":2342,"items_purged":["Strike_R"],"score":229,"play_id":"3092bae6-5120-4305-8446-2a257758091e","local_time":"20190202090856","is_ascension_mode":false,"campfire_choices":[{"floor":10.0,"key":"REST"},{"floor":15.0,"key":"REST"},{"floor":24,"key":"REST"}],"neow_cost":"NONE","seed_source_timestamp":1399425270005,"circlet_count":0,"master_deck":["Strike_R","Strike_R","Strike_R","Defend_R","Defend_R","Defend_R","Defend_R","Bash+1","Double Tap","Shrug It Off+1","Iron Wave","Metallicize","Shrug It Off","Armaments","Body Slam","Impervious","Infernal Blade+1","Rampage","Reckless Charge","Armaments+1"],"special_seed":0,"relics":["Black Blood","Orichalcum","Golden Idol","Juzu Bracelet","Self Forming Clay","Dream Catcher"],"potions_floor_usage":[22,23],"damage_taken":[{"damage":7.0,"enemies":"2 Louse","floor":1.0,"turns":2.0},{"damage":0.0,"enemies":"Small Slimes","floor":4.0,"turns":4.0},{"damage":16.0,"enemies":"3 Sentries","floor":6.0,"turns":14.0},{"damage":0.0,"enemies":"Jaw Worm","floor":7.0,"turns":7.0},{"damage":6.0,"enemies":"2 Fungi Beasts","floor":12.0,"turns":4.0},{"damage":30.0,"enemies":"Lagavulin","floor":13.0,"turns":12.0},{"damage":35.0,"enemies":"The Guardian","floor":16.0,"turns":17.0},{"damage":30.0,"enemies":"3 Byrds","floor":18.0,"turns":10.0},{"damage":5.0,"enemies":"Shell Parasite","floor":19.0,"turns":8.0},{"damage":33,"enemies":"Sentry and Sphere","floor":22,"turns":10},{"damage":33,"enemies":"Slavers","floor":23,"turns":13},{"damage":65,"enemies":"Book of Stabbing","floor":25,"turns":10}],"seed_played":"8054718774211573414","potions_obtained":[{"floor":1.0,"key":"AttackPotion"},{"floor":12.0,"key":"SpeedPotion"},{"floor":13.0,"key":"Explosive Potion"},{"floor":18.0,"key":"Regen Potion"}],"is_trial":false,"path_per_floor":["M","?","?","M","$","E","M","?","T","R","?","M","E","$","R","B",null,"M","M","?","$","M","E","R","E"],"character_chosen":"IRONCLAD","items_purchased":["Metallicize"],"campfire_rested":3,"item_purchase_floors":[5],"current_hp_per_floor":[79,84,84,85,85,75,81,60,60,85,68,68,44,44,69,40,85,65,70,70,70,47,39,64,0],"gold":297,"neow_bonus":"ONE_RANDOM_RARE_CARD","is_prod":false,"is_daily":false,"chose_seed":false,"campfire_upgraded":0,"win_rate":0,"timestamp":1549120136,"path_taken":["M","?","?","M","$","E","M","?","T","R","?","M","E","$","R","BOSS","M","M","?","$","M","E","R","E"],"build_version":"2019-01-23","purchased_purges":1,"victory":false,"max_hp_per_floor":[80,85,85,85,85,85,85,85,85,85,85,85,85,85,85,85,85,85,85,85,85,85,85,85,85],"card_choices":[{"not_picked":["Burning Pact","Anger"],"picked":"Shrug It Off","floor":1.0},{"not_picked":["Feel No Pain","Sword Boomerang"],"picked":"Iron Wave","floor":4.0},{"not_picked":["Seeing Red","Dropkick"],"picked":"Shrug It Off","floor":6.0},{"not_picked":["Iron Wave","Warcry"],"picked":"Armaments","floor":7.0},{"not_picked":["Anger","Twin Strike"],"picked":"Body Slam","floor":12.0},{"not_picked":["Anger","Bloodletting","Heavy Blade"],"picked":"SKIP","floor":13.0},{"not_picked":["Exhume","Bludgeon"],"picked":"Impervious","floor":16.0},{"not_picked":["Iron Wave","Perfected Strike"],"picked":"Infernal Blade+1","floor":18.0},{"not_picked":["Searing Blow","Hemokinesis"],"picked":"Rampage","floor":19.0},{"not_picked":["Searing Blow","Anger+1"],"picked":"Reckless Charge","floor":22},{"not_picked":["Reckless Charge","Sentinel","Body Slam"],"picked":"SKIP","floor":23},{"not_picked":["Infernal Blade+1","Body Slam+1"],"picked":"Armaments+1","floor":24}],"player_experience":362746,"relics_obtained":[{"floor":6.0,"key":"Orichalcum"},{"floor":9.0,"key":"Juzu Bracelet"},{"floor":13.0,"key":"Self Forming Clay"},{"floor":23,"key":"Dream Catcher"}],"event_choices":[{"damage_healed":0.0,"max_hp_gain":5.0,"max_hp_loss":0.0,"gold_gain":0.0,"event_name":"Big Fish","player_choice":"Donut","floor":2.0,"gold_loss":0.0,"damage_taken":0.0},{"cards_removed":["Strike_R"],"damage_healed":0.0,"max_hp_gain":0.0,"max_hp_loss":0.0,"gold_gain":0.0,"event_name":"The Cleric","player_choice":"Card Removal","floor":3.0,"gold_loss":50.0,"damage_taken":0.0},{"damage_healed":0.0,"max_hp_gain":0.0,"max_hp_loss":0.0,"gold_gain":0.0,"event_name":"Golden Idol","player_choice":"Take Damage","floor":8.0,"gold_loss":0.0,"damage_taken":21.0,"relics_obtained":["Golden Idol"]},{"damage_healed":0.0,"max_hp_gain":0.0,"max_hp_loss":0.0,"gold_gain":0.0,"event_name":"Shining Light","player_choice":"Entered Light","floor":11.0,"gold_loss":0.0,"damage_taken":17.0,"cards_upgraded":["Shrug It Off","Bash"]},{"damage_healed":0.0,"max_hp_gain":0.0,"max_hp_loss":0.0,"gold_gain":0.0,"event_name":"Vampires","player_choice":"Ignored","floor":20.0,"gold_loss":0.0,"damage_taken":0.0}],"is_beta":false,"boss_relics":[{"not_picked":["White Beast Statue","Black Star"],"picked":"Black Blood"}],"items_purged_floors":[14],"is_endless":false,"potions_floor_spawned":[1,12,13,18],"killed_by":"Book of Stabbing","ascension_level":0}