{"path_per_floor":["M","M","M","M","?","R","E","R","T","M","?","M","?","M","R","B",null,"M","?","$","?","$","R","?","E","T","R","M","$","$","M","R"],"character_chosen":"THE_SILENT","items_purchased":["Sadistic Nature","Blood Vial","Bane"],"gold_per_floor":[11,23,41,55,55,55,84,84,84,94,94,104,279,266,266,365,365,376,376,25,25,25,25,25,53,53,53,73,50,50,66,66],"floor_reached":33,"campfire_rested":3,"playtime":4160,"current_hp_per_floor":[65,63,62,61,61,61,49,70,70,70,70,70,70,70,70,45,70,45,45,45,45,45,66,66,54,54,54,50,50,50,36,57],"items_purged":[],"gold":66,"score":265,"play_id":"66becf3f-5b97-422a-9e50-759c8278058b","is_prod":false,"is_daily":false,"is_ascension_mode":false,"campfire_upgraded":3,"path_taken":["M","M","M","M","?","R","E","R","T","M","?","M","?","M","R","BOSS","M","?","$","?","$","R","?","E","T","R","M","?","$","?","R","BOSS"],"build_version":"2018-02-12-PROD1","purchased_purges":0,"victory":false,"master_deck":["Defend_G","Defend_G","Defend_G","Strike_G","Strike_G","Survivor","Neutralize","Dodge and Roll","Poisoned Stab","Poisoned Stab","Caltrops+1","Flying Knee","Bouncing Flask+1","Prepared","Adrenaline","Poisoned Stab+1","Sadistic Nature+1","Prepared+1","Endless Agony+1","Bane","Outmaneuver+1"],"max_hp_per_floor":[70,70,70,70,70,70,70,70,70,70,70,70,70,70,70,70,70,70,70,70,70,70,70,70,70,70,70,70,70,70,70,70],"relics":["Ring of the Snake","Anchor","Omamori","Question Card","Blood Vial","Happy Flower","Sundial"],"card_choices":[{"not_picked":["Eviscerate","Wraith Form"],"picked":"Dodge and Roll"},{"not_picked":["Outmaneuver","All Out Attack"],"picked":"Poisoned Stab"},{"not_picked":["Outmaneuver","All Out Attack"],"picked":"Poisoned Stab"},{"not_picked":["Dash","Dodge and Roll"],"picked":"Caltrops"},{"not_picked":["All Out Attack","Dagger Throw"],"picked":"Flying Knee"},{"not_picked":["Blur","Quick Slash"],"picked":"Bouncing Flask"},{"not_picked":["Slice","Malaise"],"picked":"Prepared"},{"not_picked":["Die Die Die","Doppelganger"],"picked":"Adrenaline"},{"not_picked":["Distraction","Slice","Dagger Spray"],"picked":"Poisoned Stab"},{"not_picked":["Infinite Blades","A Thousand Cuts","Endless Agony"],"picked":"Prepared"},{"not_picked":["Outmaneuver","Blade Dance","Footwork"],"picked":"Endless Agony"},{"not_picked":["Slice","Acrobatics","Flying Knee"],"picked":"Outmaneuver"}],"player_experience":50951,"potions_floor_usage":[7,12,16,25,31,33],"damage_taken":[{"damage":5,"enemies":"Jaw Worm","floor":1,"turns":6},{"damage":2,"enemies":"2 Louse","floor":2,"turns":4},{"damage":1,"enemies":"Blue Slaver","floor":3,"turns":4},{"damage":1,"enemies":"3 Louse","floor":4,"turns":3},{"damage":12,"enemies":"Lagavulin","floor":7,"turns":8},{"damage":0,"enemies":"Red Slaver","floor":10,"turns":4},{"damage":0,"enemies":"Large Slime","floor":12,"turns":3},{"damage":0,"enemies":"Exordium Thugs","floor":14,"turns":4},{"damage":25,"enemies":"Hexaghost","floor":16,"turns":7},{"damage":25,"enemies":"Chosen","floor":18,"turns":4},{"damage":14,"enemies":"Book of Stabbing","floor":25,"turns":5},{"damage":6,"enemies":"Spheric Guardian","floor":28,"turns":3},{"damage":16,"enemies":"Snake Plant","floor":31,"turns":4},{"damage":62,"enemies":"Automaton","floor":33,"turns":8}],"event_choices":[{"event_name":"Living Wall","player_choice":"Forget","floor":5,"damage_taken":0},{"event_name":"Bonfire Elementals","player_choice":"BASIC","floor":11,"damage_taken":0},{"event_name":"Liars Game","player_choice":"agreed","floor":13,"damage_taken":0},{"event_name":"Back to Basics","player_choice":"Elegance","floor":19,"damage_taken":0},{"event_name":"Cursed Tome","player_choice":"Ignored","floor":21,"damage_taken":0},{"event_name":"Addict","player_choice":"Ignored","floor":24,"damage_taken":0}],"boss_relics":[{"not_picked":["Ectoplasm","Cursed Key"],"picked":"Question Card"}],"potions_floor_spawned":[1,4,7,14,18,25],"seed_played":"8957671095843329987","killed_by":"Automaton","ascension_level":0,"is_trial":false}