{"gold_per_floor":[117,117,63,63,13,13,89,101,101,127,156,186,186,202,202,304,304,304,304,304,304,304,304,304,304,304,304,304,304,304,304,304,304,304,304,304,304,23,23,23,23,23,23,23,23,23,23,23,23,23],"floor_reached":50,"playtime":5056,"items_purged":["Strike_B"],"score":652,"play_id":"a3d8f171-95ee-47ca-b3a5-349b0dfdae5f","local_time":"20181216012703","is_ascension_mode":true,"campfire_choices":[{"data":"Zap","floor":6,"key":"SMITH"},{"data":"Sweeping Beam","floor":13,"key":"SMITH"},{"data":"Go for the Eyes","floor":15,"key":"SMITH"},{"floor":29,"key":"REST"},{"data":"Storm","floor":32,"key":"SMITH"},{"data":"Leap","floor":40,"key":"SMITH"},{"data":"Lockon","floor":42,"key":"SMITH"},{"floor":49,"key":"REST"}],"neow_cost":"NONE","seed_source_timestamp":2687467781374480,"circlet_count":0,"master_deck":["Strike_B","Strike_B","Defend_B","Defend_B","Defend_B","Defend_B","Zap+1","Dualcast","Genetic Algorithm+1","Sweeping Beam+1","Leap+1","Hologram","Rebound","Ball Lightning","Go for the Eyes+1","Thunder Strike","Redo","Stack+1","Reprogram","Storm+1","Decay","Buffer","Defragment+1","Hologram","FTL","Machine Learning","Ball Lightning+1","Coolheaded+1","Conserve Battery+1","Lockon+1","Trip","Flash of Steel","Parasite","White Noise"],"relics":["Cracked Core","NeowsBlessing","Meat on the Bone","Pantograph","Strawberry","Odd Mushroom","Shuriken","Ectoplasm","Pen Nib","Mercury Hourglass","Prayer Wheel","Regal Pillow","Cursed Key","ClockworkSouvenir","Pear","Juzu Bracelet"],"potions_floor_usage":[2,12,23,24,33,50,50],"damage_taken":[{"damage":0,"enemies":"Small Slimes","floor":1,"turns":1},{"damage":0,"enemies":"Cultist","floor":8,"turns":1},{"damage":0,"enemies":"Lagavulin","floor":10,"turns":1},{"damage":17,"enemies":"The Mushroom Lair","floor":11,"turns":4},{"damage":31,"enemies":"Gremlin Nob","floor":12,"turns":6},{"damage":2,"enemies":"2 Louse","floor":14,"turns":2},{"damage":25,"enemies":"Slime Boss","floor":16,"turns":9},{"damage":0,"enemies":"Chosen","floor":18,"turns":4},{"damage":10,"enemies":"Shell Parasite","floor":19,"turns":4},{"damage":17,"enemies":"Snake Plant","floor":20,"turns":5},{"damage":22,"enemies":"Snecko","floor":21,"turns":7},{"damage":15,"enemies":"Book of Stabbing","floor":23,"turns":6},{"damage":28,"enemies":"Centurion and Healer","floor":24,"turns":8},{"damage":0,"enemies":"Snake Plant","floor":27,"turns":4},{"damage":30,"enemies":"Gremlin Leader","floor":28,"turns":6},{"damage":0,"enemies":"Snecko","floor":30,"turns":4},{"damage":36,"enemies":"Book of Stabbing","floor":31,"turns":6},{"damage":50,"enemies":"Champ","floor":33,"turns":13},{"damage":4,"enemies":"3 Shapes","floor":35,"turns":3},{"damage":0,"enemies":"3 Darklings","floor":36,"turns":4},{"damage":18,"enemies":"4 Shapes","floor":37,"turns":4},{"damage":0,"enemies":"Transient","floor":39,"turns":5},{"damage":26,"enemies":"Nemesis","floor":41,"turns":7},{"damage":11,"enemies":"Reptomancer","floor":44,"turns":5},{"damage":2,"enemies":"Writhing Mass","floor":46,"turns":5},{"damage":22,"enemies":"Sphere and 2 Shapes","floor":47,"turns":4},{"damage":127,"enemies":"Donu and Deca","floor":50,"turns":8}],"seed_played":"-883797499450781728","potions_obtained":[{"floor":1,"key":"GamblersBrew"},{"floor":2,"key":"Weak Potion"},{"floor":2,"key":"Fruit Juice"},{"floor":2,"key":"FairyPotion"},{"floor":18,"key":"FocusPotion"},{"floor":23,"key":"Regen Potion"},{"floor":27,"key":"Strength Potion"},{"floor":33,"key":"Energy Potion"}],"is_trial":false,"path_per_floor":["M","?","$","?","?","R","T","M","T","E","?","E","R","M","R","B",null,"M","M","M","M","?","E","M","T","T","M","E","R","M","E","R","B",null,"M","M","M","$","M","R","E","R","T","E","?","M","M","?","R","B"],"character_chosen":"DEFECT","items_purchased":["Sweeping Beam","ClockworkSouvenir"],"campfire_rested":2,"item_purchase_floors":[3,38],"current_hp_per_floor":[75,80,80,80,80,80,80,80,80,87,70,51,51,49,49,49,87,87,77,60,50,50,47,46,46,46,46,28,69,69,45,45,32,87,83,83,65,65,65,65,61,61,61,50,40,50,40,40,84,0],"gold":23,"neow_bonus":"THREE_ENEMY_KILL","is_prod":false,"is_daily":false,"chose_seed":false,"campfire_upgraded":6,"win_rate":1,"timestamp":1544945223,"path_taken":["M","?","$","?","?","R","?","?","T","E","?","E","R","M","R","BOSS","M","M","M","M","?","E","M","?","T","M","E","R","M","E","R","BOSS","M","M","M","$","M","R","E","R","T","E","?","M","M","?","R","BOSS"],"build_version":"2018-12-13","purchased_purges":1,"victory":false,"max_hp_per_floor":[75,80,80,80,80,80,80,80,80,87,87,87,87,87,87,87,87,87,87,87,87,87,87,87,87,87,87,87,87,87,87,87,87,87,87,87,87,87,87,87,97,97,97,97,97,97,97,97,97,97],"card_choices":[{"not_picked":["Consume","Capacitor"],"picked":"Genetic Algorithm","floor":1},{"not_picked":["Defragment","Go for the Eyes"],"picked":"Leap","floor":8},{"not_picked":["Aggregate","Cold Snap"],"picked":"Hologram","floor":10},{"not_picked":["Gash","Stack"],"picked":"Rebound","floor":11},{"not_picked":["Creative AI","Loop"],"picked":"Ball Lightning","floor":12},{"not_picked":["Undo","Barrage"],"picked":"Go for the Eyes","floor":14},{"not_picked":["Machine Learning","All For One"],"picked":"Thunder Strike","floor":16},{"not_picked":["Beam Cell","Go for the Eyes+1"],"picked":"Redo","floor":18},{"not_picked":["Coolheaded+1","Barrage"],"picked":"Stack+1","floor":19},{"not_picked":["Sweeping Beam","Stack"],"picked":"Reprogram","floor":20},{"not_picked":["Steam","Leap"],"picked":"Storm","floor":21},{"not_picked":["Blizzard+1","Ball Lightning"],"picked":"Buffer","floor":23},{"not_picked":["Static Discharge","Cold Snap"],"picked":"Defragment+1","floor":24},{"not_picked":["Chaos","Beam Cell"],"picked":"Hologram","floor":27},{"not_picked":["Compile Driver","Beam Cell+1","Sweeping Beam"],"picked":"SKIP","floor":27},{"not_picked":["Chill","Sweeping Beam","Doom and Gloom"],"picked":"SKIP","floor":28},{"not_picked":["Redo","Doom and Gloom+1","Undo"],"picked":"SKIP","floor":30},{"not_picked":["Stack+1","Coolheaded+1","Genetic Algorithm"],"picked":"SKIP","floor":30},{"not_picked":["Blizzard","Ball Lightning"],"picked":"FTL","floor":31},{"not_picked":["All For One","Thunder Strike"],"picked":"Machine Learning","floor":33},{"not_picked":["Hello World+1","Consume"],"picked":"Ball Lightning+1","floor":35},{"not_picked":["Rip and Tear+1","Leap+1","Compile Driver"],"picked":"SKIP","floor":35},{"not_picked":["Aggregate","Doom and Gloom"],"picked":"Coolheaded+1","floor":36},{"not_picked":["Beam Cell","Leap","Cold Snap"],"picked":"SKIP","floor":36},{"not_picked":["Consume","Auto Shields"],"picked":"Conserve Battery+1","floor":37},{"not_picked":["Gash+1","Hologram","Cold Snap+1"],"picked":"SKIP","floor":37},{"not_picked":["Double Energy+1","Sweeping Beam"],"picked":"Lockon","floor":41},{"not_picked":["Glacier+1","Redo","Hologram"],"picked":"SKIP","floor":44},{"not_picked":["Sadistic Nature","Bandage Up"],"picked":"Trip","floor":45},{"not_picked":["Forethought","Secret Technique"],"picked":"Flash of Steel","floor":45},{"not_picked":["Compile Driver+1","Go for the Eyes","Blizzard"],"picked":"SKIP","floor":46},{"not_picked":["Beam Cell+1","Self Repair+1","Streamline"],"picked":"SKIP","floor":46},{"not_picked":["Hologram+1","Streamline+1"],"picked":"White Noise","floor":47},{"not_picked":["Steam","Compile Driver","Streamline+1"],"picked":"SKIP","floor":47}],"player_experience":191819,"relics_obtained":[{"floor":7,"key":"Meat on the Bone"},{"floor":9,"key":"Pantograph"},{"floor":10,"key":"Strawberry"},{"floor":11,"key":"Odd Mushroom"},{"floor":12,"key":"Shuriken"},{"floor":23,"key":"Pen Nib"},{"floor":25,"key":"Mercury Hourglass"},{"floor":26,"key":"Prayer Wheel"},{"floor":28,"key":"Regal Pillow"},{"floor":41,"key":"Pear"},{"floor":44,"key":"Juzu Bracelet"}],"event_choices":[{"damage_healed":0,"gold_gain":0,"player_choice":"Got Potions","damage_taken":0,"max_hp_gain":0,"max_hp_loss":0,"event_name":"Lab","floor":2,"gold_loss":0},{"damage_healed":0,"gold_gain":0,"player_choice":"Grow","damage_taken":0,"max_hp_gain":0,"max_hp_loss":0,"event_name":"Living Wall","floor":4,"gold_loss":0,"cards_upgraded":["Genetic Algorithm"]},{"cards_removed":["Strike_B"],"damage_healed":0,"gold_gain":0,"player_choice":"Card Removal","damage_taken":0,"max_hp_gain":0,"max_hp_loss":0,"event_name":"The Cleric","floor":5,"gold_loss":50},{"damage_healed":0,"gold_gain":0,"player_choice":"Fought Mushrooms","damage_taken":0,"max_hp_gain":0,"max_hp_loss":0,"event_name":"Mushrooms","floor":11,"gold_loss":0},{"damage_healed":0,"gold_gain":0,"player_choice":"Smashed Altar","damage_taken":0,"max_hp_gain":0,"max_hp_loss":0,"event_name":"Forgotten Altar","floor":22,"gold_loss":0,"cards_obtained":["Decay"]},{"damage_healed":0,"gold_gain":0,"player_choice":"Memory 3","damage_taken":10,"max_hp_gain":0,"max_hp_loss":0,"event_name":"SensoryStone","floor":45,"gold_loss":0},{"damage_healed":0,"gold_gain":0,"player_choice":"Leave","damage_taken":0,"max_hp_gain":0,"max_hp_loss":0,"event_name":"FaceTrader","floor":48,"gold_loss":0}],"is_beta":false,"boss_relics":[{"not_picked":["Eternal Feather","Black Star"],"picked":"Ectoplasm"},{"not_picked":["Runic Dome","White Beast Statue"],"picked":"Cursed Key"}],"items_purged_floors":[38],"is_endless":false,"potions_floor_spawned":[1,8,10,18,20,23,27,33,39,44,47],"killed_by":"Donu and Deca","ascension_level":1}