{"gold_per_floor":[110,110,110,35,55,55,65,65,65,95,95,95,95,106,106,209,209,228,246,246,257,269,601,625,637,637,664,664,423,423,423,423,523,523,539,539,551,651,651,651,666,203,226,237,237,251,281,294,294,294],"floor_reached":50,"playtime":2970,"items_purged":["Regret"],"score":692,"play_id":"b3aa74eb-4ef6-4571-bf95-d68abe784e4b","local_time":"20190104141741","is_ascension_mode":true,"campfire_choices":[{"data":"Headbutt","floor":6,"key":"SMITH"},{"data":"Clash","floor":8,"key":"SMITH"},{"data":"Carnage","floor":11,"key":"SMITH"},{"data":"Thunderclap","floor":13,"key":"SMITH"},{"data":"Warcry","floor":15,"key":"SMITH"},{"floor":30,"key":"REST"},{"floor":32,"key":"REST"},{"floor":40,"key":"RECALL"},{"floor":45,"key":"REST"},{"floor":49,"key":"REST"}],"neow_cost":"NONE","seed_source_timestamp":6366515876913,"circlet_count":0,"master_deck":["Defend_R+1","Defend_R+1","Defend_R+1","Defend_R+1","Bash+1","Headbutt+1","Thunderclap+1","Clash+1","Carnage+1","Warcry+1","Bludgeon","Cleave","Metallicize","Seeing Red+1","Pommel Strike+1","Bite+1","Bite+1","Bite+1","Bite+1","Bite+1","PanicButton","Demon Form","Clothesline+1","Ghostly Armor","Heavy Blade+1","Ghostly Armor+1","Dropkick+1"],"relics":["Burning Blood","Paper Frog","Art of War","Anchor","Fusion Hammer","Old Coin","Happy Flower","Shuriken","Molten Egg 2","Bag of Marbles","Sozu","Gambling Chip","Nunchaku","Bag of Preparation","Ancient Tea Set","Bronze Scales"],"potions_floor_usage":[27,33],"damage_taken":[{"damage":18,"enemies":"Jaw Worm","floor":1,"turns":4},{"damage":1,"enemies":"2 Louse","floor":5,"turns":2},{"damage":0,"enemies":"Cultist","floor":7,"turns":2},{"damage":20,"enemies":"3 Sentries","floor":10,"turns":6},{"damage":2,"enemies":"Exordium Thugs","floor":14,"turns":2},{"damage":41,"enemies":"The Guardian","floor":16,"turns":8},{"damage":6,"enemies":"2 Thieves","floor":18,"turns":3},{"damage":0,"enemies":"Chosen","floor":19,"turns":2},{"damage":6,"enemies":"Snake Plant","floor":21,"turns":3},{"damage":15,"enemies":"Shelled Parasite and Fungi","floor":22,"turns":3},{"damage":11,"enemies":"Slavers","floor":23,"turns":4},{"damage":9,"enemies":"3 Cultists","floor":25,"turns":4},{"damage":53,"enemies":"Book of Stabbing","floor":27,"turns":5},{"damage":78,"enemies":"Champ","floor":33,"turns":7},{"damage":0,"enemies":"Orb Walker","floor":35,"turns":1},{"damage":20,"enemies":"3 Shapes","floor":37,"turns":3},{"damage":13,"enemies":"Mind Bloom Boss Battle","floor":38,"turns":4},{"damage":0,"enemies":"Maw","floor":41,"turns":4},{"damage":13,"enemies":"Transient","floor":44,"turns":5},{"damage":0,"enemies":"Sphere and 2 Shapes","floor":46,"turns":3},{"damage":6,"enemies":"Giant Head","floor":47,"turns":5},{"damage":4,"enemies":"3 Darklings","floor":48,"turns":3},{"damage":70,"enemies":"Donu and Deca","floor":50,"turns":5}],"seed_played":"4642686566720698721","potions_obtained":[{"floor":5,"key":"FairyPotion"},{"floor":16,"key":"PowerPotion"},{"floor":18,"key":"PowerPotion"},{"floor":21,"key":"Strength Potion"}],"is_trial":false,"path_per_floor":["M","?","?","$","M","R","M","R","T","E","R","$","R","M","R","B",null,"M","M","?","M","M","E","T","M","T","E","?","$","R","?","R","B",null,"M","?","M","?","?","R","M","$","T","M","R","M","E","M","R","B"],"character_chosen":"IRONCLAD","items_purchased":["Bag of Marbles","PanicButton","Nunchaku","Clothesline+1","Bag of Preparation"],"campfire_rested":4,"item_purchase_floors":[29,29,42,42,42],"current_hp_per_floor":[68,68,65,65,70,70,76,76,76,62,62,62,62,66,66,31,80,80,80,80,80,71,66,66,63,63,16,16,16,32,32,48,11,56,56,56,42,50,50,50,56,56,56,56,56,56,56,56,56,0],"gold":294,"neow_bonus":"UPGRADE_CARD","is_prod":false,"is_daily":false,"chose_seed":false,"campfire_upgraded":5,"win_rate":0,"timestamp":1546633061,"path_taken":["M","?","?","$","M","R","M","R","T","E","R","?","R","M","R","BOSS","M","M","?","M","?","E","?","M","T","E","?","$","R","?","R","BOSS","M","?","?","?","?","R","M","$","T","M","R","M","E","M","R","BOSS"],"build_version":"2019-01-03v3","purchased_purges":1,"victory":false,"max_hp_per_floor":[80,80,80,80,80,80,80,80,80,80,80,80,80,80,80,80,80,80,80,80,80,80,80,80,80,80,80,56,56,56,56,56,56,56,56,56,56,56,56,56,56,56,56,56,56,56,56,56,56,56],"card_choices":[{"not_picked":["Body Slam","Searing Blow"],"picked":"Headbutt","floor":1},{"not_picked":["Fire Breathing","Uppercut"],"picked":"Thunderclap","floor":5},{"not_picked":["Perfected Strike","Warcry"],"picked":"Clash","floor":7},{"not_picked":["Combust","Armaments"],"picked":"Carnage","floor":10},{"not_picked":["True Grit","Exhume"],"picked":"Warcry","floor":14},{"not_picked":["Immolate","Feed"],"picked":"Bludgeon","floor":16},{"not_picked":["Anger","Power Through"],"picked":"Cleave","floor":18},{"not_picked":["Flex","Reckless Charge"],"picked":"Metallicize","floor":19},{"not_picked":["Wild Strike","Iron Wave+1"],"picked":"Seeing Red+1","floor":21},{"not_picked":["Headbutt","Cleave+1"],"picked":"Armaments","floor":22},{"not_picked":["Dual Wield","Fire Breathing+1","Seeing Red"],"picked":"SKIP","floor":23},{"not_picked":["True Grit","Iron Wave"],"picked":"Pommel Strike+1","floor":25},{"not_picked":["Sentinel+1","Flex","Warcry"],"picked":"SKIP","floor":27},{"not_picked":["Inflame+1","Sword Boomerang+1","Flex+1"],"picked":"SKIP","floor":35},{"not_picked":["Warcry+1","Body Slam+1","Sword Boomerang+1"],"picked":"SKIP","floor":37},{"not_picked":["Rupture","Clothesline+1"],"picked":"Demon Form","floor":41},{"not_picked":["Twin Strike+1","Flame Barrier+1"],"picked":"Ghostly Armor","floor":44},{"not_picked":["Power Through+1","Wild Strike+1"],"picked":"Heavy Blade+1","floor":46},{"not_picked":["Armaments","Headbutt+1"],"picked":"Ghostly Armor+1","floor":47},{"not_picked":["Iron Wave+1","Headbutt+1"],"picked":"Dropkick+1","floor":48}],"player_experience":289077,"relics_obtained":[{"floor":10,"key":"Anchor"},{"floor":23,"key":"Old Coin"},{"floor":24,"key":"Happy Flower"},{"floor":26,"key":"Shuriken"},{"floor":27,"key":"Molten Egg 2"},{"floor":38,"key":"Gambling Chip"},{"floor":43,"key":"Ancient Tea Set"},{"floor":47,"key":"Bronze Scales"}],"event_choices":[{"damage_healed":0,"gold_gain":0,"player_choice":"Box","damage_taken":0,"relics_obtained":["Paper Frog"],"max_hp_gain":0,"max_hp_loss":0,"event_name":"Big Fish","floor":2,"gold_loss":0,"cards_obtained":["Regret"]},{"damage_healed":0,"gold_gain":0,"player_choice":"Success","damage_taken":3,"relics_obtained":["Art of War"],"max_hp_gain":0,"max_hp_loss":0,"event_name":"Scrap Ooze","floor":3,"gold_loss":0},{"damage_healed":0,"gold_gain":0,"player_choice":"Bought 0 Potions","damage_taken":0,"max_hp_gain":0,"max_hp_loss":0,"event_name":"The Woman in Blue","floor":20,"gold_loss":0},{"damage_healed":0,"gold_gain":0,"player_choice":"Became a vampire","damage_taken":0,"max_hp_gain":0,"max_hp_loss":24,"event_name":"Vampires","floor":28,"gold_loss":0,"cards_obtained":["Bite","Bite","Bite","Bite","Bite"]},{"damage_healed":0,"gold_gain":0,"player_choice":"Simplicity","damage_taken":0,"max_hp_gain":0,"max_hp_loss":0,"event_name":"Back to Basics","floor":31,"gold_loss":0,"cards_upgraded":["Defend_R","Defend_R","Defend_R","Defend_R"]},{"damage_healed":0,"gold_gain":0,"cards_transformed":["Armaments"],"player_choice":"Transformed","damage_taken":0,"max_hp_gain":0,"max_hp_loss":0,"event_name":"Transmorgrifier","floor":36,"gold_loss":0,"cards_obtained":["Feel No Pain"]},{"damage_healed":0,"gold_gain":0,"player_choice":"Fight","damage_taken":0,"max_hp_gain":0,"max_hp_loss":0,"event_name":"MindBloom","floor":38,"gold_loss":0},{"cards_removed":["Feel No Pain"],"damage_healed":0,"gold_gain":0,"player_choice":"Removed Power","damage_taken":0,"max_hp_gain":0,"max_hp_loss":0,"event_name":"Falling","floor":39,"gold_loss":0}],"is_beta":false,"boss_relics":[{"not_picked":["White Beast Statue","Empty Cage"],"picked":"Fusion Hammer"},{"not_picked":["Snecko Eye","Busted Crown"],"picked":"Sozu"}],"items_purged_floors":[4],"is_endless":false,"potions_floor_spawned":[5,16,18,21,23,41,47,48],"killed_by":"Donu and Deca","ascension_level":4}