{"gold_per_floor":[14,28,42,42,52,52,64,64,115,135,153,168,184,217,217,293,293,303,315,94,106,117,117,130,130,154,167,167,181,181,197,197,275,275,290,309,235,215,23,23,23,23,47,81,81,81,81,18,18,18],"floor_reached":51,"playtime":3522,"items_purged":["Writhe"],"score":1133,"play_id":"9992a894-d52d-45cd-bf98-4ecad7664037","local_time":"20181226221826","is_ascension_mode":true,"campfire_choices":[{"data":"Zap","floor":6.0,"key":"SMITH"},{"data":"Sweeping Beam","floor":8.0,"key":"SMITH"},{"floor":15.0,"key":"REST"},{"data":"Redo","floor":23.0,"key":"SMITH"},{"data":"Multi-Cast","floor":25.0,"key":"SMITH"},{"floor":28.0,"key":"REST"},{"data":"Biased Cognition","floor":30.0,"key":"SMITH"},{"floor":32.0,"key":"REST"},{"data":"Darkness","floor":40,"key":"SMITH"},{"data":"Glacier","floor":42,"key":"SMITH"},{"data":"Glacier","floor":46,"key":"SMITH"},{"data":"Turbo","floor":49,"key":"SMITH"}],"neow_cost":"NO_GOLD","seed_source_timestamp":272483530944865,"circlet_count":0,"master_deck":["AscendersBane","Strike_B","Defend_B","Defend_B","Defend_B","Defend_B","Zap+1","Dualcast","Ball Lightning","Go for the Eyes","FTL","Sweeping Beam+1","Hologram","Cold Snap","Multi-Cast+1","Darkness+1","Biased Cognition+1","Scrape+1","White Noise+1","Self Repair+1","Redo+1","Glacier+1","Turbo+1","Core Surge","Machine Learning","Glacier+1","Echo Form"],"special_seed":0,"relics":["Cracked Core","Du-Vu Doll","Happy Flower","Pear","Astrolabe","DataDisk","Oddly Smooth Stone","Snecko Eye","Membership Card","Juzu Bracelet","PreservedInsect","Bag of Marbles"],"potions_floor_usage":[33,35,44,50,50],"damage_taken":[{"damage":0.0,"enemies":"2 Louse","floor":1.0,"turns":4.0},{"damage":0.0,"enemies":"Cultist","floor":2.0,"turns":2.0},{"damage":4.0,"enemies":"Small Slimes","floor":3.0,"turns":3.0},{"damage":7.0,"enemies":"3 Louse","floor":5.0,"turns":3.0},{"damage":0.0,"enemies":"Large Slime","floor":7.0,"turns":3.0},{"damage":8.0,"enemies":"Exordium Wildlife","floor":10.0,"turns":3.0},{"damage":1.0,"enemies":"Looter","floor":11.0,"turns":2.0},{"damage":5.0,"enemies":"2 Fungi Beasts","floor":12.0,"turns":3.0},{"damage":0.0,"enemies":"3 Louse","floor":13.0,"turns":2.0},{"damage":23.0,"enemies":"3 Sentries","floor":14.0,"turns":4.0},{"damage":16.0,"enemies":"Hexaghost","floor":16.0,"turns":8.0},{"damage":0.0,"enemies":"Chosen","floor":18.0,"turns":4.0},{"damage":4.0,"enemies":"Spheric Guardian","floor":19.0,"turns":3.0},{"damage":19.0,"enemies":"Snake Plant","floor":21.0,"turns":2.0},{"damage":5.0,"enemies":"Snecko","floor":22.0,"turns":5.0},{"damage":29.0,"enemies":"Sentry and Sphere","floor":24.0,"turns":4.0},{"damage":27.0,"enemies":"Shelled Parasite and Fungi","floor":27.0,"turns":6.0},{"damage":13.0,"enemies":"Snecko","floor":29.0,"turns":6.0},{"damage":30.0,"enemies":"3 Cultists","floor":31.0,"turns":5.0},{"damage":44,"enemies":"Champ","floor":33,"turns":8},{"damage":2,"enemies":"Orb Walker","floor":35,"turns":5},{"damage":15,"enemies":"3 Darklings","floor":36,"turns":5},{"damage":22,"enemies":"Reptomancer","floor":44,"turns":10},{"damage":65,"enemies":"Donu and Deca","floor":50,"turns":13}],"seed_played":"2404513978053165906","potions_obtained":[{"floor":3.0,"key":"Poison Potion"},{"floor":7.0,"key":"GamblersBrew"},{"floor":11.0,"key":"PowerPotion"},{"floor":14.0,"key":"Block Potion"},{"floor":16.0,"key":"Fire Potion"},{"floor":21.0,"key":"Energy Potion"},{"floor":27.0,"key":"SpeedPotion"},{"floor":35,"key":"GamblersBrew"},{"floor":38,"key":"SteroidPotion"},{"floor":44,"key":"SkillPotion"}],"is_trial":false,"path_per_floor":["M","M","M","$","M","R","M","R","T","M","M","M","M","E","R","B",null,"M","M","$","M","M","R","M","R","T","M","R","M","R","M","R","B",null,"M","M","$","?","$","R","?","R","T","E","?","R","?","$","R","B",null],"character_chosen":"DEFECT","items_purchased":["DataDisk","Glacier","Glacier","Membership Card","Energy Potion"],"campfire_rested":3,"item_purchase_floors":[20,20,37,39,48],"current_hp_per_floor":[64,64,60,60,53,53,53,53,53,45,44,39,39,26,50,34,69,79,81,81,62,57,57,38,38,38,21,45,42,42,22,46,12,64,72,67,67,67,67,67,67,67,67,55,55,55,71,71,71,16],"gold":18,"neow_bonus":"ONE_RARE_RELIC","is_prod":false,"is_daily":false,"chose_seed":false,"campfire_upgraded":9,"win_rate":0,"timestamp":1545859106,"path_taken":["M","M","M","$","M","R","M","R","T","M","M","M","M","E","R","BOSS","M","M","$","M","M","R","M","R","T","M","R","M","R","M","R","BOSS","M","M","$","?","?","R","?","R","T","E","?","R","?","$","R","BOSS"],"build_version":"2018-12-20","purchased_purges":1,"victory":true,"max_hp_per_floor":[71,71,71,71,71,71,71,71,71,71,71,71,71,81,81,81,81,81,81,81,81,81,81,81,81,81,81,81,81,81,81,81,81,81,81,81,81,81,81,81,81,81,81,81,81,81,81,81,81,81],"card_choices":[{"not_picked":["Genetic Algorithm","Go for the Eyes"],"picked":"Ball Lightning","floor":1.0},{"not_picked":["Auto Shields","Hello World"],"picked":"Go for the Eyes","floor":2.0},{"not_picked":["Compile Driver","Heatsinks"],"picked":"FTL","floor":3.0},{"not_picked":["Melter","Multi-Cast"],"picked":"Ball Lightning","floor":5.0},{"not_picked":["Blizzard","Compile Driver"],"picked":"Sweeping Beam","floor":7.0},{"not_picked":["Go for the Eyes","Recycle","Compile Driver"],"picked":"SKIP","floor":10.0},{"not_picked":["Sweeping Beam","Sunder"],"picked":"Hologram","floor":11.0},{"not_picked":["Rebound","Recycle"],"picked":"Cold Snap","floor":12.0},{"not_picked":["Go for the Eyes","Hologram"],"picked":"Multi-Cast","floor":13.0},{"not_picked":["Gash","Melter"],"picked":"Darkness","floor":14.0},{"not_picked":["Creative AI","Fission"],"picked":"Biased Cognition","floor":16.0},{"not_picked":["Gash","Beam Cell"],"picked":"Redo","floor":18.0},{"not_picked":["FTL","Cold Snap","Ball Lightning"],"picked":"SKIP","floor":19.0},{"not_picked":["Cold Snap","Barrage","Hyperbeam"],"picked":"SKIP","floor":21.0},{"not_picked":["Redo","Chaos+1"],"picked":"Turbo","floor":22.0},{"not_picked":["Aggregate","Streamline","Leap"],"picked":"SKIP","floor":24.0},{"not_picked":["Rip and Tear","Go for the Eyes+1"],"picked":"Core Surge","floor":27.0},{"not_picked":["Turbo+1","Blizzard","Sweeping Beam"],"picked":"SKIP","floor":29.0},{"not_picked":["Ball Lightning","Cold Snap","Barrage"],"picked":"SKIP","floor":31.0},{"not_picked":["Thunder Strike","Rainbow"],"picked":"Machine Learning","floor":33},{"not_picked":["Beam Cell","Storm","Steam+1"],"picked":"SKIP","floor":35},{"not_picked":["Streamline","Stack","Steam"],"picked":"SKIP","floor":36},{"not_picked":["Stack","Auto Shields+1"],"picked":"Echo Form","floor":44}],"player_experience":689275,"relics_obtained":[{"floor":9.0,"key":"Happy Flower"},{"floor":14.0,"key":"Pear"},{"floor":26.0,"key":"Oddly Smooth Stone"},{"floor":43,"key":"PreservedInsect"},{"floor":44,"key":"Bag of Marbles"}],"event_choices":[{"damage_healed":0,"gold_gain":0,"player_choice":"Bought 1 Potion","damage_taken":0,"max_hp_gain":0,"max_hp_loss":0,"event_name":"The Woman in Blue","floor":38,"gold_loss":0},{"damage_healed":0,"gold_gain":0,"player_choice":"Gave Potion","damage_taken":0,"relics_obtained":["Juzu Bracelet"],"max_hp_gain":0,"max_hp_loss":0,"event_name":"WeMeetAgain","floor":41,"gold_loss":0},{"cards_removed":["Ball Lightning"],"damage_healed":0,"gold_gain":0,"player_choice":"Removed Attack","damage_taken":0,"max_hp_gain":0,"max_hp_loss":0,"event_name":"Falling","floor":45,"gold_loss":0},{"damage_healed":16,"gold_gain":0,"player_choice":"Writhe","damage_taken":0,"max_hp_gain":0,"max_hp_loss":0,"event_name":"Winding Halls","floor":47,"gold_loss":0,"cards_obtained":["Writhe"]}],"is_beta":false,"boss_relics":[{"not_picked":["Nuclear Battery","Philosopher\u0027s Stone"],"picked":"Astrolabe"},{"not_picked":["Calling Bell","Coffee Dripper"],"picked":"Snecko Eye"}],"items_purged_floors":[48],"is_endless":false,"potions_floor_spawned":[3,7,11,14,16,21,27,31,35,44],"ascension_level":15}