{"gold_per_floor":[117,130,145,145,220,255,275,286,286,320,320,351,371,383,383,487,487,497,188,202,202,222,253,268,268,268,268,296,315,335],"floor_reached":30,"playtime":4419,"items_purged":["Strike_G"],"score":355,"play_id":"a55dd9f2-6391-4044-903a-df3903cd011e","local_time":"20190116172746","is_ascension_mode":true,"campfire_choices":[{"floor":11,"key":"REST"},{"floor":15,"key":"REST"},{"data":"Bullet Time","floor":25,"key":"SMITH"},{"data":"Well Laid Plans","floor":27,"key":"SMITH"}],"neow_cost":"NONE","seed_source_timestamp":168960330372118,"circlet_count":0,"master_deck":["Defend_G","Defend_G","Defend_G","Defend_G","Defend_G","Strike_G","Strike_G","Strike_G","Survivor","Neutralize","Skewer","Outmaneuver","Cloak And Dagger","Flying Knee","Backflip","Quick Slash","Escape Plan","Well Laid Plans+1","Infinite Blades","Backstab","Bullet Time+1","Flying Knee","Footwork","Acrobatics","Backstab+1","Footwork+1","Poisoned Stab+1","Deflect"],"relics":["Ring of the Snake","Potion Belt","Thread and Needle","Dodecahedron","FossilizedHelix","Eternal Feather","Pen Nib","Molten Egg 2","Nunchaku","Tingsha"],"potions_floor_usage":[6,10,12,12,16,22,23,23],"damage_taken":[{"damage":2,"enemies":"Small Slimes","floor":1,"turns":3},{"damage":1,"enemies":"Cultist","floor":2,"turns":4},{"damage":0,"enemies":"Jaw Worm","floor":3,"turns":3},{"damage":24,"enemies":"3 Sentries","floor":6,"turns":14},{"damage":0,"enemies":"2 Fungi Beasts","floor":7,"turns":4},{"damage":9,"enemies":"Lots of Slimes","floor":8,"turns":5},{"damage":21,"enemies":"Gremlin Nob","floor":10,"turns":4},{"damage":21,"enemies":"Lagavulin","floor":12,"turns":10},{"damage":0,"enemies":"Exordium Wildlife","floor":13,"turns":5},{"damage":0,"enemies":"Looter","floor":14,"turns":3},{"damage":8,"enemies":"Slime Boss","floor":16,"turns":9},{"damage":0,"enemies":"Spheric Guardian","floor":18,"turns":4},{"damage":14,"enemies":"2 Thieves","floor":20,"turns":4},{"damage":16,"enemies":"Shelled Parasite and Fungi","floor":22,"turns":7},{"damage":7,"enemies":"Slavers","floor":23,"turns":8},{"damage":0,"enemies":"Sentry and Sphere","floor":24,"turns":8},{"damage":36,"enemies":"Book of Stabbing","floor":28,"turns":7},{"damage":0,"enemies":"Chosen and Byrds","floor":29,"turns":6},{"damage":5,"enemies":"3 Cultists","floor":30,"turns":6}],"seed_played":"1850990158977536684","potions_obtained":[{"floor":0,"key":"SkillPotion"},{"floor":0,"key":"FearPotion"},{"floor":0,"key":"Ancient Potion"},{"floor":10,"key":"LiquidBronze"},{"floor":13,"key":"Explosive Potion"},{"floor":16,"key":"EssenceOfSteel"},{"floor":21,"key":"Explosive Potion"},{"floor":21,"key":"SneckoOil"},{"floor":21,"key":"AttackPotion"},{"floor":24,"key":"Regen Potion"},{"floor":29,"key":"GamblersBrew"},{"floor":30,"key":"FearPotion"}],"is_trial":false,"path_per_floor":["M","M","M","?","?","E","M","M","T","E","R","E","M","M","R","B",null,"M","$","M","?","M","E","M","R","T","R","E","M","M"],"character_chosen":"THE_SILENT","items_purchased":["Footwork","Acrobatics","Pen Nib"],"campfire_rested":2,"item_purchase_floors":[19,19,19],"current_hp_per_floor":[68,67,67,67,56,32,32,23,23,2,23,2,2,2,23,15,70,70,70,56,56,40,33,33,48,48,63,27,27,22],"gold":335,"neow_bonus":"THREE_SMALL_POTIONS","is_prod":false,"is_daily":false,"chose_seed":false,"campfire_upgraded":2,"win_rate":0,"timestamp":1547681266,"path_taken":["M","M","M","?","?","E","M","M","T","E","R","E","M","M","R","BOSS","M","$","M","?","M","E","M","R","T","R","E","M","M"],"build_version":"2019-01-10","purchased_purges":1,"victory":false,"max_hp_per_floor":[70,70,70,70,70,70,70,70,70,70,70,70,70,70,70,70,70,70,70,70,70,70,70,70,70,70,70,70,70,70],"card_choices":[{"not_picked":["Dodge and Roll","Riddle With Holes"],"picked":"Skewer","floor":1},{"not_picked":["Dodge and Roll","Deflect"],"picked":"Outmaneuver","floor":2},{"not_picked":["Leg Sweep","Poisoned Stab"],"picked":"Cloak And Dagger","floor":3},{"not_picked":["Envenom","Blur"],"picked":"Flying Knee","floor":6},{"not_picked":["Deflect","Choke"],"picked":"Backflip","floor":7},{"not_picked":["Escape Plan","Dodge and Roll"],"picked":"Quick Slash","floor":8},{"not_picked":["Prepared","Calculated Gamble"],"picked":"Escape Plan","floor":10},{"not_picked":["Unload","Expertise"],"picked":"Well Laid Plans","floor":12},{"not_picked":["Blur","Slice"],"picked":"Infinite Blades","floor":13},{"not_picked":["Noxious Fumes","Bane"],"picked":"Backstab","floor":14},{"not_picked":["Venomology","Unload"],"picked":"Bullet Time","floor":16},{"not_picked":["Catalyst","Poisoned Stab"],"picked":"Flying Knee","floor":18},{"not_picked":["Outmaneuver","Reflex","Footwork"],"picked":"SKIP","floor":20},{"not_picked":["Deflect","Heel Hook"],"picked":"Backstab+1","floor":22},{"not_picked":["Skewer+1","Sucker Punch"],"picked":"Footwork+1","floor":23},{"not_picked":["Prepared","Reflex"],"picked":"Poisoned Stab+1","floor":24},{"not_picked":["Bane+1","Burst","Choke+1"],"picked":"SKIP","floor":28},{"not_picked":["Dodge and Roll","Backflip"],"picked":"Deflect","floor":29}],"player_experience":379801,"relics_obtained":[{"floor":6,"key":"Potion Belt"},{"floor":9,"key":"Thread and Needle"},{"floor":10,"key":"Dodecahedron"},{"floor":12,"key":"FossilizedHelix"},{"floor":23,"key":"Molten Egg 2"},{"floor":26,"key":"Nunchaku"},{"floor":28,"key":"Tingsha"}],"event_choices":[{"cards_removed":["Strike_G"],"damage_healed":0,"gold_gain":0,"player_choice":"Forget","damage_taken":0,"max_hp_gain":0,"max_hp_loss":0,"event_name":"Living Wall","floor":4,"gold_loss":0},{"damage_healed":0,"gold_gain":75,"player_choice":"Gather Gold","damage_taken":11,"max_hp_gain":0,"max_hp_loss":0,"event_name":"World of Goop","floor":5,"gold_loss":0},{"damage_healed":0,"gold_gain":0,"player_choice":"Got Potions","damage_taken":0,"max_hp_gain":0,"max_hp_loss":0,"event_name":"Lab","floor":21,"gold_loss":0}],"is_beta":false,"boss_relics":[{"not_picked":["Fusion Hammer","HoveringKite"],"picked":"Eternal Feather"}],"items_purged_floors":[19],"is_endless":false,"potions_floor_spawned":[1,2,10,13,16,24,29,30],"killed_by":"3 Cultists","ascension_level":4}