{"gold_per_floor":[114,114,133,133,103,103,132,150,231,231,242,260,260],"floor_reached":13,"playtime":963,"items_purged":[],"score":128,"play_id":"cc7c42ba-cdf6-49b6-92b2-4bfcb5e70a8d","local_time":"20181209180827","is_ascension_mode":true,"campfire_choices":[{"data":"Malaise","floor":6,"key":"SMITH"},{"floor":10,"key":"REST"}],"neow_cost":"PERCENT_DAMAGE","seed_source_timestamp":2485575224065196,"circlet_count":0,"master_deck":["AscendersBane","Defend_G","Defend_G","Defend_G","Defend_G","Defend_G","Strike_G","Strike_G","Strike_G","Survivor","Neutralize","Malaise+1","Backflip","PiercingWail","Bouncing Flask","Quick Slash+1"],"relics":["Ring of the Snake","Pen Nib","Molten Egg 2"],"potions_floor_usage":[7,7,8,8],"damage_taken":[{"damage":13,"enemies":"Jaw Worm","floor":1,"turns":7},{"damage":2,"enemies":"Small Slimes","floor":3,"turns":6},{"damage":21,"enemies":"3 Sentries","floor":7,"turns":21},{"damage":0,"enemies":"Cultist","floor":8,"turns":7},{"damage":17,"enemies":"Large Slime","floor":11,"turns":9},{"damage":1,"enemies":"2 Fungi Beasts","floor":12,"turns":4},{"damage":12,"enemies":"Lagavulin","floor":13,"turns":3}],"seed_played":"3915033915066857790","potions_obtained":[{"floor":1,"key":"PowerPotion"},{"floor":5,"key":"Swift Potion"},{"floor":5,"key":"SteroidPotion"},{"floor":7,"key":"Fruit Juice"}],"is_trial":false,"path_per_floor":["M","?","M","?","?","R","E","M","T","R","M","M","E"],"character_chosen":"THE_SILENT","items_purchased":[],"campfire_rested":1,"item_purchase_floors":[],"current_hp_per_floor":[32,32,30,23,23,23,2,7,7,29,12,11,0],"gold":260,"neow_bonus":"THREE_RARE_CARDS","is_prod":false,"is_daily":false,"chose_seed":false,"campfire_upgraded":1,"win_rate":0,"timestamp":1544375307,"path_taken":["M","?","M","?","?","R","E","M","T","R","M","M","E"],"build_version":"2018-12-06","purchased_purges":0,"victory":false,"max_hp_per_floor":[70,70,70,70,70,70,70,75,75,75,75,75,75],"card_choices":[{"not_picked":["Venomology","Glass Knife"],"picked":"Malaise","floor":0},{"not_picked":["All Out Attack","Bane"],"picked":"Backflip","floor":1},{"not_picked":["Sucker Punch","Outmaneuver"],"picked":"PiercingWail","floor":3},{"not_picked":["Distraction","Accuracy"],"picked":"Bouncing Flask","floor":7},{"not_picked":["Setup","PiercingWail","Endless Agony"],"picked":"SKIP","floor":8},{"not_picked":["Sucker Punch+1","Slice+1"],"picked":"Quick Slash+1","floor":11},{"not_picked":["Outmaneuver","Setup","Underhanded Strike+1"],"picked":"SKIP","floor":12}],"player_experience":526053,"relics_obtained":[{"floor":7,"key":"Pen Nib"},{"floor":9,"key":"Molten Egg 2"}],"event_choices":[{"cards_removed":["Strike_G"],"damage_healed":0,"gold_gain":0,"player_choice":"Forget","damage_taken":0,"max_hp_gain":0,"max_hp_loss":0,"event_name":"Living Wall","floor":2,"gold_loss":0},{"cards_removed":["Strike_G"],"damage_healed":0,"gold_gain":0,"player_choice":"Card Removal","damage_taken":7,"max_hp_gain":0,"max_hp_loss":0,"event_name":"Golden Wing","floor":4,"gold_loss":0},{"damage_healed":0,"gold_gain":0,"player_choice":"Bought 2 Potions","damage_taken":0,"max_hp_gain":0,"max_hp_loss":0,"event_name":"The Woman in Blue","floor":5,"gold_loss":0}],"is_beta":false,"boss_relics":[],"items_purged_floors":[],"is_endless":false,"potions_floor_spawned":[1,7],"killed_by":"Lagavulin","ascension_level":10}