{"gold_per_floor":[109,123,182,257,62,62,97,97,97,131,141,157,157,172,172,292,292,316,2,2],"floor_reached":20,"playtime":886,"items_purged":[],"score":234,"play_id":"f4bfa047-3860-4c78-b9d2-f6ad94f1c342","local_time":"20190130195708","is_ascension_mode":true,"campfire_choices":[{"floor":6,"key":"RECALL"},{"floor":8,"key":"REST"},{"floor":15,"key":"REST"}],"neow_cost":"NONE","seed_source_timestamp":1824556373812923,"circlet_count":0,"master_deck":["Strike_B","Strike_B","Strike_B","Strike_B","Defend_B","Defend_B","Defend_B","Defend_B","Zap","Dualcast","Core Surge","Gash","Ball Lightning","Ball Lightning","Leap","Coolheaded","Ball Lightning","Conserve Battery","Injury","Beam Cell","Ball Lightning","Creative AI","Gash+1"],"relics":["Cracked Core","DataDisk","Meat on the Bone","Dream Catcher","Golden Idol","Philosopher\u0027s Stone","Calipers"],"potions_floor_usage":[10,16,20],"damage_taken":[{"damage":0,"enemies":"Cultist","floor":1,"turns":2},{"damage":3,"enemies":"Small Slimes","floor":2,"turns":2},{"damage":29,"enemies":"Lagavulin","floor":7,"turns":4},{"damage":18,"enemies":"Gremlin Nob","floor":10,"turns":4},{"damage":0,"enemies":"Jaw Worm","floor":11,"turns":2},{"damage":4,"enemies":"Exordium Wildlife","floor":12,"turns":4},{"damage":5,"enemies":"3 Louse","floor":14,"turns":3},{"damage":13,"enemies":"The Guardian","floor":16,"turns":7},{"damage":26,"enemies":"Shell Parasite","floor":18,"turns":4},{"damage":36,"enemies":"Colosseum Slavers","floor":20,"turns":4},{"damage":38,"enemies":"Colosseum Nobs","floor":20,"turns":3}],"seed_played":"5178502743573895102","potions_obtained":[{"floor":7,"key":"EssenceOfSteel"},{"floor":11,"key":"FocusPotion"},{"floor":12,"key":"Explosive Potion"}],"is_trial":false,"path_per_floor":["M","M","?","?","$","R","E","R","T","E","M","M","?","M","R","B",null,"M","$","?"],"character_chosen":"DEFECT","items_purchased":["DataDisk","Ball Lightning","Calipers"],"campfire_rested":2,"item_purchase_floors":[5,5,19],"current_hp_per_floor":[75,72,72,61,61,61,32,54,54,48,48,44,44,39,61,48,75,49,49,0],"gold":2,"neow_bonus":"ONE_RANDOM_RARE_CARD","is_prod":false,"is_daily":false,"chose_seed":false,"campfire_upgraded":0,"win_rate":0,"timestamp":1548885428,"path_taken":["M","M","?","?","$","R","E","R","T","E","M","M","?","M","R","BOSS","M","$","?"],"build_version":"2019-01-23","purchased_purges":0,"victory":false,"max_hp_per_floor":[75,75,75,75,75,75,75,75,75,75,75,75,75,75,75,75,75,75,75,75],"card_choices":[{"not_picked":["Barrage","Doom and Gloom"],"picked":"Gash","floor":1},{"not_picked":["Rebound","Redo"],"picked":"Ball Lightning","floor":2},{"not_picked":["Stack","Genetic Algorithm"],"picked":"Leap","floor":7},{"not_picked":["Meteor Strike","Streamline"],"picked":"Coolheaded","floor":10},{"not_picked":["Leap","Fusion"],"picked":"Ball Lightning","floor":11},{"not_picked":["Consume","Turbo"],"picked":"Conserve Battery","floor":12},{"not_picked":["Aggregate","Compile Driver"],"picked":"Beam Cell","floor":14},{"not_picked":["Sweeping Beam","Seek"],"picked":"Ball Lightning","floor":15},{"not_picked":["Fission","Core Surge"],"picked":"Creative AI","floor":16},{"not_picked":["Tempest","Static Discharge"],"picked":"Gash+1","floor":18}],"player_experience":89315,"relics_obtained":[{"floor":7,"key":"Meat on the Bone"},{"floor":10,"key":"Dream Catcher"}],"event_choices":[{"damage_healed":0,"gold_gain":59,"player_choice":"Gained Gold","damage_taken":0,"max_hp_gain":0,"max_hp_loss":0,"event_name":"Golden Wing","floor":3,"gold_loss":0},{"damage_healed":0,"gold_gain":75,"player_choice":"Gather Gold","damage_taken":11,"max_hp_gain":0,"max_hp_loss":0,"event_name":"World of Goop","floor":4,"gold_loss":0},{"damage_healed":0,"gold_gain":0,"player_choice":"Take Wound","damage_taken":0,"relics_obtained":["Golden Idol"],"max_hp_gain":0,"max_hp_loss":0,"event_name":"Golden Idol","floor":13,"gold_loss":0,"cards_obtained":["Injury"]},{"damage_healed":0,"gold_gain":0,"player_choice":"Fight","damage_taken":0,"max_hp_gain":0,"max_hp_loss":0,"event_name":"Colosseum","floor":20,"gold_loss":0},{"damage_healed":0,"gold_gain":0,"player_choice":"Fought Nobs","damage_taken":0,"max_hp_gain":0,"max_hp_loss":0,"event_name":"Colosseum","floor":20,"gold_loss":0}],"is_beta":false,"boss_relics":[{"not_picked":["Eternal Feather","Coffee Dripper"],"picked":"Philosopher\u0027s Stone"}],"items_purged_floors":[],"is_endless":false,"potions_floor_spawned":[7,11,12,20],"killed_by":"Colosseum Nobs","ascension_level":3}