{"gold_per_floor":[112,112,112,124,124,154,166,166,166,166,189,223,238,238,238,338,338,353,353,24,41,54,54,69,69,150,150,166,176,176,196,196,301,301,318,318,318,87,87,116,126,155,181,37,37,65,84,118,118,118],"floor_reached":51,"playtime":4718,"items_purged":[],"score":887,"play_id":"c6dc2f28-ea3f-4c42-97c2-62dc2270032a","local_time":"20181013133225","is_ascension_mode":true,"campfire_choices":[{"data":"Feed","floor":8,"key":"SMITH"},{"data":"Flame Barrier","floor":10,"key":"SMITH"},{"data":"Cleave","floor":15,"key":"SMITH"},{"data":"True Grit","floor":23,"key":"SMITH"},{"data":"Rampage","floor":27,"key":"SMITH"},{"floor":32,"key":"REST"},{"data":"Bludgeon","floor":49,"key":"SMITH"}],"neow_cost":"NONE","seed_source_timestamp":5068749302127529,"circlet_count":0,"master_deck":["Strike_R+1","Strike_R+1","Defend_R+1","Defend_R+1","Defend_R+1","Bash","Inflame+1","Feed+1","Flame Barrier+1","Rampage+1","Cleave+1","Flame Barrier","Impervious","True Grit+1","Metallicize+1","Pommel Strike","Fire Breathing+1","Warcry+1","Necronomicurse","Body Slam","Battle Trance+1","Bludgeon+1","Armaments+1","Whirlwind","Madness+1","Madness+1","Shockwave+1","True Grit+1","Carnage","Shrug It Off+1","Limit Break+1"],"relics":["Burning Blood","NeowsBlessing","Nunchaku","Pantograph","Red Skull","Boot","Strawberry","Empty Cage","Frozen Egg 2","Necronomicon","Toxic Egg 2","Coffee Dripper","PreservedInsect","Meat on the Bone","Gremlin Horn","Juzu Bracelet","Oddly Smooth Stone","Paper Frog","Blue Candle"],"potions_floor_usage":[16,18,33,33,33,47],"damage_taken":[{"damage":0,"enemies":"Cultist","floor":1,"turns":1},{"damage":0,"enemies":"2 Louse","floor":4,"turns":1},{"damage":0,"enemies":"3 Sentries","floor":6,"turns":2},{"damage":11,"enemies":"Jaw Worm","floor":7,"turns":3},{"damage":40,"enemies":"Gremlin Nob","floor":12,"turns":5},{"damage":14,"enemies":"3 Louse","floor":13,"turns":3},{"damage":61,"enemies":"Hexaghost","floor":16,"turns":11},{"damage":11,"enemies":"Spheric Guardian","floor":18,"turns":5},{"damage":8,"enemies":"3 Byrds","floor":21,"turns":5},{"damage":32,"enemies":"Sentry and Sphere","floor":22,"turns":7},{"damage":0,"enemies":"Centurion and Healer","floor":24,"turns":7},{"damage":18,"enemies":"3 Cultists","floor":28,"turns":5},{"damage":7,"enemies":"Snake Plant","floor":29,"turns":6},{"damage":0,"enemies":"Snecko","floor":31,"turns":3},{"damage":103,"enemies":"Automaton","floor":33,"turns":13},{"damage":16,"enemies":"3 Shapes","floor":35,"turns":4},{"damage":27,"enemies":"Nemesis","floor":40,"turns":6},{"damage":6,"enemies":"Orb Walker","floor":41,"turns":3},{"damage":16,"enemies":"Giant Head","floor":42,"turns":7},{"damage":10,"enemies":"Nemesis","floor":46,"turns":5},{"damage":9,"enemies":"Reptomancer","floor":47,"turns":3},{"damage":5,"enemies":"Giant Head","floor":48,"turns":7},{"damage":37,"enemies":"Time Eater","floor":50,"turns":8}],"seed_played":"-3693533371004379185","potions_obtained":[{"floor":4,"key":"Weak Potion"},{"floor":13,"key":"Fire Potion"},{"floor":22,"key":"Fire Potion"},{"floor":24,"key":"FearPotion"},{"floor":31,"key":"Swift Potion"},{"floor":42,"key":"Ancient Potion"},{"floor":46,"key":"Ancient Potion"},{"floor":47,"key":"SteroidPotion"}],"is_trial":false,"path_per_floor":["M","?","?","M","?","E","M","R","T","R","T","E","M","?","R","B",null,"M","?","$","M","M","R","M","?","T","R","M","M","?","M","R","B",null,"M","?","?","$","?","E","M","E","T","$","?","E","M","E","R","B"],"character_chosen":"IRONCLAD","items_purchased":["Frozen Egg 2","Metallicize+1","PreservedInsect","Whirlwind","Oddly Smooth Stone"],"campfire_rested":1,"item_purchase_floors":[20,20,38,38,44],"current_hp_per_floor":[80,80,73,79,79,83,81,81,81,81,81,47,43,50,50,24,101,96,96,96,98,76,76,86,70,70,70,62,61,37,43,79,7,122,116,116,116,116,100,79,79,81,81,81,81,77,74,75,75,81],"gold":118,"neow_bonus":"THREE_ENEMY_KILL","is_prod":false,"is_daily":false,"chose_seed":false,"campfire_upgraded":6,"win_rate":0,"timestamp":1539430345,"path_taken":["M","?","?","M","?","E","?","R","T","R","?","E","M","?","R","BOSS","M","?","?","M","M","R","M","?","T","R","M","M","?","?","R","BOSS","M","?","?","$","?","E","?","E","T","?","?","E","M","E","R","BOSS"],"build_version":"2018-10-11","purchased_purges":0,"victory":true,"max_hp_per_floor":[80,80,80,80,80,83,86,86,86,86,86,86,90,97,97,101,101,101,101,101,105,109,109,113,113,113,113,117,117,122,122,122,122,122,126,126,126,126,126,126,126,126,126,126,126,126,126,126,126,126],"card_choices":[{"not_picked":["Perfected Strike","Intimidate"],"picked":"Inflame","floor":1},{"not_picked":["Sword Boomerang","Wild Strike"],"picked":"Feed","floor":4},{"not_picked":["Wild Strike","Ghostly Armor"],"picked":"Flame Barrier","floor":6},{"not_picked":["Havoc","Sever Soul"],"picked":"Rampage","floor":7},{"not_picked":["Pommel Strike","Twin Strike"],"picked":"Cleave","floor":12},{"not_picked":["Searing Blow","Clothesline"],"picked":"Flame Barrier","floor":13},{"not_picked":["Exhume","Brutality"],"picked":"Impervious","floor":16},{"not_picked":["Metallicize+1","Sword Boomerang"],"picked":"True Grit","floor":18},{"not_picked":["Clash","Anger"],"picked":"Pommel Strike","floor":21},{"not_picked":["Wild Strike","Perfected Strike"],"picked":"Fire Breathing+1","floor":22},{"not_picked":["Power Through","Thunderclap"],"picked":"Warcry+1","floor":24},{"not_picked":["Sword Boomerang","Wild Strike"],"picked":"Body Slam","floor":28},{"not_picked":["Cleave","Armaments+1"],"picked":"Battle Trance+1","floor":29},{"not_picked":["Power Through+1","Fire Breathing+1"],"picked":"Seeing Red+1","floor":31},{"not_picked":["Barricade+1","Dark Embrace+1"],"picked":"Bludgeon","floor":33},{"not_picked":["Headbutt","Corruption+1"],"picked":"Armaments+1","floor":35},{"not_picked":["Cleave+1","Twin Strike"],"picked":"Shockwave+1","floor":40},{"not_picked":["Cleave","Burning Pact+1"],"picked":"True Grit+1","floor":41},{"not_picked":["Flex+1","Entrench+1"],"picked":"Carnage","floor":42},{"not_picked":["Ghostly Armor+1","Sever Soul+1"],"picked":"Shrug It Off+1","floor":46},{"not_picked":["Shrug It Off+1","Second Wind+1"],"picked":"Limit Break+1","floor":47},{"not_picked":["Heavy Blade+1","Rage+1","Blood for Blood+1"],"picked":"SKIP","floor":48}],"player_experience":184302,"relics_obtained":[{"floor":6,"key":"Nunchaku"},{"floor":9,"key":"Pantograph"},{"floor":11,"key":"Red Skull"},{"floor":12,"key":"Boot"},{"floor":25,"key":"Necronomicon"},{"floor":26,"key":"Toxic Egg 2"},{"floor":40,"key":"Meat on the Bone"},{"floor":42,"key":"Gremlin Horn"},{"floor":43,"key":"Juzu Bracelet"},{"floor":46,"key":"Paper Frog"},{"floor":48,"key":"Blue Candle"}],"event_choices":[{"event_name":"Living Wall","player_choice":"Grow","floor":2,"damage_taken":0},{"event_name":"Golden Wing","player_choice":"Card Removal","floor":3,"damage_taken":0},{"event_name":"Purifier","player_choice":"One Purge","floor":5,"damage_taken":0},{"event_name":"Big Fish","player_choice":"Box","floor":14,"damage_taken":0},{"event_name":"Back to Basics","player_choice":"Simplicity","floor":19,"damage_taken":0},{"event_name":"Cursed Tome","player_choice":"Obtained Book","floor":25,"damage_taken":0},{"event_name":"Forgotten Altar","player_choice":"Shed Blood","floor":30,"damage_taken":0},{"event_name":"Falling","player_choice":"Removed Skill","floor":36,"damage_taken":0},{"event_name":"Tomb of Lord Red Mask","player_choice":"Ignored","floor":37,"damage_taken":0},{"event_name":"Winding Halls","player_choice":"Embrace Madness","floor":39,"damage_taken":0},{"event_name":"Purifier","player_choice":"One Purge","floor":45,"damage_taken":0}],"is_beta":false,"boss_relics":[{"not_picked":["Orrery","Runic Cube"],"picked":"Empty Cage"},{"not_picked":["Astrolabe","Snecko Eye"],"picked":"Coffee Dripper"}],"items_purged_floors":[],"is_endless":false,"potions_floor_spawned":[4,13,22,24,31,42,46,47],"ascension_level":1}