{"gold_per_floor":[113,124,134,4,4,4,38,56,56,56,70,104,117,151,151,249,249,266,281,298,298,298,298,74,74,74,74,101,115,133,22,22,22],"floor_reached":33,"playtime":1947,"items_purged":["Strike_B"],"score":389,"play_id":"6a1fa425-69c9-4ed1-93b7-cd2aca1ef049","local_time":"20190124200404","is_ascension_mode":false,"campfire_choices":[{"data":"Self Repair","floor":6,"key":"SMITH"},{"floor":10,"key":"REST"},{"data":"Defragment","floor":15,"key":"SMITH"},{"floor":23,"key":"REST"},{"floor":25,"key":"REST"},{"floor":32,"key":"REST"}],"neow_cost":"NONE","seed_source_timestamp":1305487110226871,"circlet_count":0,"master_deck":["Strike_B","Strike_B","Strike_B","Defend_B","Defend_B","Defend_B","Defend_B","Zap","Dualcast","Gash","Leap","Self Repair+1","Defragment+1","Ball Lightning","Leap","FTL","Loop","Redo","Gash","Gash","Thunder Strike","Loop+1","Go for the Eyes","Redo+1","Gash","Rainbow","Cold Snap","Genetic Algorithm","Static Discharge","FTL"],"relics":["Cracked Core","PreservedInsect","Question Card","Shuriken","Unceasing Top","Lizard Tail","Pen Nib","Matryoshka","Pear"],"potions_floor_usage":[12,16,20,20,29,30,30],"damage_taken":[{"damage":11,"enemies":"Jaw Worm","floor":1,"turns":3},{"damage":1,"enemies":"Cultist","floor":2,"turns":3},{"damage":1,"enemies":"Small Slimes","floor":3,"turns":4},{"damage":44,"enemies":"3 Sentries","floor":7,"turns":8},{"damage":9,"enemies":"2 Fungi Beasts","floor":8,"turns":3},{"damage":5,"enemies":"Looter","floor":11,"turns":3},{"damage":0,"enemies":"Gremlin Nob","floor":12,"turns":2},{"damage":7,"enemies":"Red Slaver","floor":13,"turns":4},{"damage":4,"enemies":"Lagavulin","floor":14,"turns":5},{"damage":14,"enemies":"The Guardian","floor":16,"turns":9},{"damage":33,"enemies":"3 Byrds","floor":18,"turns":5},{"damage":24,"enemies":"Spheric Guardian","floor":19,"turns":4},{"damage":58,"enemies":"Shelled Parasite and Fungi","floor":20,"turns":5},{"damage":20,"enemies":"Centurion and Healer","floor":21,"turns":7},{"damage":76,"enemies":"Slavers","floor":28,"turns":5},{"damage":17,"enemies":"Chosen and Byrds","floor":29,"turns":5},{"damage":16,"enemies":"3 Cultists","floor":30,"turns":5},{"damage":68,"enemies":"Automaton","floor":33,"turns":6}],"seed_played":"2875091269567643522","potions_obtained":[{"floor":3,"key":"GamblersBrew"},{"floor":7,"key":"Fire Potion"},{"floor":11,"key":"LiquidBronze"},{"floor":14,"key":"Fruit Juice"},{"floor":16,"key":"Poison Potion"},{"floor":28,"key":"Energy Potion"},{"floor":29,"key":"Regen Potion"}],"is_trial":false,"path_per_floor":["M","M","M","$","?","R","E","M","T","R","M","E","M","E","R","B",null,"M","M","M","M","?","R","$","R","T","?","E","M","M","$","R","B"],"character_chosen":"DEFECT","items_purchased":["Defragment","Ball Lightning","Pen Nib","Static Discharge","FTL"],"campfire_rested":4,"item_purchase_floors":[4,4,24,31,31],"current_hp_per_floor":[64,63,62,62,85,85,51,52,52,77,82,85,85,85,85,76,90,67,53,55,45,27,55,55,83,83,83,27,20,28,28,59,0],"gold":22,"neow_bonus":"ONE_RANDOM_RARE_CARD","is_prod":false,"is_daily":false,"chose_seed":false,"campfire_upgraded":2,"win_rate":0.0,"timestamp":1548367444,"path_taken":["M","M","M","$","?","R","E","M","T","R","M","E","M","E","R","BOSS","M","M","M","?","?","R","$","R","T","?","E","M","M","$","R","BOSS"],"build_version":"2019-01-23","purchased_purges":1,"victory":false,"max_hp_per_floor":[75,75,75,75,85,85,85,85,85,85,85,85,85,85,85,90,90,90,90,90,90,95,95,95,95,95,95,105,105,105,105,105,105],"card_choices":[{"not_picked":["Turbo","Stack"],"picked":"Gash","floor":1},{"not_picked":["Aggregate","Heatsinks"],"picked":"Leap","floor":2},{"not_picked":["Lockon","Heatsinks"],"picked":"Self Repair","floor":3},{"not_picked":["Stack","Rebound"],"picked":"Leap","floor":7},{"not_picked":["Beam Cell","Glacier"],"picked":"FTL","floor":8},{"not_picked":["Hologram","Blizzard","Streamline"],"picked":"Loop","floor":11},{"not_picked":["Leap","Sweeping Beam","Glacier"],"picked":"Redo","floor":12},{"not_picked":["Steam Power","Consume","Coolheaded"],"picked":"Gash","floor":13},{"not_picked":["Machine Learning","Conserve Battery","Hologram"],"picked":"Gash","floor":14},{"not_picked":["Amplify","Reboot","Machine Learning"],"picked":"Thunder Strike","floor":16},{"not_picked":["Redo","Rebound","Compile Driver+1"],"picked":"Loop+1","floor":18},{"not_picked":["Chaos","Steam","Turbo"],"picked":"Go for the Eyes","floor":19},{"not_picked":["Steam","Barrage+1","Lockon"],"picked":"Redo+1","floor":20},{"not_picked":["Melter+1","Glacier","Rebound"],"picked":"Gash","floor":21},{"not_picked":["Compile Driver","Hologram","Sunder"],"picked":"Rainbow","floor":28},{"not_picked":["Hologram","Blizzard","Rip and Tear+1"],"picked":"Cold Snap","floor":29},{"not_picked":["Hologram+1","Cold Snap","Coolheaded"],"picked":"Genetic Algorithm","floor":30}],"player_experience":26330,"relics_obtained":[{"floor":7,"key":"PreservedInsect"},{"floor":9,"key":"Question Card"},{"floor":12,"key":"Shuriken"},{"floor":14,"key":"Unceasing Top"},{"floor":26,"key":"Matryoshka"},{"floor":28,"key":"Pear"}],"event_choices":[{"cards_removed":["Biased Cognition"],"damage_healed":13,"gold_gain":0,"player_choice":"Offered Rare","damage_taken":0,"max_hp_gain":10,"max_hp_loss":0,"event_name":"Bonfire Elementals","floor":5,"gold_loss":0},{"damage_healed":0,"gold_gain":0,"player_choice":"Shed Blood","damage_taken":23,"max_hp_gain":5,"max_hp_loss":0,"event_name":"Forgotten Altar","floor":22,"gold_loss":0},{"damage_healed":0,"gold_gain":0,"player_choice":"Ignored","damage_taken":0,"max_hp_gain":0,"max_hp_loss":0,"event_name":"Ghosts","floor":27,"gold_loss":0}],"is_beta":false,"boss_relics":[{"not_picked":["Busted Crown","Cursed Key"],"picked":"Lizard Tail"}],"items_purged_floors":[24],"is_endless":false,"potions_floor_spawned":[3,7,11,14,16,18,28,29],"killed_by":"Automaton","ascension_level":0}