{"gold_per_floor":[110,120,120,131,147,147,178,178,178,207,207,226,226,244,244,244],"floor_reached":16,"playtime":1416,"items_purged":[],"score":118,"play_id":"6b1757db-1e61-44d4-a05a-38527e2ddb0a","local_time":"20190127132735","is_ascension_mode":true,"campfire_choices":[{"data":"Fire Breathing","floor":6,"key":"SMITH"},{"floor":8,"key":"REST"},{"data":"Double Tap","floor":15,"key":"SMITH"}],"neow_cost":"NONE","seed_source_timestamp":163296225031519,"circlet_count":0,"master_deck":["Strike_R","Strike_R","Strike_R","Strike_R","Defend_R","Defend_R","Defend_R","Defend_R","Bash","Evolve","Shrug It Off","Thunderclap","Fire Breathing+1","Reckless Charge","Reaper","Double Tap+1","Shrug It Off","Clash"],"special_seed":0,"relics":["Burning Blood","Frozen Egg 2","Sundial","Juzu Bracelet"],"potions_floor_usage":[5,7],"damage_taken":[{"damage":5,"enemies":"Jaw Worm","floor":1,"turns":4},{"damage":14,"enemies":"Small Slimes","floor":2,"turns":4},{"damage":4,"enemies":"Cultist","floor":4,"turns":6},{"damage":18,"enemies":"Exordium Thugs","floor":5,"turns":8},{"damage":29,"enemies":"3 Sentries","floor":7,"turns":7},{"damage":39,"enemies":"Lagavulin","floor":10,"turns":9},{"damage":11,"enemies":"Blue Slaver","floor":12,"turns":5},{"damage":5,"enemies":"3 Louse","floor":14,"turns":4},{"damage":79,"enemies":"Hexaghost","floor":16,"turns":14}],"seed_played":"-23318554588430560","potions_obtained":[{"floor":4,"key":"Weak Potion"},{"floor":5,"key":"Poison Potion"},{"floor":14,"key":"Explosive Potion"}],"is_trial":false,"path_per_floor":["M","M","?","M","M","R","E","R","T","E","?","M","?","M","R","B"],"character_chosen":"IRONCLAD","items_purchased":[],"campfire_rested":1,"item_purchase_floors":[],"current_hp_per_floor":[88,80,80,82,70,70,47,73,73,40,40,39,68,71,71,0],"gold":244,"neow_bonus":"TEN_PERCENT_HP_BONUS","is_prod":false,"is_daily":false,"chose_seed":false,"campfire_upgraded":2,"win_rate":0,"timestamp":1548595655,"path_taken":["M","M","?","M","M","R","E","R","T","E","?","M","?","M","R","BOSS"],"build_version":"2019-01-23","purchased_purges":0,"victory":false,"max_hp_per_floor":[88,88,88,88,88,88,88,88,88,88,88,88,88,88,88,88],"card_choices":[{"not_picked":["Clothesline","Clash"],"picked":"Evolve","floor":1},{"not_picked":["Clash","Corruption"],"picked":"Shrug It Off","floor":2},{"not_picked":["Anger","Corruption"],"picked":"Thunderclap","floor":4},{"not_picked":["Rupture","Blood for Blood"],"picked":"Fire Breathing","floor":5},{"not_picked":["Clash","Perfected Strike"],"picked":"Reckless Charge","floor":7},{"not_picked":["Shockwave","Burning Pact"],"picked":"Reaper","floor":10},{"not_picked":["Armaments","Perfected Strike"],"picked":"Clash","floor":12},{"not_picked":["Entrench","Heavy Blade","Sword Boomerang"],"picked":"SKIP","floor":14}],"player_experience":231820,"relics_obtained":[{"floor":7,"key":"Frozen Egg 2"},{"floor":9,"key":"Sundial"},{"floor":10,"key":"Juzu Bracelet"}],"event_choices":[{"cards_removed":["Strike_R"],"damage_healed":0,"gold_gain":0,"player_choice":"Forget","damage_taken":0,"max_hp_gain":0,"max_hp_loss":0,"event_name":"Living Wall","floor":3,"gold_loss":0},{"damage_healed":0,"gold_gain":0,"player_choice":"2 cards matched","damage_taken":0,"max_hp_gain":0,"max_hp_loss":0,"event_name":"Match and Keep!","floor":11,"gold_loss":0,"cards_obtained":["Double Tap","Shrug It Off"]},{"damage_healed":29,"gold_gain":0,"player_choice":"Banana","damage_taken":0,"max_hp_gain":0,"max_hp_loss":0,"event_name":"Big Fish","floor":13,"gold_loss":0}],"is_beta":false,"boss_relics":[],"items_purged_floors":[],"is_endless":false,"potions_floor_spawned":[4,5,14],"killed_by":"Hexaghost","ascension_level":1}