{"gold_per_floor":[110,185,360,70,81,112,132,132,132,163,163,10,10,10,10,114,114,132,132,132,132,147,147,50,79,79,79],"floor_reached":27,"playtime":1490,"items_purged":["Doubt"],"score":353,"play_id":"b64371a6-b0cc-4dab-8499-9f1801844c23","local_time":"20181110233730","is_ascension_mode":true,"campfire_choices":[{"floor":8.0,"key":"REST"},{"data":"Anger","floor":11.0,"key":"SMITH"},{"data":"Feed","floor":13.0,"key":"SMITH"},{"floor":15.0,"key":"REST"},{"data":"Demon Form","floor":23.0,"key":"SMITH"}],"neow_cost":"NONE","seed_source_timestamp":0,"circlet_count":0,"master_deck":["AscendersBane","Strike_R+1","Strike_R+1","Strike_R+1","Strike_R+1","Defend_R+1","Defend_R+1","Defend_R+1","Defend_R+1","Bash","Anger+1","Corruption","Seeing Red+1","Carnage","Intimidate+1","Havoc+1","Feed+1","Demon Form+1","Warcry+1","Spot Weakness+1","Entrench+1","True Grit+1","Shrug It Off+1","Normality"],"special_seed":0,"relics":["Burning Blood","Bronze Scales","Toxic Egg 2","Mercury Hourglass","Bottled Tornado","Self Forming Clay","Cursed Key","Bottled Flame","Girya"],"potions_floor_usage":[],"damage_taken":[{"damage":4.0,"enemies":"Small Slimes","floor":1.0,"turns":3.0},{"damage":18.0,"enemies":"Jaw Worm","floor":5.0,"turns":5.0},{"damage":50.0,"enemies":"3 Sentries","floor":6.0,"turns":11.0},{"damage":4.0,"enemies":"2 Louse","floor":7.0,"turns":3.0},{"damage":28.0,"enemies":"Gremlin Nob","floor":10.0,"turns":4.0},{"damage":33.0,"enemies":"Slime Boss","floor":16.0,"turns":9.0},{"damage":6.0,"enemies":"Shell Parasite","floor":18.0,"turns":4.0},{"damage":20.0,"enemies":"Colosseum Slavers","floor":20.0,"turns":4.0},{"damage":0.0,"enemies":"Spheric Guardian","floor":22.0,"turns":3.0},{"damage":59.0,"enemies":"Slavers","floor":25.0,"turns":7.0},{"damage":15,"enemies":"Centurion and Healer","floor":27,"turns":1}],"seed_played":"-5245429451631442877","potions_obtained":[{"floor":6.0,"key":"Fire Potion"},{"floor":7.0,"key":"GamblersBrew"}],"is_trial":false,"path_per_floor":["M","?","?","$","M","E","M","R","T","E","R","$","R","?","R","B",null,"M","?","?","?","M","R","$","E","T","M"],"character_chosen":"IRONCLAD","items_purchased":["Toxic Egg 2","Corruption","Feed","Entrench+1","True Grit+1"],"campfire_rested":2,"item_purchase_floors":[4,4,12,24,24],"current_hp_per_floor":[74,63,63,63,51,7,9,33,33,11,11,11,11,11,35,8,62,62,62,52,52,62,62,62,13,13,0],"gold":79,"neow_bonus":"RANDOM_COMMON_RELIC","is_prod":false,"is_daily":false,"chose_seed":false,"campfire_upgraded":3,"win_rate":0,"timestamp":1541889450,"path_taken":["M","?","?","$","M","E","M","R","T","E","R","?","R","?","R","BOSS","M","?","?","?","M","R","$","E","T","M"],"build_version":"2018-11-08","purchased_purges":1,"victory":false,"max_hp_per_floor":[80,80,80,80,80,80,80,80,80,80,80,80,80,80,80,80,80,80,80,84,84,88,88,88,92,92,92],"card_choices":[{"not_picked":["Twin Strike","Rupture"],"picked":"Anger","floor":1.0},{"not_picked":["Perfected Strike","Evolve"],"picked":"Seeing Red+1","floor":5.0},{"not_picked":["Thunderclap","Intimidate+1"],"picked":"Carnage","floor":6.0},{"not_picked":["Sword Boomerang","Brutality"],"picked":"Intimidate+1","floor":7.0},{"not_picked":["Hemokinesis","Reckless Charge"],"picked":"Havoc+1","floor":10.0},{"not_picked":["Limit Break+1","Offering+1"],"picked":"Demon Form","floor":16.0},{"not_picked":["Intimidate+1","Metallicize"],"picked":"Warcry+1","floor":18.0},{"not_picked":["Pommel Strike","Rampage"],"picked":"Spot Weakness+1","floor":22.0},{"not_picked":["Clash","Inflame"],"picked":"Shrug It Off+1","floor":25.0}],"player_experience":486126,"relics_obtained":[{"floor":6.0,"key":"Mercury Hourglass"},{"floor":9.0,"key":"Bottled Tornado"},{"floor":10.0,"key":"Self Forming Clay"},{"floor":25.0,"key":"Bottled Flame"},{"floor":26.0,"key":"Girya"}],"event_choices":[{"damage_healed":0.0,"max_hp_gain":0.0,"max_hp_loss":0.0,"gold_gain":75.0,"event_name":"World of Goop","player_choice":"Gather Gold","floor":2.0,"gold_loss":0.0,"damage_taken":11.0},{"damage_healed":0.0,"max_hp_gain":0.0,"max_hp_loss":0.0,"gold_gain":175.0,"event_name":"Liars Game","player_choice":"AGREE","floor":3.0,"gold_loss":0.0,"damage_taken":0.0,"cards_obtained":["Doubt"]},{"cards_removed":["Strike_R"],"damage_healed":0.0,"max_hp_gain":0.0,"max_hp_loss":0.0,"gold_gain":0.0,"event_name":"Purifier","player_choice":"Purged","floor":14.0,"gold_loss":0.0,"damage_taken":0.0},{"damage_healed":0.0,"max_hp_gain":0.0,"max_hp_loss":0.0,"gold_gain":0.0,"event_name":"Back to Basics","player_choice":"Simplicity","floor":19.0,"gold_loss":0.0,"damage_taken":0.0,"cards_upgraded":["Strike_R","Strike_R","Strike_R","Strike_R","Defend_R","Defend_R","Defend_R","Defend_R"]},{"damage_healed":0.0,"max_hp_gain":0.0,"max_hp_loss":0.0,"gold_gain":0.0,"event_name":"Colosseum","player_choice":"Fight","floor":20.0,"gold_loss":0.0,"damage_taken":0.0},{"damage_healed":0.0,"max_hp_gain":0.0,"max_hp_loss":0.0,"gold_gain":0.0,"event_name":"Colosseum","player_choice":"Fled From Nobs","floor":20.0,"gold_loss":0.0,"damage_taken":0.0},{"damage_healed":0.0,"max_hp_gain":0.0,"max_hp_loss":0.0,"gold_gain":0.0,"event_name":"Ghosts","player_choice":"Ignored","floor":21.0,"gold_loss":0.0,"damage_taken":0.0}],"is_beta":false,"boss_relics":[{"not_picked":["Orrery","Tiny House"],"picked":"Cursed Key"}],"items_purged_floors":[12],"is_endless":false,"potions_floor_spawned":[6,7,20],"killed_by":"Centurion and Healer","ascension_level":10}