{"gold_per_floor":[115,128,138,138,152,152,181,181,181,181,181,210,226,253,253,354,354,365,384,140,159,176,233,65,139,139,139,139,139,157,167,167,267,267,282,296,296,314,314,314,345,345,368,368,21,40,58,72,72,72],"floor_reached":50,"playtime":4921,"items_purged":["Strike_G","Strike_G+1"],"score":674,"play_id":"4069b434-6bce-466d-b296-763f91358ed6","local_time":"20190102161036","is_ascension_mode":true,"campfire_choices":[{"data":"Neutralize","floor":6,"key":"SMITH"},{"data":"Finisher","floor":8,"key":"SMITH"},{"data":"Survivor","floor":15,"key":"SMITH"},{"floor":28,"key":"REST"},{"floor":32,"key":"REST"},{"data":"Dodge and Roll","floor":40,"key":"SMITH"},{"data":"Finesse","floor":42,"key":"SMITH"},{"floor":44,"key":"REST"},{"floor":49,"key":"RECALL"}],"neow_cost":"NONE","seed_source_timestamp":333469960625543,"circlet_count":0,"master_deck":["Defend_G+1","Defend_G+1","Defend_G+1","Defend_G+1","Defend_G+1","Strike_G+1","Strike_G+1","Strike_G+1","Survivor+1","Neutralize+1","Finisher+1","Backstab","Acrobatics","Slice","Dodge and Roll+1","Dash","A Thousand Cuts+1","Caltrops+1","Well Laid Plans+1","Dagger Spray","Outmaneuver+1","Footwork+1","Finesse+1","A Thousand Cuts+1","Endless Agony","Cloak And Dagger+1","Deflect+1","Noxious Fumes+1"],"relics":["Ring of the Snake","Lantern","Question Card","Shuriken","Singing Bowl","Frozen Egg 2","Philosopher\u0027s Stone","HandDrill","Tiny Chest","Turnip","GremlinMask","Busted Crown","Matryoshka","Mummified Hand","Strawberry","Ancient Tea Set","Kunai"],"potions_floor_usage":[7,7,16,50,50],"damage_taken":[{"damage":0,"enemies":"Cultist","floor":1,"turns":3},{"damage":0,"enemies":"2 Louse","floor":2,"turns":2},{"damage":1,"enemies":"Jaw Worm","floor":3,"turns":4},{"damage":0,"enemies":"Blue Slaver","floor":5,"turns":4},{"damage":16,"enemies":"Lagavulin","floor":7,"turns":10},{"damage":12,"enemies":"3 Sentries","floor":12,"turns":5},{"damage":0,"enemies":"Large Slime","floor":13,"turns":1},{"damage":21,"enemies":"Gremlin Nob","floor":14,"turns":4},{"damage":0,"enemies":"Slime Boss","floor":16,"turns":7},{"damage":12,"enemies":"Spheric Guardian","floor":18,"turns":4},{"damage":4,"enemies":"Chosen","floor":19,"turns":3},{"damage":18,"enemies":"Sentry and Sphere","floor":21,"turns":4},{"damage":9,"enemies":"Snake Plant","floor":22,"turns":3},{"damage":27,"enemies":"Book of Stabbing","floor":23,"turns":5},{"damage":7,"enemies":"Snecko","floor":30,"turns":4},{"damage":1,"enemies":"3 Cultists","floor":31,"turns":5},{"damage":8,"enemies":"Champ","floor":33,"turns":9},{"damage":4,"enemies":"3 Shapes","floor":35,"turns":4},{"damage":33,"enemies":"3 Darklings","floor":36,"turns":4},{"damage":5,"enemies":"Sphere and 2 Shapes","floor":38,"turns":4},{"damage":23,"enemies":"Giant Head","floor":41,"turns":8},{"damage":14,"enemies":"4 Shapes","floor":46,"turns":3},{"damage":18,"enemies":"Jaw Worm Horde","floor":47,"turns":4},{"damage":0,"enemies":"Maw","floor":48,"turns":7},{"damage":47,"enemies":"Awakened One","floor":50,"turns":9}],"seed_played":"-693205747215666480","potions_obtained":[{"floor":1,"key":"EssenceOfSteel"},{"floor":2,"key":"EssenceOfSteel"},{"floor":14,"key":"SteroidPotion"},{"floor":16,"key":"PowerPotion"},{"floor":23,"key":"Ancient Potion"},{"floor":31,"key":"SteroidPotion"}],"is_trial":false,"path_per_floor":["M","M","M","?","M","R","E","R","T","?","?","E","M","E","R","B",null,"M","M","$","M","M","E","$","T","T","?","R","?","M","M","R","B",null,"M","M","T","M","?","R","E","R","T","R","$","M","M","M","R","B"],"character_chosen":"THE_SILENT","items_purchased":["Dagger Spray","HandDrill","Finesse","Kunai"],"campfire_rested":3,"item_purchase_floors":[20,20,24,45],"current_hp_per_floor":[77,77,76,61,61,61,45,45,45,20,77,67,67,46,46,46,79,67,63,63,47,38,11,11,11,11,11,35,35,30,31,56,48,85,81,48,48,45,45,45,22,22,29,57,57,45,27,29,29,0],"gold":72,"neow_bonus":"TEN_PERCENT_HP_BONUS","is_prod":false,"is_daily":false,"chose_seed":false,"campfire_upgraded":5,"win_rate":0,"timestamp":1546467036,"path_taken":["M","M","M","?","M","R","E","R","T","?","?","E","M","E","R","BOSS","M","M","$","?","M","E","$","?","T","?","R","?","M","?","R","BOSS","M","M","?","?","?","R","E","R","T","R","$","M","M","M","R","BOSS"],"build_version":"2018-12-20","purchased_purges":2,"victory":false,"max_hp_per_floor":[77,77,77,77,77,77,77,77,77,77,77,79,79,79,79,79,79,79,79,79,81,81,81,81,81,81,81,81,81,83,85,85,85,85,85,85,85,87,87,87,87,87,94,94,94,96,96,98,98,98],"card_choices":[{"not_picked":["Flechettes","Quick Slash"],"picked":"Finisher","floor":1},{"not_picked":["All Out Attack","Dodge and Roll"],"picked":"Backstab","floor":2},{"not_picked":["Deadly Poison","Outmaneuver"],"picked":"Acrobatics","floor":3},{"not_picked":["All Out Attack","Prepared"],"picked":"Calculated Gamble","floor":5},{"not_picked":["Setup","Blade Dance"],"picked":"Slice","floor":7},{"not_picked":["Poisoned Stab","Tactician","Slice","Deadly Poison"],"picked":"Singing Bowl","floor":12},{"not_picked":["Escape Plan","Storm of Steel","Bane"],"picked":"Dodge and Roll","floor":13},{"not_picked":["PiercingWail","Catalyst","Sucker Punch"],"picked":"Dash","floor":14},{"not_picked":["Phantasmal Killer","Corpse Explosion","Night Terror"],"picked":"A Thousand Cuts+1","floor":16},{"not_picked":["Backstab+1","Quick Slash+1","Finisher"],"picked":"Caltrops+1","floor":18},{"not_picked":["Sucker Punch","Flying Knee","Outmaneuver+1"],"picked":"Well Laid Plans+1","floor":19},{"not_picked":["Flying Knee","Well Laid Plans+1","Terror","Outmaneuver"],"picked":"Singing Bowl","floor":21},{"not_picked":["Dagger Throw","Masterful Stab","Well Laid Plans+1"],"picked":"Outmaneuver+1","floor":22},{"not_picked":["Flying Knee+1","Dagger Throw","Cloak And Dagger"],"picked":"Footwork+1","floor":23},{"not_picked":["Dash","Riddle With Holes","Caltrops+1","Accuracy+1"],"picked":"Singing Bowl","floor":30},{"not_picked":["Skewer","Eviscerate","Distraction","Bouncing Flask"],"picked":"Singing Bowl","floor":31},{"not_picked":["Grand Finale","Storm of Steel","Corpse Explosion"],"picked":"A Thousand Cuts+1","floor":33},{"not_picked":["Reflex+1"],"picked":"Endless Agony","floor":35},{"not_picked":["Prepared+1"],"picked":"Cloak And Dagger+1","floor":36},{"not_picked":["PiercingWail","Outmaneuver+1"],"picked":"Singing Bowl","floor":38},{"not_picked":["Storm of Steel"],"picked":"Deflect+1","floor":41},{"not_picked":["Flying Knee","Tactician"],"picked":"Singing Bowl","floor":46},{"not_picked":["Bane"],"picked":"Noxious Fumes+1","floor":47},{"not_picked":["Deadly Poison+1","Dagger Spray+1"],"picked":"Singing Bowl","floor":48}],"player_experience":273541,"relics_obtained":[{"floor":7,"key":"Lantern"},{"floor":9,"key":"Question Card"},{"floor":12,"key":"Singing Bowl"},{"floor":14,"key":"Frozen Egg 2"},{"floor":23,"key":"Tiny Chest"},{"floor":26,"key":"Turnip"},{"floor":37,"key":"Matryoshka"},{"floor":41,"key":"Mummified Hand"},{"floor":43,"key":"Strawberry"},{"floor":43,"key":"Ancient Tea Set"}],"event_choices":[{"damage_healed":0,"gold_gain":0,"player_choice":"Entered Light","damage_taken":15,"max_hp_gain":0,"max_hp_loss":0,"event_name":"Shining Light","floor":4,"gold_loss":0,"cards_upgraded":["Defend_G","Strike_G"]},{"damage_healed":0,"gold_gain":0,"player_choice":"Success","damage_taken":25,"relics_obtained":["Shuriken"],"max_hp_gain":0,"max_hp_loss":0,"event_name":"Scrap Ooze","floor":10,"gold_loss":0},{"cards_removed":["Calculated Gamble"],"damage_healed":57,"gold_gain":0,"player_choice":"Offered Uncommon","damage_taken":0,"max_hp_gain":0,"max_hp_loss":0,"event_name":"Bonfire Elementals","floor":11,"gold_loss":0},{"damage_healed":0,"gold_gain":0,"player_choice":"Simplicity","damage_taken":0,"max_hp_gain":0,"max_hp_loss":0,"event_name":"Back to Basics","floor":27,"gold_loss":0,"cards_upgraded":["Defend_G","Defend_G","Defend_G","Defend_G","Strike_G","Strike_G","Strike_G"]},{"damage_healed":0,"gold_gain":0,"player_choice":"Trade","damage_taken":0,"relics_obtained":["GremlinMask"],"max_hp_gain":0,"max_hp_loss":0,"event_name":"FaceTrader","floor":29,"gold_loss":0},{"damage_healed":0,"gold_gain":0,"player_choice":"Ignored","damage_taken":0,"max_hp_gain":0,"max_hp_loss":0,"event_name":"Tomb of Lord Red Mask","floor":39,"gold_loss":0}],"is_beta":false,"boss_relics":[{"not_picked":["HoveringKite","Ring of the Serpent"],"picked":"Philosopher\u0027s Stone"},{"not_picked":["Tiny House","Snecko Eye"],"picked":"Busted Crown"}],"items_purged_floors":[24,45],"is_endless":false,"potions_floor_spawned":[1,2,14,16,23,31,33,35,41,48],"killed_by":"Awakened One","ascension_level":3}