{"gold_per_floor":[111,123,298,298,273,303,303,317,617,617,617,617,651,664,664,664],"floor_reached":16,"playtime":536,"items_purged":[],"score":124,"play_id":"43d5060f-9987-4939-a25e-7f89ec3706ae","local_time":"20190203144317","is_ascension_mode":true,"campfire_choices":[{"floor":7,"key":"REST"},{"floor":10,"key":"REST"},{"data":"Zap","floor":12,"key":"SMITH"},{"floor":15,"key":"REST"}],"neow_cost":"NONE","seed_source_timestamp":180015753087988,"circlet_count":0,"master_deck":["Strike_B+1","Strike_B","Strike_B","Strike_B","Defend_B","Defend_B","Defend_B","Defend_B","Zap+1","Dualcast","Gash+1","Doubt","Streamline","Gash","Rebound","Leap","Scrape"],"relics":["Cracked Core","Ancient Tea Set","Prayer Wheel","Old Coin","Oddly Smooth Stone","Darkstone Periapt"],"potions_floor_usage":[6],"damage_taken":[{"damage":6,"enemies":"2 Louse","floor":1,"turns":3},{"damage":0,"enemies":"Small Slimes","floor":2,"turns":3},{"damage":40,"enemies":"3 Sentries","floor":6,"turns":7},{"damage":0,"enemies":"Cultist","floor":8,"turns":2},{"damage":18,"enemies":"Gremlin Nob","floor":13,"turns":4},{"damage":22,"enemies":"Gremlin Gang","floor":14,"turns":4},{"damage":29,"enemies":"Slime Boss","floor":16,"turns":3}],"seed_played":"8457512489257397827","potions_obtained":[{"floor":2,"key":"Fire Potion"},{"floor":13,"key":"FocusPotion"}],"is_trial":false,"path_per_floor":["M","M","?","?","?","E","R","M","T","R","?","R","E","M","R","B"],"character_chosen":"DEFECT","items_purchased":[],"campfire_rested":3,"item_purchase_floors":[],"current_hp_per_floor":[69,69,69,54,54,14,36,36,36,58,46,46,28,6,28,0],"gold":664,"neow_bonus":"RANDOM_COMMON_RELIC","is_prod":false,"is_daily":false,"chose_seed":false,"campfire_upgraded":1,"win_rate":0,"timestamp":1549201397,"path_taken":["M","M","?","?","?","E","R","M","T","R","?","R","E","M","R","BOSS"],"build_version":"2019-01-23","purchased_purges":0,"victory":false,"max_hp_per_floor":[75,75,75,75,75,75,75,75,75,75,75,75,75,75,75,75],"card_choices":[{"not_picked":["Steam","Compile Driver"],"picked":"Gash","floor":1},{"not_picked":["Storm","Heatsinks","Stack"],"picked":"SKIP","floor":2},{"not_picked":["Storm","Sunder"],"picked":"Streamline","floor":6},{"not_picked":["Sunder","Fusion"],"picked":"Gash","floor":8},{"not_picked":["Turbo","Consume"],"picked":"Rebound","floor":8},{"not_picked":["Reinforced Body","Compile Driver"],"picked":"Leap","floor":13},{"not_picked":["Leap","Turbo"],"picked":"Scrape","floor":14},{"not_picked":["Tempest","Darkness","Doom and Gloom"],"picked":"SKIP","floor":14}],"player_experience":520289,"relics_obtained":[{"floor":6,"key":"Prayer Wheel"},{"floor":9,"key":"Old Coin"},{"floor":13,"key":"Darkstone Periapt"}],"event_choices":[{"damage_healed":0,"gold_gain":175,"player_choice":"AGREE","damage_taken":0,"max_hp_gain":0,"max_hp_loss":0,"event_name":"Liars Game","floor":3,"gold_loss":0,"cards_obtained":["Doubt"]},{"damage_healed":0,"gold_gain":0,"player_choice":"Entered Light","damage_taken":15,"max_hp_gain":0,"max_hp_loss":0,"event_name":"Shining Light","floor":4,"gold_loss":0,"cards_upgraded":["Gash","Strike_B"]},{"damage_healed":0,"gold_gain":0,"player_choice":"Left Gold","damage_taken":0,"max_hp_gain":0,"max_hp_loss":0,"event_name":"World of Goop","floor":5,"gold_loss":25},{"damage_healed":0,"gold_gain":0,"player_choice":"Success","damage_taken":12,"relics_obtained":["Oddly Smooth Stone"],"max_hp_gain":0,"max_hp_loss":0,"event_name":"Scrap Ooze","floor":11,"gold_loss":0}],"is_beta":false,"boss_relics":[],"items_purged_floors":[],"is_endless":false,"potions_floor_spawned":[2,13],"killed_by":"Slime Boss","ascension_level":3}