{"gold_per_floor":[113,113,38,48,62,62,94,109,133,82,82,157,173,199,199,298,298,308,308,308,322,322,322,341,351,351,351,7,7,7,17,17,17],"floor_reached":33,"playtime":2032,"items_purged":["Strike_R"],"score":318,"play_id":"9a9def0c-04df-4df7-a4d5-9bf4fe05a629","local_time":"20190128145041","is_ascension_mode":true,"campfire_choices":[{"data":"Flex","floor":6,"key":"SMITH"},{"data":"Cleave","floor":11,"key":"SMITH"},{"floor":15,"key":"REST"},{"data":"Flex","floor":23,"key":"SMITH"},{"floor":27,"key":"REST"},{"data":"Evolve","floor":29,"key":"SMITH"},{"floor":32,"key":"REST"}],"neow_cost":"NONE","seed_source_timestamp":254127239722160,"circlet_count":0,"master_deck":["Strike_R","Strike_R","Defend_R","Defend_R","Defend_R","Defend_R","Bash","Wild Strike","Flex+1","Flex+1","Evolve+1","Cleave+1","Rupture","Uppercut","Offering","Power Through","Shrug It Off","Power Through","Inflame"],"relics":["Burning Blood","CultistMask","Anchor","Red Skull","Pen Nib","Empty Cage","Vajra","Strawberry","Mango"],"potions_floor_usage":[0,8,14,14,16,21,33,33],"damage_taken":[{"damage":1,"enemies":"2 Louse","floor":1,"turns":3},{"damage":1,"enemies":"Cultist","floor":4,"turns":3},{"damage":3,"enemies":"Small Slimes","floor":5,"turns":4},{"damage":40,"enemies":"Lagavulin","floor":7,"turns":6},{"damage":0,"enemies":"Blue Slaver","floor":8,"turns":1},{"damage":5,"enemies":"3 Louse","floor":13,"turns":3},{"damage":30,"enemies":"Gremlin Nob","floor":14,"turns":4},{"damage":45,"enemies":"Hexaghost","floor":16,"turns":9},{"damage":11,"enemies":"Spheric Guardian","floor":18,"turns":3},{"damage":33,"enemies":"3 Byrds","floor":21,"turns":4},{"damage":24,"enemies":"Centurion and Healer","floor":24,"turns":5},{"damage":6,"enemies":"Chosen and Byrds","floor":25,"turns":5},{"damage":37,"enemies":"Sentry and Sphere","floor":31,"turns":7},{"damage":84,"enemies":"Automaton","floor":33,"turns":10}],"seed_played":"3276457336902144680","potions_obtained":[{"floor":0,"key":"Energy Potion"},{"floor":0,"key":"Fruit Juice"},{"floor":0,"key":"Dexterity Potion"},{"floor":5,"key":"LiquidBronze"},{"floor":13,"key":"LiquidBronze"},{"floor":18,"key":"Fire Potion"},{"floor":25,"key":"GamblersBrew"},{"floor":31,"key":"Explosive Potion"}],"is_trial":false,"path_per_floor":["M","?","$","M","M","R","E","M","T","$","R","?","M","E","R","B",null,"M","?","?","M","?","R","M","M","T","R","$","R","?","M","R","B"],"character_chosen":"IRONCLAD","items_purchased":["Cleave","Mango","Power Through"],"campfire_rested":3,"item_purchase_floors":[10,28,28],"current_hp_per_floor":[85,85,85,85,85,85,51,57,57,57,57,46,47,23,48,9,85,80,64,64,37,37,37,19,19,26,55,69,69,69,38,71,0],"gold":17,"neow_bonus":"THREE_SMALL_POTIONS","is_prod":false,"is_daily":false,"chose_seed":false,"campfire_upgraded":4,"win_rate":0,"timestamp":1548687041,"path_taken":["M","?","$","M","?","R","E","M","T","?","R","?","M","E","R","BOSS","M","?","?","M","?","R","?","M","T","R","$","R","?","M","R","BOSS"],"build_version":"2019-01-23","purchased_purges":1,"victory":false,"max_hp_per_floor":[85,85,85,85,85,85,85,85,85,85,85,85,85,85,85,85,85,85,90,90,90,90,90,90,90,97,97,111,111,111,111,111,111],"card_choices":[{"not_picked":["Entrench","Spot Weakness"],"picked":"Wild Strike","floor":1},{"not_picked":["Burning Pact","Dual Wield"],"picked":"Flex","floor":4},{"not_picked":["Twin Strike","Thunderclap"],"picked":"Flex","floor":5},{"not_picked":["Burning Pact","Armaments"],"picked":"Evolve","floor":7},{"not_picked":["Flame Barrier","Dual Wield","Havoc"],"picked":"SKIP","floor":8},{"not_picked":["Cleave","Flex"],"picked":"Rupture","floor":13},{"not_picked":["Pummel","Anger"],"picked":"Uppercut","floor":14},{"not_picked":["Immolate","Bludgeon"],"picked":"Offering","floor":16},{"not_picked":["Warcry","Rage","Carnage+1"],"picked":"SKIP","floor":18},{"not_picked":["Armaments+1","Body Slam","Perfected Strike"],"picked":"SKIP","floor":21},{"not_picked":["Feel No Pain","Sever Soul+1"],"picked":"Power Through","floor":24},{"not_picked":["Sword Boomerang","Metallicize+1"],"picked":"Shrug It Off","floor":25},{"not_picked":["Cleave+1","Perfected Strike"],"picked":"Inflame","floor":31}],"player_experience":233236,"relics_obtained":[{"floor":7,"key":"Anchor"},{"floor":9,"key":"Red Skull"},{"floor":14,"key":"Pen Nib"},{"floor":26,"key":"Strawberry"}],"event_choices":[{"damage_healed":0,"gold_gain":0,"player_choice":"Trade","damage_taken":0,"relics_obtained":["CultistMask"],"max_hp_gain":0,"max_hp_loss":0,"event_name":"FaceTrader","floor":2,"gold_loss":0},{"damage_healed":0,"gold_gain":75,"player_choice":"Gather Gold","damage_taken":11,"max_hp_gain":0,"max_hp_loss":0,"event_name":"World of Goop","floor":12,"gold_loss":0},{"damage_healed":0,"gold_gain":0,"player_choice":"Shed Blood","damage_taken":21,"max_hp_gain":5,"max_hp_loss":0,"event_name":"Forgotten Altar","floor":19,"gold_loss":0},{"damage_healed":0,"gold_gain":0,"player_choice":"Opened","damage_taken":0,"relics_obtained":["Vajra"],"max_hp_gain":0,"max_hp_loss":0,"event_name":"The Mausoleum","floor":20,"gold_loss":0,"cards_obtained":["Writhe"]},{"damage_healed":0,"gold_gain":0,"player_choice":"Ignored","damage_taken":0,"max_hp_gain":0,"max_hp_loss":0,"event_name":"Ghosts","floor":22,"gold_loss":0},{"cards_removed":["Writhe"],"damage_healed":0,"gold_gain":0,"player_choice":"Purged","damage_taken":0,"max_hp_gain":0,"max_hp_loss":0,"event_name":"Purifier","floor":30,"gold_loss":0}],"is_beta":false,"boss_relics":[{"not_picked":["Black Blood","Velvet Choker"],"picked":"Empty Cage"}],"items_purged_floors":[3],"is_endless":false,"potions_floor_spawned":[5,7,13,18,25,31],"killed_by":"Automaton","ascension_level":1}