{"gold_per_floor":[110,35,35,55,131,131,151,151,178,178,49,80,80,23,23,117,117,141,141,3,22,22,53,78,91,118,118,159,159,159,59,59,153,216,237,258,258,281,73,73,89,89,115,115],"floor_reached":44,"playtime":2577,"items_purged":["Strike_R","Strike_R","Strike_R"],"score":818,"play_id":"bd8d6d1e-a4ff-4b3f-ab21-abfc51238200","local_time":"20190119144115","is_ascension_mode":true,"campfire_choices":[{"data":"Bash","floor":6,"key":"SMITH"},{"data":"Clothesline","floor":8,"key":"SMITH"},{"data":"Thunderclap","floor":10,"key":"SMITH"},{"data":"Immolate","floor":15,"key":"SMITH"},{"data":"Battle Trance","floor":29,"key":"SMITH"},{"floor":32,"key":"REST"},{"data":"Shockwave","floor":40,"key":"SMITH"},{"data":"Ghostly","floor":42,"key":"SMITH"}],"neow_cost":"NONE","seed_source_timestamp":334997538102324,"circlet_count":0,"master_deck":["AscendersBane","Defend_R","Defend_R","Defend_R","Bash+1","Clothesline+1","Thunderclap+1","Feel No Pain+1","Immolate+1","Juggernaut","Shockwave+1","Battle Trance+1","Shrug It Off","Headbutt+1","Ghostly+1","Ghostly","Ghostly","Body Slam","Burning Pact+1","Impervious"],"relics":["Burning Blood","NeowsBlessing","Golden Idol","Omamori","Self Forming Clay","Busted Crown","Pen Nib","Strawberry","Bronze Scales","Nilry\u0027s Codex","Tiny House","Happy Flower"],"potions_floor_usage":[12,16,24,25,33,33,38,41],"damage_taken":[{"damage":0,"enemies":"2 Louse","floor":1,"turns":1},{"damage":0,"enemies":"Jaw Worm","floor":4,"turns":1},{"damage":0,"enemies":"Cultist","floor":7,"turns":1},{"damage":30,"enemies":"Lagavulin","floor":12,"turns":6},{"damage":10,"enemies":"Slime Boss","floor":16,"turns":6},{"damage":27,"enemies":"Shell Parasite","floor":18,"turns":5},{"damage":16,"enemies":"Spheric Guardian","floor":21,"turns":4},{"damage":14,"enemies":"Gremlin Leader","floor":23,"turns":7},{"damage":9,"enemies":"Centurion and Healer","floor":24,"turns":3},{"damage":5,"enemies":"Snake Plant","floor":25,"turns":3},{"damage":15,"enemies":"Book of Stabbing","floor":28,"turns":7},{"damage":22,"enemies":"Collector","floor":33,"turns":10},{"damage":1,"enemies":"Orb Walker","floor":35,"turns":3},{"damage":1,"enemies":"3 Shapes","floor":36,"turns":5},{"damage":25,"enemies":"Maw","floor":38,"turns":8},{"damage":2,"enemies":"3 Darklings","floor":41,"turns":3},{"damage":35,"enemies":"Nemesis","floor":44,"turns":9}],"seed_played":"-4383497893406568368","potions_obtained":[{"floor":12,"key":"Ancient Potion"},{"floor":16,"key":"Weak Potion"},{"floor":23,"key":"Dexterity Potion"},{"floor":24,"key":"Fire Potion"},{"floor":25,"key":"Regen Potion"},{"floor":34,"key":"Fire Potion"},{"floor":35,"key":"Energy Potion"}],"is_trial":false,"path_per_floor":["M","?","?","M","T","R","M","R","T","R","$","E","?","$","R","B",null,"M","?","$","M","$","E","M","M","T","?","E","R","?","$","R","B",null,"M","M","?","M","$","R","M","R","T","E"],"character_chosen":"IRONCLAD","items_purchased":["Poison Potion","AttackPotion","Battle Trance","Shrug It Off","Impervious"],"campfire_rested":1,"item_purchase_floors":[11,14,20,20,39],"current_hp_per_floor":[74,74,68,68,68,68,68,68,68,68,68,44,66,66,66,62,67,46,46,46,36,36,28,25,26,33,33,24,24,3,3,14,13,36,41,42,42,23,23,23,27,27,27,0],"gold":115,"neow_bonus":"THREE_ENEMY_KILL","is_prod":false,"is_daily":false,"chose_seed":false,"campfire_upgraded":7,"win_rate":0,"timestamp":1547905275,"path_taken":["M","?","?","M","?","R","?","R","T","R","$","E","?","$","R","BOSS","M","?","?","?","$","E","M","M","T","?","E","R","?","$","R","BOSS","M","M","?","M","$","R","M","R","T","E"],"build_version":"2019-01-17v2","purchased_purges":3,"victory":false,"max_hp_per_floor":[75,75,68,68,68,68,68,68,68,68,68,68,68,68,68,68,68,68,68,68,68,68,68,68,68,75,37,37,37,37,37,37,37,42,42,42,42,42,42,42,42,42,42,42],"card_choices":[{"not_picked":["Flex","Heavy Blade"],"picked":"Clothesline","floor":1},{"not_picked":["Clash","Shrug It Off"],"picked":"Thunderclap","floor":4},{"not_picked":["Heavy Blade","Perfected Strike"],"picked":"Feel No Pain","floor":7},{"not_picked":["Dropkick","Clothesline"],"picked":"Immolate","floor":12},{"not_picked":["Bludgeon","Impervious"],"picked":"Juggernaut","floor":16},{"not_picked":[],"picked":"Shockwave","floor":18},{"not_picked":["Warcry"],"picked":"SKIP","floor":21},{"not_picked":[],"picked":"Headbutt+1","floor":23},{"not_picked":["Warcry"],"picked":"SKIP","floor":24},{"not_picked":["Bloodletting"],"picked":"SKIP","floor":25},{"not_picked":["Clothesline"],"picked":"SKIP","floor":28},{"not_picked":[],"picked":"Body Slam","floor":34},{"not_picked":["Flex"],"picked":"SKIP","floor":35},{"not_picked":["Headbutt+1"],"picked":"SKIP","floor":36},{"not_picked":[],"picked":"Burning Pact+1","floor":38},{"not_picked":["Pommel Strike"],"picked":"SKIP","floor":41}],"player_experience":962986,"relics_obtained":[{"floor":9,"key":"Omamori"},{"floor":12,"key":"Self Forming Clay"},{"floor":23,"key":"Pen Nib"},{"floor":26,"key":"Strawberry"},{"floor":28,"key":"Bronze Scales"},{"floor":30,"key":"Nilry\u0027s Codex"},{"floor":43,"key":"Happy Flower"}],"event_choices":[{"cards_removed":["Strike_R"],"damage_healed":0,"gold_gain":0,"player_choice":"Card Removal","damage_taken":0,"max_hp_gain":0,"max_hp_loss":0,"event_name":"The Cleric","floor":2,"gold_loss":75},{"damage_healed":0,"gold_gain":0,"player_choice":"Lose Max HP","damage_taken":0,"relics_obtained":["Golden Idol"],"max_hp_gain":0,"max_hp_loss":7,"event_name":"Golden Idol","floor":3,"gold_loss":0},{"damage_healed":22,"gold_gain":0,"player_choice":"Banana","damage_taken":0,"max_hp_gain":0,"max_hp_loss":0,"event_name":"Big Fish","floor":13,"gold_loss":0},{"cards_removed":["Strike_R"],"damage_healed":0,"gold_gain":0,"player_choice":"Purged","damage_taken":0,"max_hp_gain":0,"max_hp_loss":0,"event_name":"Purifier","floor":19,"gold_loss":0},{"damage_healed":0,"gold_gain":0,"player_choice":"Became a Ghost","damage_taken":0,"max_hp_gain":0,"max_hp_loss":38,"event_name":"Ghosts","floor":27,"gold_loss":0,"cards_obtained":["Ghostly","Ghostly","Ghostly"]},{"damage_healed":0,"gold_gain":0,"player_choice":"Obtained Book","damage_taken":21,"max_hp_gain":0,"max_hp_loss":0,"event_name":"Cursed Tome","floor":30,"gold_loss":0},{"cards_removed":["Defend_R"],"damage_healed":0,"gold_gain":0,"player_choice":"Removed Skill","damage_taken":0,"max_hp_gain":0,"max_hp_loss":0,"event_name":"Falling","floor":37,"gold_loss":0}],"is_beta":false,"boss_relics":[{"not_picked":["Fusion Hammer","Velvet Choker"],"picked":"Busted Crown"},{"not_picked":["Philosopher\u0027s Stone","Lizard Tail"],"picked":"Tiny House"}],"items_purged_floors":[11,31,39],"is_endless":false,"potions_floor_spawned":[12,16,23,24,25,35],"killed_by":"Nemesis","ascension_level":17}