{"gold_per_floor":[109,129,129,141,141,141,180,192,204,25,48,48,68,82,82,211,211,226,72,93,117,133,133,158,158,158,158,193,193,216,239,239,239],"floor_reached":33,"playtime":2036,"items_purged":["Evolve"],"score":388,"play_id":"49a6fe9f-5b7a-4aa2-b2fd-8f4fc4af3c75","local_time":"20190104132751","is_ascension_mode":true,"campfire_choices":[{"data":"Bash","floor":6,"key":"SMITH"},{"data":"Whirlwind","floor":8,"key":"SMITH"},{"data":"Headbutt","floor":12,"key":"SMITH"},{"data":"Anger","floor":15,"key":"SMITH"},{"data":"Second Wind","floor":23,"key":"SMITH"},{"data":"Offering","floor":25,"key":"SMITH"},{"floor":27,"key":"REST"},{"floor":32,"key":"REST"}],"neow_cost":"NONE","seed_source_timestamp":1844988914341,"circlet_count":0,"master_deck":["Bash+1","Headbutt+1","Whirlwind+1","Twin Strike","Anger+1","Offering+1","Rupture","Second Wind+1","True Grit","Pommel Strike","Headbutt","Barricade","Carnage","Uppercut","Inflame+1","Inflame","Shrug It Off","Armaments+1","Flex","Thunderclap","Metallicize"],"relics":["Burning Blood","Art of War","Mango","Golden Idol","MawBank","Ice Cream","Chemical X","Pandora\u0027s Box","Bird Faced Urn","Du-Vu Doll"],"potions_floor_usage":[28,29,33,33],"damage_taken":[{"damage":1,"enemies":"2 Louse","floor":1,"turns":2},{"damage":10,"enemies":"Cultist","floor":2,"turns":5},{"damage":9,"enemies":"Small Slimes","floor":4,"turns":4},{"damage":46,"enemies":"Lagavulin","floor":7,"turns":6},{"damage":16,"enemies":"Exordium Wildlife","floor":11,"turns":2},{"damage":0,"enemies":"Large Slime","floor":13,"turns":3},{"damage":0,"enemies":"3 Louse","floor":14,"turns":1},{"damage":0,"enemies":"Slime Boss","floor":16,"turns":4},{"damage":5,"enemies":"Chosen","floor":18,"turns":3},{"damage":26,"enemies":"Shell Parasite","floor":20,"turns":4},{"damage":6,"enemies":"Sentry and Sphere","floor":21,"turns":3},{"damage":19,"enemies":"Snake Plant","floor":22,"turns":3},{"damage":22,"enemies":"Snecko","floor":24,"turns":5},{"damage":46,"enemies":"Slavers","floor":28,"turns":3},{"damage":19,"enemies":"Centurion and Healer","floor":29,"turns":2},{"damage":10,"enemies":"Cultist and Chosen","floor":30,"turns":2},{"damage":6,"enemies":"Chosen and Byrds","floor":31,"turns":2},{"damage":73,"enemies":"Champ","floor":33,"turns":6}],"seed_played":"-2782666592207289649","potions_obtained":[{"floor":1,"key":"FearPotion"},{"floor":13,"key":"SmokeBomb"},{"floor":14,"key":"LiquidBronze"},{"floor":24,"key":"SteroidPotion"},{"floor":30,"key":"GamblersBrew"},{"floor":31,"key":"Poison Potion"}],"is_trial":false,"path_per_floor":["M","M","?","M","?","R","E","R","T","$","M","R","M","M","R","B",null,"M","$","M","M","M","R","M","R","T","R","E","M","M","M","R","B"],"character_chosen":"IRONCLAD","items_purchased":["Chemical X","Inflame"],"campfire_rested":2,"item_purchase_floors":[10,19],"current_hp_per_floor":[80,76,90,87,87,87,47,47,47,47,37,37,43,49,49,55,87,87,87,67,67,54,54,38,38,38,64,28,17,15,19,45,0],"gold":239,"neow_bonus":"RANDOM_COMMON_RELIC","is_prod":false,"is_daily":false,"chose_seed":false,"campfire_upgraded":6,"win_rate":0,"timestamp":1546630071,"path_taken":["M","M","?","?","?","R","E","R","T","$","M","R","M","M","R","BOSS","M","$","M","M","M","R","M","R","T","R","E","M","M","M","R","BOSS"],"build_version":"2019-01-03v3","purchased_purges":1,"victory":false,"max_hp_per_floor":[80,80,94,94,87,87,87,87,87,87,87,87,87,87,87,87,87,87,87,87,87,87,87,87,87,87,87,87,87,87,87,87,87],"card_choices":[{"not_picked":["Intimidate","Clash"],"picked":"Warcry","floor":1},{"not_picked":["Perfected Strike","Cleave"],"picked":"Headbutt","floor":2},{"not_picked":["Sentinel","Clothesline"],"picked":"Whirlwind","floor":4},{"not_picked":["Sever Soul","Heavy Blade","Corruption"],"picked":"SKIP","floor":7},{"not_picked":["Intimidate","Body Slam","Shockwave"],"picked":"SKIP","floor":11},{"not_picked":["Iron Wave","Second Wind"],"picked":"Twin Strike","floor":13},{"not_picked":["Dropkick","Pummel"],"picked":"Anger","floor":14},{"not_picked":["Demon Form","Brutality"],"picked":"Offering","floor":16},{"not_picked":["Twin Strike","Sword Boomerang"],"picked":"Inflame+1","floor":18},{"not_picked":["Combust+1","Blood for Blood+1"],"picked":"Shrug It Off","floor":20},{"not_picked":["Demon Form","Perfected Strike+1","Dual Wield"],"picked":"SKIP","floor":21},{"not_picked":["Heavy Blade+1","Rupture+1"],"picked":"Armaments+1","floor":22},{"not_picked":["Clothesline","Sword Boomerang","Rupture"],"picked":"SKIP","floor":24},{"not_picked":["Feel No Pain","Burning Pact"],"picked":"Flex","floor":28},{"not_picked":["Headbutt+1","Iron Wave"],"picked":"Thunderclap","floor":30},{"not_picked":["Sword Boomerang","Headbutt+1"],"picked":"Metallicize","floor":31}],"player_experience":287041,"relics_obtained":[{"floor":7,"key":"MawBank"},{"floor":9,"key":"Ice Cream"},{"floor":26,"key":"Bird Faced Urn"},{"floor":28,"key":"Du-Vu Doll"}],"event_choices":[{"cards_removed":["Warcry"],"damage_healed":0,"gold_gain":0,"player_choice":"Gave Card","damage_taken":0,"relics_obtained":["Mango"],"max_hp_gain":0,"max_hp_loss":0,"event_name":"WeMeetAgain","floor":3,"gold_loss":0},{"damage_healed":0,"gold_gain":0,"player_choice":"Lose Max HP","damage_taken":0,"relics_obtained":["Golden Idol"],"max_hp_gain":0,"max_hp_loss":7,"event_name":"Golden Idol","floor":5,"gold_loss":0}],"is_beta":false,"boss_relics":[{"not_picked":["Coffee Dripper","Orrery"],"picked":"Pandora\u0027s Box"}],"items_purged_floors":[19],"is_endless":false,"potions_floor_spawned":[1,13,14,16,20,24,30,31],"killed_by":"Champ","ascension_level":4}