{"path_per_floor":["M","M","M","M","$","E","M","R","T","E","M","E","$","M","R","B",null,"M","M","M","M","M","R","M","M","T","M","M","$","M","M","R","B",null,"M","M","M","M","$","R","$","M","T","R","M","M","?","M","R","B"],"character_chosen":"THE_SILENT","items_purchased":["Bag of Marbles","Backflip","Catalyst","Strange Spoon","Happy Flower"],"gold_per_floor":[114,129,144,159,9,39,54,54,54,84,99,129,30,45,45,145,145,160,175,190,205,220,220,235,250,250,265,280,13,28,43,43,143,143,158,173,188,203,3,3,3,18,18,18,33,48,78,93,93,93],"floor_reached":51,"campfire_rested":3,"playtime":3645,"current_hp_per_floor":[61,61,61,47,47,3,3,65,65,60,60,52,52,37,62,15,62,59,59,54,28,26,59,56,55,55,53,53,53,53,53,53,43,67,66,67,66,66,66,66,66,55,55,55,57,53,53,55,55,60],"items_purged":["Defend_G","Strike_G"],"gold":93,"score":712,"play_id":"3c4240c4-8137-4f29-8145-a51b9018d287","local_time":"20180319181305","daily_mods":["Diverse","Night Terrors","Vintage"],"is_prod":false,"is_daily":true,"is_ascension_mode":false,"campfire_upgraded":2,"timestamp":1521483185,"path_taken":["M","M","M","M","$","E","M","R","T","E","M","E","$","M","R","BOSS","M","M","M","M","M","R","M","M","T","M","M","$","M","M","R","BOSS","M","M","M","M","$","R","$","?","T","R","M","M","?","M","R","BOSS"],"build_version":"2018-03-15v3","purchased_purges":2,"victory":true,"master_deck":["Defend_G+1","Defend_G+1","Defend_G","Defend_G","Strike_G","Strike_G","Strike_G+1","Strike_G+1","Survivor","Neutralize","Uppercut+1","Corruption","Backflip","Noxious Fumes+1","Backflip","Corpse Explosion+1","Doubt","Deadly Poison+1","Catalyst+1","Footwork+1","Heel Hook+1","Poisoned Stab+1"],"max_hp_per_floor":[70,70,70,70,70,70,70,65,65,65,65,67,67,67,62,62,62,62,62,62,62,62,59,59,59,59,59,59,59,59,59,59,61,67,67,67,67,67,67,67,67,67,67,67,67,67,67,67,67,67],"relics":["Ring of the Snake","Du-Vu Doll","Bottled Flame","Art of War","Girya","Bag of Marbles","Ancient Tea Set","Molten Egg 2","Gambling Chip","Singing Bowl","Kunai","Letter Opener","Bronze Scales","Mummified Hand","Cursed Key","Whetstone","Dream Catcher","Anchor","Prayer Wheel","Centennial Puzzle","Toxic Egg 2","Frozen Egg 2","Tingsha","Shuriken","Omamori","Strange Spoon","Orichalcum","Smiling Mask","Pantograph","Orrery","Blood Vial","Pen Nib","Frozen Eye","War Paint","Happy Flower","Oddly Smooth Stone","Torii","Blue Candle","Toolbox","Tiny Chest","Lantern"],"card_choices":[{"not_picked":["Setup","All Out Attack"],"picked":"Backflip"},{"not_picked":["PiercingWail","Dagger Spray"],"picked":"Noxious Fumes"},{"not_picked":["Venomology","A Thousand Cuts"],"picked":"Corpse Explosion"},{"not_picked":["PiercingWail","Deflect"],"picked":"Deadly Poison"},{"not_picked":["Wraith Form","Outmaneuver"],"picked":"Footwork"},{"not_picked":["Slice","Underhanded Strike"],"picked":"Heel Hook"},{"not_picked":["Backflip","Quick Slash"],"picked":"Poisoned Stab"}],"player_experience":176431,"potions_floor_usage":[7,10,11,16,16,27,30,30,31,33,33,42,46,50],"damage_taken":[{"damage":9,"enemies":"Cultist","floor":1,"turns":4},{"damage":0,"enemies":"Small Slimes","floor":2,"turns":5},{"damage":0,"enemies":"Jaw Worm","floor":3,"turns":4},{"damage":14,"enemies":"Looter","floor":4,"turns":3},{"damage":44,"enemies":"Gremlin Nob","floor":6,"turns":6},{"damage":0,"enemies":"3 Louse","floor":7,"turns":3},{"damage":5,"enemies":"3 Sentries","floor":10,"turns":8},{"damage":0,"enemies":"2 Fungi Beasts","floor":11,"turns":4},{"damage":10,"enemies":"Gremlin Nob","floor":12,"turns":4},{"damage":15,"enemies":"Exordium Thugs","floor":14,"turns":5},{"damage":47,"enemies":"Slime Boss","floor":16,"turns":11},{"damage":3,"enemies":"Spheric Guardian","floor":18,"turns":5},{"damage":0,"enemies":"Shell Parasite","floor":19,"turns":4},{"damage":5,"enemies":"Centurion and Healer","floor":20,"turns":8},{"damage":26,"enemies":"Sentry and Sphere","floor":21,"turns":7},{"damage":2,"enemies":"Snecko","floor":22,"turns":6},{"damage":3,"enemies":"Snake Plant","floor":24,"turns":3},{"damage":1,"enemies":"Centurion and Healer","floor":25,"turns":5},{"damage":9,"enemies":"Cultist and Chosen","floor":27,"turns":5},{"damage":0,"enemies":"Snake Plant","floor":28,"turns":2},{"damage":0,"enemies":"Slaver and Parasite","floor":30,"turns":4},{"damage":0,"enemies":"Snecko","floor":31,"turns":3},{"damage":12,"enemies":"Champ","floor":33,"turns":7},{"damage":1,"enemies":"Orb Walker","floor":35,"turns":3},{"damage":0,"enemies":"3 Darklings","floor":36,"turns":3},{"damage":1,"enemies":"4 Shapes","floor":37,"turns":4},{"damage":1,"enemies":"Sphere and 2 Shapes","floor":38,"turns":4},{"damage":12,"enemies":"3 Darklings","floor":42,"turns":3},{"damage":0,"enemies":"4 Shapes","floor":45,"turns":2},{"damage":12,"enemies":"Maw","floor":46,"turns":6},{"damage":0,"enemies":"3 Darklings","floor":48,"turns":3},{"damage":7,"enemies":"Time Eater","floor":50,"turns":4}],"event_choices":[{"event_name":"Accursed Blacksmith","player_choice":"Rummage","floor":47,"damage_taken":0}],"boss_relics":[{"not_picked":["Tiny House","Snecko Eye"],"picked":"Cursed Key"},{"not_picked":["Astrolabe","Eternal Feather"],"picked":"Orrery"}],"potions_floor_spawned":[6,7,10,12,14,20,24,27,28,30,31,37,42,48],"seed_played":"4569236457908174948","ascension_level":0,"is_trial":false}