{"gold_per_floor":[110,385,403,3,14,14,28,28,82,108,108,128,153,153,153,227,227,243,258,46,46,66,92,7,40,40,40,40,40,55,82,82,159,159,175,1,1,1,16,49,49,84,108,134,154,154,166,177,177,177],"floor_reached":51,"playtime":4557,"items_purged":["Regret"],"score":1566,"play_id":"3babfbc0-4c20-4a2f-9a21-93d673d57ff6","local_time":"20190129205846","is_ascension_mode":true,"campfire_choices":[{"data":"Bash","floor":6.0,"key":"SMITH"},{"data":"Pommel Strike","floor":11.0,"key":"SMITH"},{"data":"Rage","floor":15.0,"key":"SMITH"},{"data":"Limit Break","floor":28.0,"key":"SMITH"},{"floor":32.0,"key":"REST"},{"data":"Uppercut","floor":41.0,"key":"SMITH"},{"data":"Inflame","floor":46,"key":"SMITH"},{"floor":49,"key":"REST"}],"neow_cost":"NONE","seed_source_timestamp":626025042321655,"circlet_count":0,"master_deck":["AscendersBane","Strike_R","Strike_R","Strike_R","Strike_R","Strike_R","Defend_R","Defend_R","Defend_R","Defend_R","Bash+1","Pommel Strike+1","Headbutt","Shrug It Off","Rage+1","Limit Break+1","Shrug It Off","Uppercut+1","Inflame+1","Battle Trance","Flame Barrier","Impervious","Anger","Shrug It Off","Seeing Red+1","Battle Trance+1","Perfected Strike+1","Battle Trance","Thunderclap"],"special_seed":0,"relics":["Burning Blood","Oddly Smooth Stone","Paper Frog","PreservedInsect","Strawberry","Shuriken","Velvet Choker","Sling","FossilizedHelix","Ice Cream","Meat on the Bone","The Courier","Bronze Scales","CultistMask","Pen Nib","Mark of Pain","Vajra","Regal Pillow","Bag of Marbles","Boot","Gambling Chip"],"potions_floor_usage":[42,50,50],"damage_taken":[{"damage":6.0,"enemies":"2 Louse","floor":1.0,"turns":3.0},{"damage":10.0,"enemies":"Cultist","floor":3.0,"turns":3.0},{"damage":2.0,"enemies":"Jaw Worm","floor":5.0,"turns":5.0},{"damage":24.0,"enemies":"Exordium Wildlife","floor":7.0,"turns":3.0},{"damage":15.0,"enemies":"Lagavulin","floor":10.0,"turns":5.0},{"damage":5.0,"enemies":"Red Slaver","floor":12.0,"turns":4.0},{"damage":8.0,"enemies":"Gremlin Nob","floor":13.0,"turns":3.0},{"damage":44.0,"enemies":"The Guardian","floor":16.0,"turns":10.0},{"damage":16.0,"enemies":"Spheric Guardian","floor":18.0,"turns":6.0},{"damage":12.0,"enemies":"Chosen","floor":19.0,"turns":5.0},{"damage":20.0,"enemies":"Snecko","floor":22.0,"turns":6.0},{"damage":7.0,"enemies":"Slavers","floor":23.0,"turns":4.0},{"damage":13.0,"enemies":"Book of Stabbing","floor":25.0,"turns":4.0},{"damage":16.0,"enemies":"Snake Plant","floor":30.0,"turns":3.0},{"damage":29.0,"enemies":"Slavers","floor":31.0,"turns":5.0},{"damage":84.0,"enemies":"Collector","floor":33.0,"turns":14.0},{"damage":37.0,"enemies":"3 Darklings","floor":35.0,"turns":5.0},{"damage":0.0,"enemies":"Orb Walker","floor":39.0,"turns":3.0},{"damage":0.0,"enemies":"Reptomancer","floor":40.0,"turns":6.0},{"damage":3,"enemies":"Giant Head","floor":42,"turns":5},{"damage":33,"enemies":"Reptomancer","floor":44,"turns":7},{"damage":29,"enemies":"Writhing Mass","floor":45,"turns":5},{"damage":12,"enemies":"3 Darklings","floor":47,"turns":5},{"damage":11,"enemies":"Maw","floor":48,"turns":5},{"damage":44,"enemies":"Donu and Deca","floor":50,"turns":9}],"seed_played":"-2609501644209071596","potions_obtained":[{"floor":5.0,"key":"PowerPotion"},{"floor":10.0,"key":"Strength Potion"},{"floor":16.0,"key":"Fruit Juice"},{"floor":30.0,"key":"FairyPotion"},{"floor":33.0,"key":"PowerPotion"},{"floor":35.0,"key":"Weak Potion"},{"floor":39.0,"key":"Regen Potion"},{"floor":44,"key":"BloodPotion"},{"floor":48,"key":"FearPotion"}],"is_trial":false,"path_per_floor":["M","?","M","$","M","R","M","$","T","E","R","M","E","?","R","B",null,"M","M","$","?","M","E","?","E","T","?","R","?","M","E","R","B",null,"M","$","?","$","M","E","R","E","T","E","M","R","M","M","R","B",null],"character_chosen":"IRONCLAD","items_purchased":["Paper Frog","Weak Potion","Sling","Vajra","Shrug It Off"],"campfire_rested":2,"item_purchase_floors":[4,4,20,36,36],"current_hp_per_floor":[68,68,64,64,68,68,50,50,50,48,48,49,47,52,52,14,69,59,53,53,53,39,38,38,43,43,43,43,43,45,34,60,25,72,53,53,53,53,59,79,79,82,82,55,44,44,50,57,83,53],"gold":177,"neow_bonus":"RANDOM_COMMON_RELIC","is_prod":false,"is_daily":false,"chose_seed":false,"campfire_upgraded":6,"win_rate":0,"timestamp":1548791926,"path_taken":["M","?","?","$","?","R","M","$","T","E","R","M","E","?","R","BOSS","M","M","$","?","?","E","?","E","T","?","R","?","?","E","R","BOSS","M","$","?","?","?","E","R","E","T","E","M","R","M","?","R","BOSS"],"build_version":"2019-01-23","purchased_purges":1,"victory":true,"max_hp_per_floor":[75,75,75,75,75,75,75,75,75,82,82,82,82,87,87,87,87,87,87,87,87,87,87,87,87,87,87,87,87,87,87,87,87,87,87,87,83,83,83,83,83,83,83,83,83,83,83,83,83,83],"card_choices":[{"not_picked":["Twin Strike","Shrug It Off"],"picked":"Pommel Strike","floor":1.0},{"not_picked":["Heavy Blade","Burning Pact","Second Wind"],"picked":"SKIP","floor":3.0},{"not_picked":["Brutality","Clash"],"picked":"Headbutt","floor":5.0},{"not_picked":["Iron Wave","Fire Breathing"],"picked":"Shrug It Off","floor":7.0},{"not_picked":["Iron Wave","Warcry","Exhume"],"picked":"SKIP","floor":10.0},{"not_picked":["Infernal Blade","Power Through","Warcry"],"picked":"SKIP","floor":12.0},{"not_picked":["Sentinel","Body Slam"],"picked":"Rage","floor":13.0},{"not_picked":["Barricade","Immolate"],"picked":"Limit Break","floor":16.0},{"not_picked":["Seeing Red","Warcry"],"picked":"Shrug It Off","floor":18.0},{"not_picked":["Flex","Pommel Strike"],"picked":"Uppercut","floor":19.0},{"not_picked":["Havoc","Entrench","Searing Blow"],"picked":"SKIP","floor":22.0},{"not_picked":["Metallicize","Uppercut"],"picked":"Inflame","floor":23.0},{"not_picked":["Spot Weakness+1","Havoc"],"picked":"Battle Trance","floor":25.0},{"not_picked":["Uppercut","Warcry","Body Slam"],"picked":"SKIP","floor":30.0},{"not_picked":["Berserk","Dual Wield"],"picked":"Flame Barrier","floor":31.0},{"not_picked":["Barricade","Juggernaut"],"picked":"Impervious","floor":33.0},{"not_picked":["Pommel Strike","Inflame"],"picked":"Anger","floor":35.0},{"not_picked":["Twin Strike","Body Slam","Sentinel"],"picked":"SKIP","floor":39.0},{"not_picked":["Armaments","Exhume"],"picked":"Seeing Red+1","floor":40.0},{"not_picked":["Rampage+1","Armaments+1"],"picked":"Battle Trance+1","floor":42},{"not_picked":["Berserk","Infernal Blade"],"picked":"Perfected Strike+1","floor":44},{"not_picked":["Sever Soul","Iron Wave+1"],"picked":"Battle Trance","floor":45},{"not_picked":["True Grit","Cleave+1","Clash"],"picked":"SKIP","floor":47},{"not_picked":["Body Slam","Intimidate"],"picked":"Thunderclap","floor":48}],"player_experience":1071800,"relics_obtained":[{"floor":9.0,"key":"PreservedInsect"},{"floor":10.0,"key":"Strawberry"},{"floor":13.0,"key":"Shuriken"},{"floor":23.0,"key":"Ice Cream"},{"floor":25.0,"key":"The Courier"},{"floor":26.0,"key":"Bronze Scales"},{"floor":31.0,"key":"Pen Nib"},{"floor":40.0,"key":"Regal Pillow"},{"floor":42,"key":"Bag of Marbles"},{"floor":43,"key":"Boot"},{"floor":44,"key":"Gambling Chip"}],"event_choices":[{"damage_healed":0.0,"max_hp_gain":0.0,"max_hp_loss":0.0,"gold_gain":275.0,"event_name":"Golden Shrine","player_choice":"Desecrate","floor":2.0,"gold_loss":0.0,"damage_taken":0.0,"cards_obtained":["Regret"]},{"damage_healed":0.0,"max_hp_gain":5.0,"max_hp_loss":0.0,"gold_gain":0.0,"event_name":"Big Fish","player_choice":"Donut","floor":14.0,"gold_loss":0.0,"damage_taken":0.0},{"damage_healed":0.0,"max_hp_gain":0.0,"max_hp_loss":0.0,"gold_gain":0.0,"event_name":"WeMeetAgain","player_choice":"Gave Potion","floor":21.0,"gold_loss":0.0,"damage_taken":0.0,"relics_obtained":["FossilizedHelix"]},{"damage_healed":0.0,"max_hp_gain":0.0,"max_hp_loss":0.0,"gold_gain":0.0,"event_name":"Addict","player_choice":"Obtained Relic","floor":24.0,"gold_loss":85.0,"damage_taken":0.0,"relics_obtained":["Meat on the Bone"]},{"damage_healed":0.0,"max_hp_gain":0.0,"max_hp_loss":0.0,"gold_gain":0.0,"event_name":"The Mausoleum","player_choice":"Ignored","floor":27.0,"gold_loss":0.0,"damage_taken":0.0},{"damage_healed":0.0,"max_hp_gain":0.0,"max_hp_loss":0.0,"gold_gain":0.0,"event_name":"FaceTrader","player_choice":"Trade","floor":29.0,"gold_loss":0.0,"damage_taken":0.0,"relics_obtained":["CultistMask"]},{"damage_healed":0.0,"max_hp_gain":0.0,"max_hp_loss":4.0,"gold_gain":0.0,"event_name":"Winding Halls","player_choice":"Max HP","floor":37.0,"gold_loss":0.0,"damage_taken":0.0}],"is_beta":false,"boss_relics":[{"not_picked":["Snecko Eye","Eternal Feather"],"picked":"Velvet Choker"},{"not_picked":["Coffee Dripper","White Beast Statue"],"picked":"Mark of Pain"}],"items_purged_floors":[4],"is_endless":false,"potions_floor_spawned":[5,10,13,16,18,19,30,33,35,39,44,48],"ascension_level":19}