{"gold_per_floor":[109,126,140,140,151,151,208,208,208,234,234,250,264,279,279,378,378,394,319,269,283,294,319,319,319,319,68,99,99,118,138,138,233,233,246,468,488,563,579,613,631,631,701,35,48,48,48,65,65,65],"floor_reached":50,"playtime":1484,"items_purged":["Defend_R+1"],"score":546,"play_id":"a7a2128b-6067-4e36-aef4-597f0255b126","local_time":"20190117134940","is_ascension_mode":false,"campfire_choices":[{"data":"Perfected Strike","floor":6.0,"key":"SMITH"},{"data":"Perfected Strike","floor":8.0,"key":"SMITH"},{"data":"Perfected Strike","floor":15.0,"key":"SMITH"},{"data":"Wild Strike","floor":25.0,"key":"SMITH"},{"data":"Wild Strike","floor":29.0,"key":"SMITH"},{"data":"Whirlwind","floor":32.0,"key":"SMITH"},{"data":"Perfected Strike","floor":42.0,"key":"SMITH"},{"data":"Fiend Fire","floor":46,"key":"SMITH"},{"data":"Fire Breathing","floor":49,"key":"SMITH"}],"neow_cost":"NONE","seed_source_timestamp":159298239928960,"circlet_count":0,"master_deck":["Strike_R+1","Strike_R+1","Strike_R+1","Strike_R+1","Strike_R+1","Defend_R+1","Defend_R+1","Bash+1","Perfected Strike+1","Wild Strike+1","Perfected Strike+1","Headbutt","Whirlwind+1","Perfected Strike+1","Wild Strike+1","Reaper","Headbutt+1","Iron Wave+1","Flex","Pommel Strike","Thunderclap","Flex","Impervious","Perfected Strike+1","Pommel Strike","Combust","Pommel Strike","Flex+1","Fiend Fire+1","Parasite","Wild Strike+1","Swift Strike","Blind+1","Fire Breathing+1"],"special_seed":0,"relics":["Burning Blood","Du-Vu Doll","Champion Belt","Mummified Hand","Runic Dome","Potion Belt","Bag of Marbles","Mercury Hourglass","Red Mask","Black Star","Unceasing Top","Art of War","Toxic Egg 2","Ginger"],"potions_floor_usage":[50,50,50,50,50],"damage_taken":[{"damage":1.0,"enemies":"Cultist","floor":1.0,"turns":3.0},{"damage":0.0,"enemies":"Small Slimes","floor":2.0,"turns":3.0},{"damage":0.0,"enemies":"2 Louse","floor":3.0,"turns":2.0},{"damage":5.0,"enemies":"Looter","floor":5.0,"turns":2.0},{"damage":36.0,"enemies":"Lagavulin Event","floor":7.0,"turns":4.0},{"damage":10.0,"enemies":"Gremlin Nob","floor":10.0,"turns":3.0},{"damage":13.0,"enemies":"Red Slaver","floor":12.0,"turns":2.0},{"damage":0.0,"enemies":"Large Slime","floor":13.0,"turns":3.0},{"damage":4.0,"enemies":"Blue Slaver","floor":14.0,"turns":2.0},{"damage":33.0,"enemies":"Hexaghost","floor":16.0,"turns":5.0},{"damage":5.0,"enemies":"3 Byrds","floor":18.0,"turns":4.0},{"damage":10.0,"enemies":"Chosen","floor":21.0,"turns":2.0},{"damage":0.0,"enemies":"Snake Plant","floor":22.0,"turns":2.0},{"damage":23.0,"enemies":"Book of Stabbing","floor":23.0,"turns":3.0},{"damage":9.0,"enemies":"Masked Bandits","floor":28.0,"turns":3.0},{"damage":6.0,"enemies":"Cultist and Chosen","floor":30.0,"turns":2.0},{"damage":0.0,"enemies":"Centurion and Healer","floor":31.0,"turns":2.0},{"damage":74.0,"enemies":"Automaton","floor":33.0,"turns":8.0},{"damage":6.0,"enemies":"3 Darklings","floor":35.0,"turns":3.0},{"damage":0.0,"enemies":"3 Shapes","floor":37.0,"turns":2.0},{"damage":18.0,"enemies":"Maw","floor":39.0,"turns":5.0},{"damage":8.0,"enemies":"Reptomancer","floor":40.0,"turns":2.0},{"damage":0.0,"enemies":"3 Darklings","floor":41.0,"turns":3.0},{"damage":0,"enemies":"Writhing Mass","floor":45,"turns":2},{"damage":0,"enemies":"Spire Growth","floor":48,"turns":2},{"damage":89,"enemies":"Awakened One","floor":50,"turns":7}],"seed_played":"-7777117426969142729","potions_obtained":[{"floor":1.0,"key":"LiquidBronze"},{"floor":7.0,"key":"Regen Potion"},{"floor":10.0,"key":"Poison Potion"},{"floor":11.0,"key":"Explosive Potion"},{"floor":13.0,"key":"BloodPotion"},{"floor":14.0,"key":"Fire Potion"},{"floor":18.0,"key":"EssenceOfSteel"},{"floor":30.0,"key":"Strength Potion"},{"floor":33.0,"key":"Fruit Juice"},{"floor":35.0,"key":"Explosive Potion"},{"floor":41.0,"key":"Weak Potion"}],"is_trial":false,"path_per_floor":["M","M","M","?","M","R","?","R","T","E","?","M","M","M","R","B",null,"M","?","?","M","M","E","?","R","T","$","?","R","M","M","R","B",null,"M","?","M","?","M","E","M","R","T","$","M","R","?","M","R","B"],"character_chosen":"IRONCLAD","items_purchased":["Mercury Hourglass","Ginger","Flex+1","Fiend Fire","Fire Potion","FearPotion"],"campfire_rested":0,"item_purchase_floors":[27,44,44,44,44,44],"current_hp_per_floor":[80,80,80,64,65,65,35,35,35,31,31,24,30,45,45,18,80,80,80,80,76,80,63,63,63,63,63,77,77,77,80,80,16,80,80,80,80,72,60,58,64,64,64,64,70,70,65,71,71,0],"gold":65,"neow_bonus":"THREE_CARDS","is_prod":false,"is_daily":false,"chose_seed":false,"campfire_upgraded":9,"win_rate":0,"timestamp":1547729380,"path_taken":["M","M","?","?","M","R","?","R","T","E","?","M","M","M","R","BOSS","M","?","?","M","?","E","?","R","T","$","?","R","M","M","R","BOSS","M","?","M","?","M","E","?","R","T","$","M","R","?","M","R","BOSS"],"build_version":"2019-01-10","purchased_purges":1,"victory":false,"max_hp_per_floor":[80,80,80,80,80,80,80,80,80,80,80,80,80,80,80,80,80,80,80,80,80,80,80,80,80,80,80,80,80,80,80,80,80,80,80,80,80,80,80,80,80,80,80,80,80,80,80,80,80,85],"card_choices":[{"not_picked":["Body Slam","Twin Strike"],"picked":"Perfected Strike","floor":0.0},{"not_picked":["Ghostly Armor","Body Slam"],"picked":"Wild Strike","floor":1.0},{"not_picked":["Warcry","Ghostly Armor"],"picked":"Perfected Strike","floor":2.0},{"not_picked":["Anger","Shrug It Off"],"picked":"Headbutt","floor":3.0},{"not_picked":["Reckless Charge","Anger","Clash"],"picked":"SKIP","floor":5.0},{"not_picked":["Body Slam","Sword Boomerang","Pummel"],"picked":"SKIP","floor":10.0},{"not_picked":["Pommel Strike","Havoc"],"picked":"Whirlwind","floor":12.0},{"not_picked":["Rage","Armaments"],"picked":"Perfected Strike","floor":13.0},{"not_picked":["Ghostly Armor","Pummel"],"picked":"Wild Strike","floor":14.0},{"not_picked":["Barricade","Brutality"],"picked":"Reaper","floor":16.0},{"not_picked":["Heavy Blade+1","Sword Boomerang"],"picked":"Headbutt+1","floor":18.0},{"not_picked":["True Grit","Blood for Blood"],"picked":"Iron Wave+1","floor":21.0},{"not_picked":["Armaments","Havoc"],"picked":"Flex","floor":22.0},{"not_picked":["True Grit","Rampage+1"],"picked":"Pommel Strike","floor":23.0},{"not_picked":["Limit Break","Reckless Charge"],"picked":"Thunderclap","floor":28.0},{"not_picked":["Sword Boomerang","Heavy Blade+1","Armaments+1"],"picked":"SKIP","floor":30.0},{"not_picked":["Seeing Red","Warcry+1"],"picked":"Flex","floor":31.0},{"not_picked":["Dark Embrace","Reaper"],"picked":"Impervious","floor":33.0},{"not_picked":["Warcry","Armaments+1","Havoc"],"picked":"SKIP","floor":35.0},{"not_picked":["Dropkick","Heavy Blade"],"picked":"Perfected Strike","floor":37.0},{"not_picked":["Wild Strike","Clash"],"picked":"Pommel Strike","floor":39.0},{"not_picked":["Havoc","Cleave"],"picked":"Combust","floor":40.0},{"not_picked":["Feed","Carnage+1"],"picked":"Pommel Strike","floor":41.0},{"not_picked":["Carnage","Clothesline"],"picked":"Wild Strike+1","floor":45},{"not_picked":["The Bomb+1","Panacea+1"],"picked":"Swift Strike","floor":47},{"not_picked":["Purity+1","Bandage Up+1"],"picked":"Blind+1","floor":47},{"not_picked":["Sever Soul+1","Intimidate+1"],"picked":"Fire Breathing","floor":48}],"player_experience":901270,"relics_obtained":[{"floor":7.0,"key":"Du-Vu Doll"},{"floor":9.0,"key":"Champion Belt"},{"floor":10.0,"key":"Mummified Hand"},{"floor":23.0,"key":"Potion Belt"},{"floor":26.0,"key":"Bag of Marbles"},{"floor":28.0,"key":"Red Mask"},{"floor":40.0,"key":"Unceasing Top"},{"floor":40.0,"key":"Art of War"},{"floor":43.0,"key":"Toxic Egg 2"}],"event_choices":[{"damage_healed":0.0,"max_hp_gain":0.0,"max_hp_loss":0.0,"gold_gain":0.0,"event_name":"Shining Light","player_choice":"Entered Light","floor":4.0,"gold_loss":0.0,"damage_taken":16.0,"cards_upgraded":["Strike_R","Bash"]},{"damage_healed":0.0,"max_hp_gain":0.0,"max_hp_loss":0.0,"gold_gain":30.0,"event_name":"Dead Adventurer","player_choice":"Searched \u00272\u0027 times","floor":7.0,"gold_loss":0.0,"damage_taken":0.0},{"damage_healed":0.0,"max_hp_gain":0.0,"max_hp_loss":0.0,"gold_gain":0.0,"event_name":"Lab","player_choice":"Got Potions","floor":11.0,"gold_loss":0.0,"damage_taken":0.0},{"cards_removed":["Defend_R"],"damage_healed":0.0,"max_hp_gain":0.0,"max_hp_loss":0.0,"gold_gain":0.0,"event_name":"Beggar","player_choice":"Gave Gold","floor":19.0,"gold_loss":75.0,"damage_taken":0.0},{"damage_healed":0.0,"max_hp_gain":0.0,"max_hp_loss":0.0,"gold_gain":0.0,"event_name":"The Joust","player_choice":"Bet on Murderer","floor":20.0,"gold_loss":50.0,"damage_taken":0.0},{"damage_healed":0.0,"max_hp_gain":0.0,"max_hp_loss":0.0,"gold_gain":0.0,"event_name":"Back to Basics","player_choice":"Simplicity","floor":24.0,"gold_loss":0.0,"damage_taken":0.0,"cards_upgraded":["Strike_R","Strike_R","Strike_R","Strike_R","Defend_R","Defend_R","Defend_R"]},{"damage_healed":0.0,"max_hp_gain":0.0,"max_hp_loss":0.0,"gold_gain":0.0,"event_name":"Masked Bandits","player_choice":"Fought Bandits","floor":28.0,"gold_loss":0.0,"damage_taken":0.0},{"damage_healed":0.0,"max_hp_gain":0.0,"max_hp_loss":0.0,"gold_gain":222.0,"event_name":"Tomb of Lord Red Mask","player_choice":"Wore Mask","floor":36.0,"gold_loss":0.0,"damage_taken":0.0},{"damage_healed":0.0,"max_hp_gain":0.0,"max_hp_loss":0.0,"gold_gain":75.0,"event_name":"FaceTrader","player_choice":"Touch","floor":38.0,"gold_loss":0.0,"damage_taken":8.0},{"damage_healed":0,"gold_gain":0,"player_choice":"Memory 2","damage_taken":5,"max_hp_gain":0,"max_hp_loss":0,"event_name":"SensoryStone","floor":47,"gold_loss":0}],"is_beta":false,"boss_relics":[{"not_picked":["White Beast Statue","Eternal Feather"],"picked":"Runic Dome"},{"not_picked":["Snecko Eye","Runic Pyramid"],"picked":"Black Star"}],"items_purged_floors":[44],"is_endless":false,"potions_floor_spawned":[1,7,10,13,14,18,30,33,35,41,45],"killed_by":"Awakened One","ascension_level":0}