{"gold_per_floor":[123,310,322,344,25,57,76,86,86,86,86,86,102,118,118,219,219,233,233,246,19,97,97,196,210,234,234,254,268,287,287],"floor_reached":31,"playtime":2872,"items_purged":[],"score":239,"play_id":"5e500bee-e41b-4e02-a17e-c2608558a0fa","local_time":"20190123223910","is_ascension_mode":false,"campfire_choices":[{"floor":10,"key":"REST"},{"floor":12,"key":"REST"},{"floor":15,"key":"REST"},{"floor":23,"key":"REST"},{"floor":27,"key":"REST"}],"neow_cost":"NONE","seed_source_timestamp":1227464537789538,"circlet_count":0,"master_deck":["Strike_B","Strike_B","Strike_B","Strike_B","Defend_B","Defend_B+1","Defend_B","Defend_B","Zap","Dualcast","Conserve Battery","Cold Snap","Dramatic Entrance","Chaos","Fusion","Hologram+1","Cold Snap","Defragment","Static Discharge","Creative AI","Leap+1","Iron Wave","FTL+1","Amplify","Self Repair","Chaos","Storm+1","Chaos"],"relics":["Cracked Core","MawBank","Strange Spoon","Ancient Tea Set","Strawberry","White Beast Statue","War Paint","Mummified Hand","Oddly Smooth Stone"],"potions_floor_usage":[16,16,16,16,16,16,28,30,30,30,31],"damage_taken":[{"damage":9,"enemies":"Jaw Worm","floor":1,"turns":4},{"damage":0,"enemies":"Cultist","floor":4,"turns":3},{"damage":16,"enemies":"Lagavulin","floor":6,"turns":6},{"damage":5,"enemies":"Small Slimes","floor":7,"turns":3},{"damage":25,"enemies":"Exordium Thugs","floor":8,"turns":6},{"damage":10,"enemies":"Blue Slaver","floor":13,"turns":3},{"damage":9,"enemies":"Large Slime","floor":14,"turns":7},{"damage":33,"enemies":"Hexaghost","floor":16,"turns":8},{"damage":19,"enemies":"Spheric Guardian","floor":18,"turns":5},{"damage":10,"enemies":"Chosen","floor":20,"turns":6},{"damage":26,"enemies":"Snake Plant","floor":25,"turns":5},{"damage":30,"enemies":"Cultist and Chosen","floor":28,"turns":7},{"damage":40,"enemies":"3 Cultists","floor":29,"turns":6},{"damage":10,"enemies":"Snecko","floor":30,"turns":5},{"damage":16,"enemies":"Shelled Parasite and Fungi","floor":31,"turns":3}],"seed_played":"5145555155863089355","potions_obtained":[{"floor":1,"key":"Swift Potion"},{"floor":3,"key":"FearPotion"},{"floor":3,"key":"EntropicBrew"},{"floor":3,"key":"Explosive Potion"},{"floor":18,"key":"Poison Potion"},{"floor":20,"key":"SpeedPotion"},{"floor":25,"key":"Energy Potion"},{"floor":28,"key":"Poison Potion"},{"floor":30,"key":"Fire Potion"}],"is_trial":false,"path_per_floor":["M","?","?","M","$","E","M","M","T","R","$","R","M","M","R","B",null,"M","?","M","$","T","R","?","M","T","R","M","M","M","M"],"character_chosen":"DEFECT","items_purchased":["Strange Spoon","Dramatic Entrance","Chaos","Amplify","War Paint"],"campfire_rested":5,"item_purchase_floors":[5,5,5,21,21],"current_hp_per_floor":[66,66,66,66,66,50,45,20,27,51,51,75,65,56,80,47,82,63,63,53,53,53,77,77,51,51,75,52,19,16,0],"gold":287,"neow_bonus":"RANDOM_COMMON_RELIC","is_prod":false,"is_daily":false,"chose_seed":false,"campfire_upgraded":0,"win_rate":0.0,"timestamp":1548290350,"path_taken":["M","?","?","M","$","E","M","?","T","R","$","R","M","M","R","BOSS","M","?","M","$","?","R","?","M","T","R","M","M","M","M"],"build_version":"2019-01-23","purchased_purges":0,"victory":false,"max_hp_per_floor":[75,75,75,75,75,75,75,75,82,82,82,82,82,82,82,82,82,82,82,82,82,82,82,82,82,82,82,82,82,82,82],"card_choices":[{"not_picked":["Self Repair","Go for the Eyes"],"picked":"Conserve Battery","floor":1},{"not_picked":["Gash","Ball Lightning"],"picked":"Cold Snap","floor":4},{"not_picked":["Coolheaded","Buffer"],"picked":"Fusion","floor":6},{"not_picked":["Lockon","Fusion"],"picked":"Hologram","floor":7},{"not_picked":["Sweeping Beam","Double Energy"],"picked":"Cold Snap","floor":8},{"not_picked":["Steam","Conserve Battery"],"picked":"Defragment","floor":13},{"not_picked":["Sweeping Beam","Stack"],"picked":"Static Discharge","floor":14},{"not_picked":["Reboot","Fission"],"picked":"Creative AI","floor":16},{"not_picked":["Compile Driver","Chill"],"picked":"Leap+1","floor":18},{"not_picked":["Darkness","Gash+1"],"picked":"FTL+1","floor":20},{"not_picked":["Steam","Conserve Battery"],"picked":"Self Repair","floor":25},{"not_picked":["Sweeping Beam","Coolheaded"],"picked":"Chaos","floor":28},{"not_picked":["Steam Power","Leap"],"picked":"Storm+1","floor":29},{"not_picked":["Reboot","Leap+1"],"picked":"Chaos","floor":30}],"player_experience":7083,"relics_obtained":[{"floor":6,"key":"Ancient Tea Set"},{"floor":9,"key":"Strawberry"},{"floor":22,"key":"Mummified Hand"},{"floor":26,"key":"Oddly Smooth Stone"}],"event_choices":[{"damage_healed":0,"gold_gain":175,"player_choice":"AGREE","damage_taken":0,"max_hp_gain":0,"max_hp_loss":0,"event_name":"Liars Game","floor":2,"gold_loss":0,"cards_obtained":["Doubt"]},{"damage_healed":0,"gold_gain":0,"player_choice":"Got Potions","damage_taken":0,"max_hp_gain":0,"max_hp_loss":0,"event_name":"Lab","floor":3,"gold_loss":0},{"cards_removed":["Doubt"],"damage_healed":0,"gold_gain":0,"player_choice":"Took Card","damage_taken":0,"max_hp_gain":0,"max_hp_loss":0,"event_name":"NoteForYourself","floor":19,"gold_loss":0,"cards_obtained":["Iron Wave"]},{"damage_healed":0,"gold_gain":99,"player_choice":"Stole From Cult","damage_taken":0,"max_hp_gain":0,"max_hp_loss":0,"event_name":"Nest","floor":24,"gold_loss":0}],"is_beta":false,"boss_relics":[{"not_picked":["Empty Cage","Ectoplasm"],"picked":"White Beast Statue"}],"items_purged_floors":[],"is_endless":false,"potions_floor_spawned":[1,6,7,13,14,18,20,25,28,29,30],"killed_by":"Shelled Parasite and Fungi","ascension_level":0}