{"gold_per_floor":[115,127,127,127,127,165,3,26,79,118,33,33,74,74,74,163,163,176,190,190,190,115,115,115],"floor_reached":24,"playtime":1148,"items_purged":["Strike_R"],"score":470,"play_id":"c4c0b1b9-dec6-4a05-ba87-9e8baa78c43b","local_time":"20190130165019","is_ascension_mode":true,"campfire_choices":[{"data":"Inflame","floor":12,"key":"SMITH"},{"floor":15,"key":"REST"},{"floor":23,"key":"REST"}],"neow_cost":"NONE","seed_source_timestamp":701008056435865,"circlet_count":0,"master_deck":["AscendersBane","Strike_R","Strike_R","Defend_R","Defend_R","Defend_R","Defend_R","Bash","Headbutt","Sword Boomerang","Offering","Inflame+1","True Grit","Uppercut","Demon Form"],"relics":["Burning Blood","NeowsBlessing","Orichalcum","Golden Idol","Bronze Scales","Tiny Chest","Omamori","Question Card","Snecko Eye","The Courier"],"potions_floor_usage":[13,19,24],"damage_taken":[{"damage":0,"enemies":"Small Slimes","floor":1,"turns":1},{"damage":0,"enemies":"Jaw Worm","floor":2,"turns":1},{"damage":0,"enemies":"Gremlin Nob","floor":6,"turns":1},{"damage":6,"enemies":"Cultist","floor":8,"turns":2},{"damage":30,"enemies":"Lagavulin","floor":10,"turns":6},{"damage":14,"enemies":"Gremlin Nob","floor":13,"turns":3},{"damage":26,"enemies":"Slime Boss","floor":16,"turns":6},{"damage":18,"enemies":"Chosen","floor":18,"turns":4},{"damage":23,"enemies":"Shell Parasite","floor":19,"turns":3},{"damage":30,"enemies":"Colosseum Slavers","floor":21,"turns":3},{"damage":33,"enemies":"Slavers","floor":24,"turns":2}],"seed_played":"-342750152940576399","potions_obtained":[{"floor":13,"key":"FearPotion"},{"floor":16,"key":"SteroidPotion"}],"is_trial":false,"path_per_floor":["M","M","?","?","?","E","$","M","T","E","$","R","E","?","R","B",null,"M","M","T","?","?","R","E"],"character_chosen":"IRONCLAD","items_purchased":["Offering","AttackPotion","True Grit"],"campfire_rested":2,"item_purchase_floors":[7,11,11],"current_hp_per_floor":[74,75,64,64,64,68,68,68,68,44,44,44,36,36,56,36,60,48,31,31,7,7,27,0],"gold":115,"neow_bonus":"THREE_ENEMY_KILL","is_prod":false,"is_daily":false,"chose_seed":false,"campfire_upgraded":1,"win_rate":0,"timestamp":1548863419,"path_taken":["M","M","?","?","?","E","$","?","T","E","?","R","E","?","R","BOSS","M","M","?","?","?","R","E"],"build_version":"2019-01-23","purchased_purges":1,"victory":false,"max_hp_per_floor":[75,75,75,75,68,68,68,68,68,68,68,68,68,68,68,68,68,68,68,68,68,68,68,68],"card_choices":[{"not_picked":["Heavy Blade","Body Slam"],"picked":"Headbutt","floor":1},{"not_picked":["Havoc","Wild Strike"],"picked":"Sword Boomerang","floor":2},{"not_picked":["Headbutt","Clothesline","Ghostly Armor"],"picked":"SKIP","floor":6},{"not_picked":["Clash","Perfected Strike","Twin Strike"],"picked":"SKIP","floor":8},{"not_picked":["Rupture","Battle Trance"],"picked":"Inflame","floor":10},{"not_picked":["Entrench","Warcry"],"picked":"Uppercut","floor":13},{"not_picked":["Immolate","Brutality","Dark Embrace"],"picked":"Demon Form","floor":16},{"not_picked":["Flex","Pummel","Cleave+1","Blood for Blood"],"picked":"SKIP","floor":18},{"not_picked":["Fire Breathing","Dropkick","Iron Wave+1","Armaments"],"picked":"SKIP","floor":19},{"not_picked":["Fire Breathing","Dropkick","Iron Wave+1","Armaments"],"picked":"SKIP","floor":19}],"player_experience":1092210,"relics_obtained":[{"floor":6,"key":"Bronze Scales"},{"floor":9,"key":"Tiny Chest"},{"floor":10,"key":"Omamori"},{"floor":13,"key":"Question Card"},{"floor":20,"key":"The Courier"}],"event_choices":[{"damage_healed":0,"gold_gain":0,"player_choice":"Success","damage_taken":11,"relics_obtained":["Orichalcum"],"max_hp_gain":0,"max_hp_loss":0,"event_name":"Scrap Ooze","floor":3,"gold_loss":0},{"damage_healed":0,"gold_gain":0,"player_choice":"Ignored","damage_taken":0,"max_hp_gain":0,"max_hp_loss":0,"event_name":"Liars Game","floor":4,"gold_loss":0},{"damage_healed":0,"gold_gain":0,"player_choice":"Lose Max HP","damage_taken":0,"relics_obtained":["Golden Idol"],"max_hp_gain":0,"max_hp_loss":7,"event_name":"Golden Idol","floor":5,"gold_loss":0},{"cards_removed":["Strike_R"],"damage_healed":0,"gold_gain":0,"player_choice":"Purged","damage_taken":0,"max_hp_gain":0,"max_hp_loss":0,"event_name":"Purifier","floor":14,"gold_loss":0},{"damage_healed":0,"gold_gain":0,"player_choice":"Fight","damage_taken":0,"max_hp_gain":0,"max_hp_loss":0,"event_name":"Colosseum","floor":21,"gold_loss":0},{"damage_healed":0,"gold_gain":0,"player_choice":"Fled From Nobs","damage_taken":0,"max_hp_gain":0,"max_hp_loss":0,"event_name":"Colosseum","floor":21,"gold_loss":0},{"cards_removed":["Strike_R"],"damage_healed":0,"gold_gain":0,"player_choice":"Gave Gold","damage_taken":0,"max_hp_gain":0,"max_hp_loss":0,"event_name":"Beggar","floor":22,"gold_loss":75}],"is_beta":false,"boss_relics":[{"not_picked":["Runic Pyramid","Velvet Choker"],"picked":"Snecko Eye"}],"items_purged_floors":[7],"is_endless":false,"potions_floor_spawned":[13,16],"killed_by":"Slavers","ascension_level":20}