{"gold_per_floor":[114,129,139,101,113,113,123,154,208,208,241,261,271,330,330,406,406,423,405,417,146,146,146,163,163,163,163,174,189,47,59,59,130,130,150,160,160,173,221,221,221,221,221,254,272,285,71,98,98,98],"floor_reached":51,"playtime":3795,"items_purged":["Strike_R","Strike_R","Strike_R"],"score":1309,"play_id":"c29cb238-9b9c-474a-847a-f70535ca00a1","local_time":"20181226233928","is_ascension_mode":true,"campfire_choices":[{"data":"Immolate","floor":6.0,"key":"SMITH"},{"data":"Shockwave","floor":10.0,"key":"SMITH"},{"floor":15.0,"key":"REST"},{"data":"Armaments","floor":23.0,"key":"SMITH"},{"floor":25.0,"key":"REST"},{"data":"Demon Form","floor":27.0,"key":"SMITH"},{"data":"Apotheosis","floor":32.0,"key":"SMITH"},{"floor":40.0,"key":"REST"},{"data":"True Grit","floor":42.0,"key":"SMITH"},{"floor":49,"key":"REST"}],"neow_cost":"TEN_PERCENT_HP_LOSS","seed_source_timestamp":276717815854223,"circlet_count":0,"master_deck":["AscendersBane","Defend_R","Defend_R","Defend_R","Defend_R","Bash","Immolate+1","Iron Wave","Disarm","Shockwave+1","Shockwave","Disarm","Rampage+1","Armaments+1","Feel No Pain","Demon Form+1","Pummel+1","Havoc","Shrug It Off","Shrug It Off","Seeing Red","Headbutt+1","Battle Trance","Apotheosis+1","Warcry","Sword Boomerang+1","True Grit+1","Flame Barrier","Battle Trance"],"special_seed":0,"relics":["Burning Blood","Incense Burner","Boot","Molten Egg 2","Ancient Tea Set","Cursed Key","Membership Card","Empty Cage","Ice Cream","Gremlin Horn","Pocketwatch","Bag of Preparation"],"potions_floor_usage":[45],"damage_taken":[{"damage":1.0,"enemies":"Cultist","floor":1.0,"turns":3.0},{"damage":0.0,"enemies":"2 Louse","floor":2.0,"turns":2.0},{"damage":2.0,"enemies":"Jaw Worm","floor":3.0,"turns":3.0},{"damage":4.0,"enemies":"3 Louse","floor":5.0,"turns":3.0},{"damage":18.0,"enemies":"Large Slime","floor":7.0,"turns":5.0},{"damage":17.0,"enemies":"3 Sentries","floor":8.0,"turns":6.0},{"damage":42.0,"enemies":"Gremlin Nob","floor":11.0,"turns":6.0},{"damage":15.0,"enemies":"Gremlin Gang","floor":12.0,"turns":3.0},{"damage":0.0,"enemies":"2 Fungi Beasts","floor":13.0,"turns":1.0},{"damage":12.0,"enemies":"3 Sentries","floor":14.0,"turns":6.0},{"damage":3.0,"enemies":"The Guardian","floor":16.0,"turns":11.0},{"damage":0.0,"enemies":"Chosen","floor":18.0,"turns":6.0},{"damage":17.0,"enemies":"2 Thieves","floor":19.0,"turns":4.0},{"damage":17.0,"enemies":"Snake Plant","floor":20.0,"turns":5.0},{"damage":26.0,"enemies":"Colosseum Slavers","floor":22.0,"turns":5.0},{"damage":9.0,"enemies":"3 Cultists","floor":24.0,"turns":6.0},{"damage":1.0,"enemies":"Centurion and Healer","floor":28.0,"turns":3.0},{"damage":9.0,"enemies":"Cultist and Chosen","floor":29.0,"turns":6.0},{"damage":7.0,"enemies":"Chosen and Byrds","floor":31.0,"turns":5.0},{"damage":12.0,"enemies":"Champ","floor":33.0,"turns":8.0},{"damage":18.0,"enemies":"3 Darklings","floor":35.0,"turns":5.0},{"damage":25.0,"enemies":"3 Shapes","floor":36.0,"turns":4.0},{"damage":44.0,"enemies":"Sphere and 2 Shapes","floor":38.0,"turns":4.0},{"damage":37.0,"enemies":"2 Orb Walkers","floor":39.0,"turns":5.0},{"damage":0,"enemies":"Reptomancer","floor":44,"turns":6},{"damage":38,"enemies":"Transient","floor":45,"turns":5},{"damage":16,"enemies":"Writhing Mass","floor":46,"turns":8},{"damage":28,"enemies":"Nemesis","floor":48,"turns":8},{"damage":24,"enemies":"Awakened One","floor":50,"turns":12}],"seed_played":"-6743689382130970432","potions_obtained":[{"floor":1.0,"key":"Fruit Juice"},{"floor":8.0,"key":"BloodPotion"},{"floor":12.0,"key":"Energy Potion"},{"floor":13.0,"key":"Weak Potion"},{"floor":28.0,"key":"EntropicBrew"},{"floor":29.0,"key":"Block Potion"},{"floor":33.0,"key":"Regen Potion"},{"floor":38.0,"key":"SkillPotion"},{"floor":39.0,"key":"EssenceOfSteel"}],"is_trial":false,"path_per_floor":["M","M","M","$","M","R","M","E","T","R","E","M","M","?","R","B",null,"M","M","M","$","?","R","M","R","T","R","M","M","$","M","R","B",null,"M","M","?","M","?","R","?","R","T","E","M","M","$","E","R","B",null],"character_chosen":"IRONCLAD","items_purchased":["Shockwave","Membership Card","Shrug It Off","Apotheosis","Pocketwatch"],"campfire_rested":4,"item_purchase_floors":[4,21,21,30,47],"current_hp_per_floor":[68,68,68,68,68,68,56,45,45,45,9,12,18,12,33,36,64,70,59,48,48,28,28,25,46,46,46,51,48,48,47,47,41,65,71,73,73,47,30,51,83,83,83,83,51,41,41,19,43,25],"gold":98,"neow_bonus":"THREE_RARE_CARDS","is_prod":false,"is_daily":false,"chose_seed":false,"campfire_upgraded":6,"win_rate":0,"timestamp":1545863968,"path_taken":["M","M","M","$","?","R","M","E","T","R","E","M","M","?","R","BOSS","M","M","M","$","?","R","M","R","T","R","M","M","$","M","R","BOSS","M","M","?","M","?","R","?","R","T","E","?","M","$","E","R","BOSS"],"build_version":"2018-12-20","purchased_purges":3,"victory":true,"max_hp_per_floor":[68,68,68,68,68,68,68,68,68,68,68,73,73,73,73,73,73,73,73,73,73,73,73,73,73,73,73,73,73,73,73,73,73,73,73,73,73,73,73,73,83,83,83,83,83,83,83,83,83,83],"card_choices":[{"not_picked":["Brutality","Exhume"],"picked":"Immolate","floor":0.0},{"not_picked":["Burning Pact","Pommel Strike"],"picked":"Iron Wave","floor":1.0},{"not_picked":["Pummel","Sever Soul","Warcry"],"picked":"SKIP","floor":2.0},{"not_picked":["Twin Strike","Pommel Strike"],"picked":"Disarm","floor":3.0},{"not_picked":["Searing Blow","Heavy Blade"],"picked":"Metallicize","floor":5.0},{"not_picked":["Iron Wave","Twin Strike","Intimidate"],"picked":"SKIP","floor":7.0},{"not_picked":["Pummel","Twin Strike"],"picked":"Shockwave","floor":8.0},{"not_picked":["Clash","Clothesline"],"picked":"Disarm","floor":11.0},{"not_picked":["Hemokinesis+1","Carnage+1"],"picked":"Rampage+1","floor":12.0},{"not_picked":["Power Through","Body Slam+1"],"picked":"Armaments","floor":13.0},{"not_picked":["Thunderclap+1","Iron Wave+1"],"picked":"Feel No Pain","floor":14.0},{"not_picked":["Exhume","Brutality"],"picked":"Demon Form","floor":16.0},{"not_picked":["Havoc","Clash+1"],"picked":"Pummel+1","floor":18.0},{"not_picked":["Metallicize","Perfected Strike+1"],"picked":"Havoc","floor":19.0},{"not_picked":["Infernal Blade+1","Rupture"],"picked":"Shrug It Off","floor":20.0},{"not_picked":["Pummel+1","Heavy Blade+1"],"picked":"Seeing Red","floor":24.0},{"not_picked":["Perfected Strike+1","Body Slam+1"],"picked":"Headbutt+1","floor":28.0},{"not_picked":["Armaments","Entrench"],"picked":"Battle Trance","floor":29.0},{"not_picked":["Clash+1","Flex"],"picked":"Warcry","floor":31.0},{"not_picked":["Offering","Juggernaut"],"picked":"Reaper+1","floor":33.0},{"not_picked":["Clothesline+1","Sentinel"],"picked":"Sword Boomerang+1","floor":35.0},{"not_picked":["Armaments","Reckless Charge+1","Flex"],"picked":"SKIP","floor":36.0},{"not_picked":["Burning Pact+1","Fire Breathing","Perfected Strike+1"],"picked":"SKIP","floor":38.0},{"not_picked":["Intimidate","Sentinel"],"picked":"True Grit","floor":39.0},{"not_picked":["Clothesline+1","Sentinel+1"],"picked":"Flame Barrier","floor":44},{"not_picked":["Anger+1","Warcry","Clash+1"],"picked":"SKIP","floor":45},{"not_picked":["Bloodletting","Clothesline+1"],"picked":"Battle Trance","floor":46},{"not_picked":["Fire Breathing","True Grit","Iron Wave+1"],"picked":"SKIP","floor":48}],"player_experience":692797,"relics_obtained":[{"floor":8.0,"key":"Incense Burner"},{"floor":9.0,"key":"Boot"},{"floor":11.0,"key":"Molten Egg 2"},{"floor":39.0,"key":"Ice Cream"},{"floor":44,"key":"Gremlin Horn"},{"floor":48,"key":"Bag of Preparation"}],"event_choices":[{"damage_healed":0.0,"max_hp_gain":0.0,"max_hp_loss":0.0,"gold_gain":0.0,"event_name":"Dead Adventurer","player_choice":"Searched \u00272\u0027 times","floor":14.0,"gold_loss":0.0,"damage_taken":0.0,"relics_obtained":["Ancient Tea Set"]},{"damage_healed":0.0,"max_hp_gain":0.0,"max_hp_loss":0.0,"gold_gain":0.0,"event_name":"Colosseum","player_choice":"Fight","floor":22.0,"gold_loss":0.0,"damage_taken":0.0},{"damage_healed":0.0,"max_hp_gain":0.0,"max_hp_loss":0.0,"gold_gain":0.0,"event_name":"Colosseum","player_choice":"Fled From Nobs","floor":22.0,"gold_loss":0.0,"damage_taken":0.0},{"cards_removed":["Metallicize"],"damage_healed":0.0,"max_hp_gain":0.0,"max_hp_loss":0.0,"gold_gain":0.0,"event_name":"Falling","player_choice":"Removed Power","floor":37.0,"gold_loss":0.0,"damage_taken":0.0},{"damage_healed":0.0,"max_hp_gain":0.0,"max_hp_loss":0.0,"gold_gain":0.0,"event_name":"Mysterious Sphere","player_choice":"Fight","floor":39.0,"gold_loss":0.0,"damage_taken":0.0},{"cards_removed":["Reaper"],"damage_healed":22.0,"max_hp_gain":10.0,"max_hp_loss":0.0,"gold_gain":0.0,"event_name":"Bonfire Elementals","player_choice":"Offered Rare","floor":41.0,"gold_loss":0.0,"damage_taken":0.0}],"is_beta":false,"boss_relics":[{"not_picked":["Orrery","Fusion Hammer"],"picked":"Cursed Key"},{"not_picked":["Runic Dome","Philosopher\u0027s Stone"],"picked":"Empty Cage"}],"items_purged_floors":[21,30,47],"is_endless":false,"potions_floor_spawned":[1,8,12,13,16,28,29,33,38,39],"ascension_level":15}