{"gold_per_floor":[116,116,116,126,126,157,157,169,169,18,52,67,17,37,37,136,136,155,95,95,95,110,143,154,154,181,210,224,259,277,77,77,180,180,191,191,36,51,62,62,62],"floor_reached":41,"playtime":2592,"items_purged":["Strike_B","Defend_B","Rebound+1"],"score":486,"play_id":"90a51251-5738-4543-a747-66b83244809f","local_time":"20190203174817","is_ascension_mode":false,"campfire_choices":[{"data":"Zap","floor":7.0,"key":"SMITH"},{"data":"White Noise","floor":15.0,"key":"SMITH"},{"data":"Chrysalis","floor":32,"key":"SMITH"},{"floor":40,"key":"REST"}],"neow_cost":"NONE","seed_source_timestamp":0,"circlet_count":0,"master_deck":["Zap+1","Cold Snap","Go for the Eyes","Ball Lightning","Beam Cell","Conserve Battery","White Noise+1","Creative AI","Gash","Bite","Bite","Bite","Coolheaded+1","All For One","Gash","All For One","Chrysalis+1","Conserve Battery","Fusion+1","Loop","Glacier","Blizzard","Electrodynamics","Sunder+1","Compile Driver+1","Stack+1","All For One","Leap+1","Glacier+1"],"special_seed":0,"relics":["FrozenCore","NeowsBlessing","Mercury Hourglass","Anchor","Shuriken","Oddly Smooth Stone","The Courier","War Paint","Strawberry","Centennial Puzzle","Mango","Astrolabe"],"potions_floor_usage":[23,29,29,41],"damage_taken":[{"damage":0.0,"enemies":"Jaw Worm","floor":1.0,"turns":1.0},{"damage":0.0,"enemies":"2 Louse","floor":4.0,"turns":1.0},{"damage":0.0,"enemies":"Lagavulin","floor":6.0,"turns":1.0},{"damage":0.0,"enemies":"Cultist","floor":8.0,"turns":2.0},{"damage":8.0,"enemies":"3 Sentries","floor":11.0,"turns":4.0},{"damage":0.0,"enemies":"2 Fungi Beasts","floor":12.0,"turns":2.0},{"damage":0.0,"enemies":"Large Slime","floor":14.0,"turns":4.0},{"damage":20.0,"enemies":"Slime Boss","floor":16.0,"turns":11.0},{"damage":12.0,"enemies":"Spheric Guardian","floor":18.0,"turns":6.0},{"damage":15,"enemies":"Chosen","floor":22,"turns":6},{"damage":12,"enemies":"Slavers","floor":23,"turns":7},{"damage":15,"enemies":"Centurion and Healer","floor":24,"turns":7},{"damage":25,"enemies":"Gremlin Leader","floor":27,"turns":7},{"damage":3,"enemies":"Snake Plant","floor":28,"turns":4},{"damage":19,"enemies":"Slavers","floor":29,"turns":5},{"damage":2,"enemies":"Snecko","floor":30,"turns":6},{"damage":15,"enemies":"Champ","floor":33,"turns":9},{"damage":21,"enemies":"3 Darklings","floor":35,"turns":4},{"damage":0,"enemies":"Orb Walker","floor":38,"turns":5},{"damage":43,"enemies":"Transient","floor":39,"turns":5},{"damage":54,"enemies":"Giant Head","floor":41,"turns":7}],"seed_played":"8357826573093193903","potions_obtained":[{"floor":1.0,"key":"EssenceOfSteel"},{"floor":4.0,"key":"LiquidBronze"},{"floor":8.0,"key":"Regen Potion"},{"floor":18.0,"key":"Dexterity Potion"},{"floor":27,"key":"FearPotion"},{"floor":28,"key":"Regen Potion"},{"floor":39,"key":"EssenceOfSteel"}],"is_trial":false,"path_per_floor":["M","?","?","M","?","E","R","M","T","$","E","M","?","M","R","B",null,"M","$","?","?","M","E","M","?","T","E","M","E","M","$","R","B",null,"M","?","$","M","M","R","E"],"character_chosen":"DEFECT","items_purchased":["Oddly Smooth Stone","Glacier","Blizzard","All For One"],"campfire_rested":1,"item_purchase_floors":[10,31,31,37],"current_hp_per_floor":[75,68,68,68,68,68,68,68,68,68,70,70,70,70,70,50,75,63,63,52,52,41,45,37,37,44,29,32,49,59,59,59,58,73,56,56,56,60,23,44,0],"gold":62,"neow_bonus":"THREE_ENEMY_KILL","is_prod":false,"is_daily":false,"chose_seed":false,"campfire_upgraded":3,"win_rate":0,"timestamp":1549237697,"path_taken":["M","?","?","M","?","E","R","M","T","$","E","?","?","M","R","BOSS","M","$","?","?","?","E","M","?","T","E","M","E","M","$","R","BOSS","M","?","$","M","M","R","E"],"build_version":"2019-01-23","purchased_purges":3,"victory":false,"max_hp_per_floor":[75,75,75,75,75,75,75,75,75,75,75,75,75,75,75,75,75,75,75,52,52,52,52,52,52,59,59,59,73,73,73,73,73,73,73,73,73,73,73,73,73],"card_choices":[{"not_picked":["Force Field","Sweeping Beam"],"picked":"Cold Snap","floor":1.0},{"not_picked":["Heatsinks","Reprogram"],"picked":"Go for the Eyes","floor":4.0},{"not_picked":["Coolheaded","Turbo"],"picked":"Ball Lightning","floor":6.0},{"not_picked":["Barrage","Ball Lightning"],"picked":"Coolheaded","floor":8.0},{"not_picked":["Aggregate","Steam"],"picked":"Beam Cell","floor":11.0},{"not_picked":["Compile Driver","Hologram"],"picked":"Conserve Battery","floor":12.0},{"not_picked":["Force Field","Meteor Strike"],"picked":"White Noise","floor":14.0},{"not_picked":["Amplify","Rainbow"],"picked":"Creative AI","floor":16.0},{"not_picked":["Genetic Algorithm","Barrage"],"picked":"Gash","floor":18.0},{"not_picked":["Steam","Streamline"],"picked":"Coolheaded","floor":22},{"not_picked":["Barrage","Compile Driver"],"picked":"All For One","floor":23},{"not_picked":["Leap+1","Steam"],"picked":"Gash","floor":24},{"not_picked":["Fission","Barrage+1"],"picked":"Conserve Battery","floor":27},{"not_picked":["Sunder","Darkness","Turbo+1"],"picked":"SKIP","floor":28},{"not_picked":["Coolheaded","Beam Cell"],"picked":"Fusion+1","floor":29},{"not_picked":["Sweeping Beam","Creative AI"],"picked":"Loop","floor":30},{"not_picked":["Reboot","Fission"],"picked":"Electrodynamics","floor":33},{"not_picked":["Hologram+1","Ball Lightning+1"],"picked":"Stack+1","floor":35},{"not_picked":["Lockon","Undo"],"picked":"Leap+1","floor":38},{"not_picked":["Sweeping Beam","Darkness+1"],"picked":"Glacier+1","floor":39}],"player_experience":90239,"relics_obtained":[{"floor":6.0,"key":"Anchor"},{"floor":9.0,"key":"Shuriken"},{"floor":11.0,"key":"The Courier"},{"floor":23,"key":"War Paint"},{"floor":26,"key":"Strawberry"},{"floor":27,"key":"Centennial Puzzle"},{"floor":29,"key":"Mango"}],"event_choices":[{"cards_removed":["Strike_B"],"damage_healed":0.0,"max_hp_gain":0.0,"max_hp_loss":0.0,"gold_gain":0.0,"event_name":"Golden Wing","player_choice":"Card Removal","floor":2.0,"gold_loss":0.0,"damage_taken":7.0},{"damage_healed":0.0,"max_hp_gain":0.0,"max_hp_loss":0.0,"gold_gain":0.0,"event_name":"Big Fish","player_choice":"Box","floor":3.0,"gold_loss":0.0,"damage_taken":0.0,"relics_obtained":["Mercury Hourglass"],"cards_obtained":["Regret"]},{"cards_removed":["Regret"],"damage_healed":0.0,"max_hp_gain":0.0,"max_hp_loss":0.0,"gold_gain":0.0,"event_name":"Fountain of Cleansing","player_choice":"Removed Curses","floor":5.0,"gold_loss":0.0,"damage_taken":0.0},{"cards_removed":["Strike_B"],"damage_healed":0.0,"max_hp_gain":0.0,"max_hp_loss":0.0,"gold_gain":0.0,"event_name":"The Cleric","player_choice":"Card Removal","floor":13.0,"gold_loss":50.0,"damage_taken":0.0},{"damage_healed":0.0,"max_hp_gain":0.0,"max_hp_loss":23.0,"gold_gain":0.0,"event_name":"Vampires","player_choice":"Became a vampire","floor":20.0,"gold_loss":0.0,"damage_taken":0.0,"cards_obtained":["Bite","Bite","Bite","Bite","Bite"]},{"cards_removed":["Defend_B"],"damage_healed":0,"gold_gain":0,"player_choice":"Purged","damage_taken":0,"max_hp_gain":0,"max_hp_loss":0,"event_name":"Purifier","floor":21,"gold_loss":0},{"damage_healed":0,"gold_gain":0,"cards_transformed":["Dualcast","Bite"],"player_choice":"Became Test Subject","damage_taken":0,"max_hp_gain":0,"max_hp_loss":0,"event_name":"Drug Dealer","floor":25,"gold_loss":0,"cards_obtained":["All For One","Chrysalis"]},{"cards_removed":["Bite"],"damage_healed":0,"gold_gain":0,"player_choice":"Removed Attack","damage_taken":0,"max_hp_gain":0,"max_hp_loss":0,"event_name":"Falling","floor":36,"gold_loss":0}],"is_beta":false,"boss_relics":[{"not_picked":["Busted Crown","Eternal Feather"],"picked":"FrozenCore"},{"not_picked":["Lizard Tail","Tiny House"],"picked":"Astrolabe"}],"items_purged_floors":[19,31,37],"is_endless":false,"potions_floor_spawned":[1,4,8,18,27,28,39],"killed_by":"Giant Head","ascension_level":0}