{"gold_per_floor":[114,94,113,34,48,77,77,95,95,107,107,53,67,84,84,156,156,173,191,191],"floor_reached":20,"playtime":1779,"items_purged":[],"score":294,"play_id":"1e412e70-e86d-4ab8-916d-fc881b3712a0","local_time":"20190203022039","is_ascension_mode":true,"campfire_choices":[{"data":"Defragment","floor":7,"key":"SMITH"},{"data":"Zap","floor":15,"key":"SMITH"}],"neow_cost":"NONE","seed_source_timestamp":875190881667600,"circlet_count":0,"master_deck":["AscendersBane","Strike_B+1","Strike_B","Strike_B+1","Defend_B","Defend_B","Zap+1","Dualcast","Coolheaded","Tempest","Defragment+1","Conserve Battery","Cold Snap","Turbo","Cold Snap","Conserve Battery","Sweeping Beam","Rip and Tear","Ball Lightning","Cold Snap"],"relics":["Cracked Core","Whetstone","Pear","NlothsMask","Empty Cage"],"potions_floor_usage":[5,14,16,16,20],"damage_taken":[{"damage":1,"enemies":"2 Louse","floor":1,"turns":2},{"damage":0,"enemies":"Cultist","floor":3,"turns":3},{"damage":0,"enemies":"Jaw Worm","floor":5,"turns":3},{"damage":35,"enemies":"Gremlin Nob","floor":6,"turns":4},{"damage":26,"enemies":"Lots of Slimes","floor":8,"turns":4},{"damage":8,"enemies":"3 Louse","floor":10,"turns":3},{"damage":0,"enemies":"Blue Slaver","floor":13,"turns":4},{"damage":0,"enemies":"Red Slaver","floor":14,"turns":3},{"damage":5,"enemies":"Hexaghost","floor":16,"turns":12},{"damage":19,"enemies":"Shell Parasite","floor":18,"turns":7},{"damage":25,"enemies":"2 Thieves","floor":19,"turns":4},{"damage":24,"enemies":"Centurion and Healer","floor":20,"turns":4}],"seed_played":"-3618829623004228897","potions_obtained":[{"floor":2,"key":"Block Potion"},{"floor":5,"key":"GamblersBrew"},{"floor":10,"key":"FearPotion"},{"floor":14,"key":"Block Potion"},{"floor":19,"key":"AttackPotion"}],"is_trial":false,"path_per_floor":["M","?","M","$","M","E","R","M","T","M","?","$","M","M","R","B",null,"M","M","M"],"character_chosen":"DEFECT","items_purchased":["Defragment","Conserve Battery"],"campfire_rested":0,"item_purchase_floors":[4,12],"current_hp_per_floor":[67,67,67,67,67,32,32,6,16,8,8,8,8,8,8,3,65,46,21,0],"gold":191,"neow_bonus":"REMOVE_CARD","is_prod":false,"is_daily":false,"chose_seed":false,"campfire_upgraded":2,"win_rate":0,"timestamp":1549160439,"path_taken":["M","?","M","$","M","E","R","M","T","?","?","$","M","M","R","BOSS","M","M","?"],"build_version":"2019-01-23","purchased_purges":0,"victory":false,"max_hp_per_floor":[75,75,75,75,75,75,75,75,85,85,85,85,85,85,85,85,85,85,85,85],"card_choices":[{"not_picked":["Hologram","Rebound"],"picked":"Coolheaded","floor":1},{"not_picked":["Stack","Rebound"],"picked":"Tempest","floor":3},{"not_picked":["Undo","Hologram"],"picked":"Conserve Battery","floor":5},{"not_picked":["Lockon","Seek"],"picked":"Cold Snap","floor":6},{"not_picked":["Streamline","Double Energy"],"picked":"Turbo","floor":8},{"not_picked":["Redo","Hyperbeam"],"picked":"Cold Snap","floor":10},{"not_picked":["Barrage","Turbo"],"picked":"Sweeping Beam","floor":13},{"not_picked":["Stack","Aggregate"],"picked":"Rip and Tear","floor":14},{"not_picked":["Stack","Double Energy"],"picked":"Ball Lightning","floor":18},{"not_picked":["Heatsinks","Rebound"],"picked":"Cold Snap","floor":19}],"player_experience":246711,"relics_obtained":[{"floor":6,"key":"Whetstone"},{"floor":9,"key":"Pear"}],"event_choices":[{"damage_healed":0,"gold_gain":0,"player_choice":"Bought 1 Potion","damage_taken":0,"max_hp_gain":0,"max_hp_loss":0,"event_name":"The Woman in Blue","floor":2,"gold_loss":0},{"damage_healed":0,"gold_gain":0,"player_choice":"Trade","damage_taken":0,"relics_obtained":["NlothsMask"],"max_hp_gain":0,"max_hp_loss":0,"event_name":"FaceTrader","floor":11,"gold_loss":0}],"is_beta":false,"boss_relics":[{"not_picked":["Coffee Dripper","Busted Crown"],"picked":"Empty Cage"}],"items_purged_floors":[],"is_endless":false,"potions_floor_spawned":[5,10,14,19],"killed_by":"Centurion and Healer","ascension_level":13}