{"path_per_floor":["?","?","?","?","?","?","?","?","?","?","?","?","?","?","?","B",null,"?","?","?","?","?","?","?","?","?","?","?","?","?","?","?"],"character_chosen":"IRONCLAD","items_purchased":["Shovel","Block Potion"],"gold_per_floor":[114,64,79,94,94,154,169,169,244,259,259,289,339,354,354,454,454,469,484,484,499,514,529,544,544,569,584,584,52,67,67,67],"floor_reached":33,"campfire_rested":3,"playtime":3198,"current_hp_per_floor":[80,80,75,71,80,66,64,64,64,59,59,40,40,44,80,14,80,70,56,56,44,24,7,13,52,52,40,79,79,61,61,61],"items_purged":["Defend_R"],"gold":67,"score":263,"play_id":"bb7a4ea4-e20e-4aa2-8ec8-24f070ca46e8","local_time":"20180302181752","daily_mods":[{"name":"Diverse","description":"Start with 2 cards from another class.","modID":"Diverse","img":{"data":{"file":{"file":{"path":"images\\ui\\run_mods\\diverse.png"},"type":"Internal"},"width":64,"height":64,"format":"RGBA8888","useMipMaps":false,"isPrepared":false},"glTarget":3553,"glHandle":685,"minFilter":"Linear","magFilter":"Linear","uWrap":"ClampToEdge","vWrap":"ClampToEdge"},"positive":true},{"name":"Uncertain Future","description":"The map shows only ?.","modID":"Uncertain Future","img":{"data":{"file":{"file":{"path":"images\\ui\\run_mods\\uncertain_future.png"},"type":"Internal"},"width":64,"height":64,"format":"RGBA8888","useMipMaps":false,"isPrepared":false},"glTarget":3553,"glHandle":679,"minFilter":"Linear","magFilter":"Linear","uWrap":"ClampToEdge","vWrap":"ClampToEdge"},"positive":false},{"name":"Binary","description":"Card rewards contain only 2 cards.","modID":"Binary","img":{"data":{"file":{"file":{"path":"images\\ui\\run_mods\\binary.png"},"type":"Internal"},"width":64,"height":64,"format":"RGBA8888","useMipMaps":false,"isPrepared":false},"glTarget":3553,"glHandle":680,"minFilter":"Linear","magFilter":"Linear","uWrap":"ClampToEdge","vWrap":"ClampToEdge"},"positive":false},{"name":"Vintage","description":"The Merchant\u0027s prices are increased by 25%.","modID":"Vintage","img":{"data":{"file":{"file":{"path":"images\\ui\\run_mods\\vintage.png"},"type":"Internal"},"width":64,"height":64,"format":"RGBA8888","useMipMaps":false,"isPrepared":false},"glTarget":3553,"glHandle":677,"minFilter":"Linear","magFilter":"Linear","uWrap":"ClampToEdge","vWrap":"ClampToEdge"},"positive":false}],"is_prod":false,"is_daily":true,"is_ascension_mode":false,"campfire_upgraded":2,"timestamp":1520014672,"path_taken":["?","?","?","?","?","?","?","?","?","?","?","?","?","?","?","BOSS","?","?","?","?","?","?","?","?","?","?","?","?","?","?","?","BOSS"],"build_version":"2018-03-01-PROD1","purchased_purges":1,"victory":false,"master_deck":["Strike_R","Strike_R","Strike_R","Strike_R","Defend_R","Defend_R","Defend_R","Bash","Bouncing Flask+1","Bouncing Flask+1","Clash","Body Slam","Battle Trance","Shrug It Off","Impervious","Warcry","Disarm+1","Metallicize+1","Rampage+1"],"max_hp_per_floor":[80,80,80,80,80,80,80,80,80,80,80,80,80,80,80,80,80,80,80,80,80,80,80,80,80,80,80,80,80,80,80,80],"relics":["Burning Blood","Tiny Chest","Gremlin Horn","Pantograph","Regal Pillow","Question Card","Omamori","Shovel","Frozen Egg 2"],"card_choices":[{"not_picked":["Warcry"],"picked":"Clash"},{"not_picked":["Battle Trance"],"picked":"Body Slam"},{"not_picked":["Body Slam"],"picked":"Sentinel"},{"not_picked":["Spot Weakness"],"picked":"Battle Trance"},{"not_picked":["Wild Strike"],"picked":"Shrug It Off"},{"not_picked":["Limit Break"],"picked":"Impervious"},{"not_picked":["Perfected Strike","Anger"],"picked":"Disarm"},{"not_picked":["Clothesline","Entrench"],"picked":"Metallicize"},{"not_picked":["Blood for Blood","Warcry"],"picked":"Rampage"}],"player_experience":100458,"potions_floor_usage":[6,12,16,16,16,21,23,24,30],"damage_taken":[{"damage":1,"enemies":"Cultist","floor":1,"turns":3},{"damage":11,"enemies":"Jaw Worm","floor":3,"turns":2},{"damage":10,"enemies":"Small Slimes","floor":4,"turns":3},{"damage":20,"enemies":"Gremlin Nob","floor":6,"turns":4},{"damage":8,"enemies":"2 Fungi Beasts","floor":7,"turns":4},{"damage":11,"enemies":"Red Slaver","floor":10,"turns":3},{"damage":25,"enemies":"3 Sentries","floor":12,"turns":8},{"damage":2,"enemies":"Looter","floor":14,"turns":4},{"damage":72,"enemies":"Slime Boss","floor":16,"turns":12},{"damage":16,"enemies":"3 Byrds","floor":18,"turns":5},{"damage":20,"enemies":"Chosen","floor":19,"turns":4},{"damage":18,"enemies":"Snecko","floor":21,"turns":7},{"damage":26,"enemies":"Cultist and Chosen","floor":22,"turns":7},{"damage":23,"enemies":"Slaver and Parasite","floor":23,"turns":8},{"damage":0,"enemies":"Snake Plant","floor":24,"turns":5},{"damage":18,"enemies":"Centurion and Healer","floor":27,"turns":10},{"damage":24,"enemies":"Cultist and Chosen","floor":30,"turns":7},{"damage":86,"enemies":"Automaton","floor":33,"turns":10}],"event_choices":[{"event_name":"The Cleric","player_choice":"Card Removal","floor":2,"damage_taken":0},{"event_name":"Bonfire Elementals","player_choice":"UNCOMMON","floor":5,"damage_taken":0},{"event_name":"The Library","player_choice":"Read","floor":20,"damage_taken":0},{"event_name":"Upgrade Shrine","player_choice":"Upgraded","floor":31,"damage_taken":0}],"boss_relics":[{"not_picked":["Cursed Key","Velvet Choker"],"picked":"Question Card"}],"potions_floor_spawned":[3,4,6,10,14,19,22,23],"seed_played":"-4064848218327866266","killed_by":"Automaton","ascension_level":0,"is_trial":false}