{"gold_per_floor":[112,112,128,53,68,98,98,116,142,155,305,305,339,351,351,428,428,440,440,456,128,145,171,171,171,195,195,195,223,223,223,223,298,298,309,309,309,326,35,67,67,67],"floor_reached":42,"playtime":3353,"items_purged":["Strike_B"],"score":914,"play_id":"ce6e33da-d2fb-4cbd-a598-2c0942a919d9","local_time":"20190114144641","is_ascension_mode":true,"campfire_choices":[{"data":"Zap","floor":7.0,"key":"SMITH"},{"floor":15.0,"key":"REST"},{"data":"Fission","floor":24.0,"key":"SMITH"},{"data":"Reprogram","floor":28.0,"key":"SMITH"},{"data":"White Noise","floor":30.0,"key":"SMITH"},{"data":"Ghostly","floor":32.0,"key":"SMITH"}],"neow_cost":"NONE","seed_source_timestamp":329945574179954,"circlet_count":0,"master_deck":["AscendersBane","Zap+1","BootSequence","Cold Snap+1","Conserve Battery","White Noise+1","Static Discharge+1","Auto Shields","Biased Cognition+1","Storm+1","Buffer+1","Reprogram+1","Hologram","Fission+1","Loop+1","Cold Snap+1","Heatsinks+1","Coolheaded+1","Reinforced Body+1","Aggregate+1","Ball Lightning+1","Machine Learning+1","Ghostly+1","Ghostly","Ghostly","Writhe","Darkness","Writhe"],"special_seed":0,"relics":["Cracked Core","Frozen Egg 2","Omamori","Happy Flower","Blue Candle","Pandora\u0027s Box","MealTicket","Art of War","Whetstone","Dream Catcher","Strawberry","Nuclear Battery","Shovel","War Paint"],"potions_floor_usage":[38],"damage_taken":[{"damage":1.0,"enemies":"Cultist","floor":1.0,"turns":4.0},{"damage":6.0,"enemies":"2 Louse","floor":3.0,"turns":3.0},{"damage":0.0,"enemies":"Small Slimes","floor":5.0,"turns":3.0},{"damage":71.0,"enemies":"Gremlin Nob","floor":6.0,"turns":7.0},{"damage":2.0,"enemies":"Exordium Thugs","floor":8.0,"turns":6.0},{"damage":5.0,"enemies":"Large Slime","floor":10.0,"turns":7.0},{"damage":9.0,"enemies":"Lagavulin","floor":13.0,"turns":7.0},{"damage":4.0,"enemies":"Looter","floor":14.0,"turns":3.0},{"damage":23.0,"enemies":"Slime Boss","floor":16.0,"turns":12.0},{"damage":0.0,"enemies":"Chosen","floor":18.0,"turns":3.0},{"damage":7.0,"enemies":"3 Byrds","floor":20.0,"turns":2.0},{"damage":0.0,"enemies":"Centurion and Healer","floor":22.0,"turns":8.0},{"damage":14.0,"enemies":"Book of Stabbing","floor":23.0,"turns":6.0},{"damage":22.0,"enemies":"Slavers","floor":29.0,"turns":4.0},{"damage":1.0,"enemies":"Automaton","floor":33.0,"turns":12.0},{"damage":2.0,"enemies":"3 Shapes","floor":35.0,"turns":3.0},{"damage":1,"enemies":"Orb Walker","floor":38,"turns":3},{"damage":12,"enemies":"Nemesis","floor":40,"turns":9},{"damage":46,"enemies":"Giant Head","floor":42,"turns":7}],"seed_played":"3808272389496509607","potions_obtained":[{"floor":5.0,"key":"Regen Potion"},{"floor":6.0,"key":"SkillPotion"},{"floor":10.0,"key":"Energy Potion"},{"floor":14.0,"key":"SkillPotion"},{"floor":16.0,"key":"Poison Potion"},{"floor":22.0,"key":"FocusPotion"},{"floor":29.0,"key":"SkillPotion"},{"floor":33.0,"key":"Strength Potion"},{"floor":35.0,"key":"Dexterity Potion"}],"is_trial":false,"path_per_floor":["M","T","M","$","M","E","R","M","T","M","?","?","E","M","R","B",null,"M","?","M","$","M","E","R","?","T","?","R","E","R","?","R","B",null,"M","?","?","M","$","E","?","E"],"character_chosen":"DEFECT","items_purchased":["Heatsinks+1","MealTicket","Coolheaded","Shovel"],"campfire_rested":1,"item_purchase_floors":[21,21,21,39],"current_hp_per_floor":[70,70,64,64,64,8,8,6,6,1,1,20,11,7,30,7,60,60,60,53,53,53,39,39,39,39,39,39,17,17,24,24,23,40,38,38,38,37,46,34,43,0],"gold":67,"neow_bonus":"TEN_PERCENT_HP_BONUS","is_prod":false,"is_daily":false,"chose_seed":false,"campfire_upgraded":5,"win_rate":0,"timestamp":1547473601,"path_taken":["M","?","M","$","M","E","R","M","T","M","?","?","E","?","R","BOSS","M","?","M","$","M","E","R","?","T","?","R","E","R","?","R","BOSS","M","?","?","M","$","E","?","E"],"build_version":"2019-01-10","purchased_purges":1,"victory":false,"max_hp_per_floor":[78,78,78,78,78,78,78,78,78,78,78,78,78,78,78,78,78,78,78,78,78,78,78,78,78,78,39,39,39,39,46,46,46,46,46,46,46,46,46,46,46,46],"card_choices":[{"not_picked":["Beam Cell","Leap"],"picked":"BootSequence","floor":1.0},{"not_picked":["Darkness","Steam"],"picked":"Cold Snap","floor":3.0},{"not_picked":["Steam","Stack"],"picked":"Conserve Battery","floor":5.0},{"not_picked":["Reprogram","Leap","Melter"],"picked":"SKIP","floor":6.0},{"not_picked":["Fusion","Heatsinks+1"],"picked":"White Noise","floor":8.0},{"not_picked":["Force Field","Core Surge"],"picked":"Static Discharge+1","floor":10.0},{"not_picked":["BootSequence","Rebound"],"picked":"Lockon","floor":13.0},{"not_picked":["Barrage","Stack"],"picked":"Auto Shields","floor":14.0},{"not_picked":["All For One","Fission"],"picked":"Biased Cognition+1","floor":16.0},{"not_picked":["Double Energy+1","Aggregate"],"picked":"Loop+1","floor":18.0},{"not_picked":["Go for the Eyes","Sweeping Beam"],"picked":"Cold Snap+1","floor":20.0},{"not_picked":["Stack","Leap"],"picked":"Reinforced Body","floor":22.0},{"not_picked":["Turbo","Scrape"],"picked":"Aggregate+1","floor":23.0},{"not_picked":["Barrage","Rip and Tear","Streamline"],"picked":"SKIP","floor":29.0},{"not_picked":["Sunder+1","Scrape","Steam Power"],"picked":"SKIP","floor":35.0},{"not_picked":["Ball Lightning+1","Turbo","Cold Snap"],"picked":"SKIP","floor":38},{"not_picked":["Rebound","Core Surge"],"picked":"Darkness","floor":40}],"player_experience":860724,"relics_obtained":[{"floor":2.0,"key":"Frozen Egg 2"},{"floor":6.0,"key":"Omamori"},{"floor":9.0,"key":"Happy Flower"},{"floor":13.0,"key":"Blue Candle"},{"floor":23.0,"key":"Art of War"},{"floor":26.0,"key":"Whetstone"},{"floor":29.0,"key":"Dream Catcher"},{"floor":40,"key":"War Paint"}],"event_choices":[{"damage_healed":0.0,"max_hp_gain":0.0,"max_hp_loss":0.0,"gold_gain":150.0,"event_name":"Liars Game","player_choice":"AGREE","floor":11.0,"gold_loss":0.0,"damage_taken":0.0,"cards_obtained":["Doubt"]},{"damage_healed":19.0,"max_hp_gain":0.0,"max_hp_loss":0.0,"gold_gain":0.0,"event_name":"Mushrooms","player_choice":"Healed and dodged fight","floor":12.0,"gold_loss":0.0,"damage_taken":0.0,"cards_obtained":["Parasite"]},{"cards_removed":["Barrage"],"damage_healed":0.0,"max_hp_gain":0.0,"max_hp_loss":0.0,"gold_gain":0.0,"event_name":"Back to Basics","player_choice":"Elegance","floor":19.0,"gold_loss":0.0,"damage_taken":0.0},{"damage_healed":0.0,"max_hp_gain":0.0,"max_hp_loss":0.0,"gold_gain":0.0,"cards_transformed":["Go for the Eyes","Dualcast"],"event_name":"Drug Dealer","player_choice":"Became Test Subject","floor":25.0,"gold_loss":0.0,"damage_taken":0.0,"cards_obtained":["Ball Lightning","Machine Learning"]},{"damage_healed":0.0,"max_hp_gain":0.0,"max_hp_loss":39.0,"gold_gain":0.0,"event_name":"Ghosts","player_choice":"Became a Ghost","floor":27.0,"gold_loss":0.0,"damage_taken":0.0,"cards_obtained":["Ghostly","Ghostly","Ghostly"]},{"damage_healed":0.0,"max_hp_gain":0.0,"max_hp_loss":0.0,"gold_gain":0.0,"event_name":"The Mausoleum","player_choice":"Opened","floor":31.0,"gold_loss":0.0,"damage_taken":0.0,"relics_obtained":["Strawberry"],"cards_obtained":["Writhe"]},{"damage_healed":0,"gold_gain":0,"player_choice":"Ignored","damage_taken":0,"max_hp_gain":0,"max_hp_loss":0,"event_name":"Tomb of Lord Red Mask","floor":36,"gold_loss":0},{"cards_removed":["Lockon"],"damage_healed":0,"gold_gain":0,"player_choice":"Removed Attack","damage_taken":0,"max_hp_gain":0,"max_hp_loss":0,"event_name":"Falling","floor":37,"gold_loss":0},{"damage_healed":9,"gold_gain":0,"player_choice":"Writhe","damage_taken":0,"max_hp_gain":0,"max_hp_loss":0,"event_name":"Winding Halls","floor":41,"gold_loss":0,"cards_obtained":["Writhe"]}],"is_beta":false,"boss_relics":[{"not_picked":["Fusion Hammer","Black Star"],"picked":"Pandora\u0027s Box"},{"not_picked":["Tiny House","FrozenCore"],"picked":"Nuclear Battery"}],"items_purged_floors":[4],"is_endless":false,"potions_floor_spawned":[5,6,10,14,16,22,29,33,35],"killed_by":"Giant Head","ascension_level":15}