{"gold_per_floor":[113,126,51,51,64,64,83,83,83,97,112,140,140,105,105,182,182,195,20,20,20,34,34,34,64,118,118,150,150,169,181,181,254,254,269,269,26,26,41,73,73,108,108,120,120,120,120,220,220,220],"floor_reached":51,"playtime":5699,"items_purged":["Strike_G","Strike_G"],"score":1412,"play_id":"34a2859a-9df9-425f-a719-c4cb8098a8ae","local_time":"20190123170046","is_ascension_mode":true,"campfire_choices":[{"data":"Dash","floor":6.0,"key":"SMITH"},{"data":"Unload","floor":8.0,"key":"SMITH"},{"data":"Footwork","floor":15.0,"key":"SMITH"},{"data":"Footwork","floor":23.0,"key":"SMITH"},{"floor":27.0,"key":"REST"},{"floor":29.0,"key":"REST"},{"floor":32.0,"key":"REST"},{"data":"Apotheosis","floor":41,"key":"SMITH"},{"data":"Adrenaline","floor":46,"key":"SMITH"},{"data":"Noxious Fumes","floor":49,"key":"SMITH"}],"neow_cost":"TEN_PERCENT_HP_LOSS","seed_source_timestamp":92157490317732,"circlet_count":0,"master_deck":["AscendersBane","Defend_G","Defend_G","Defend_G","Defend_G","Defend_G","Survivor","Neutralize+1","Dash+1","All Out Attack+1","Infinite Blades","Cloak And Dagger","Unload+1","Backflip","Footwork+1","Backflip","Noxious Fumes+1","Adrenaline+1","Endless Agony+1","Tactician+1","Adrenaline+1","Footwork+1","Deflect+1","Dodge and Roll","After Image","Deadly Poison","Prepared+1","Night Terror","PiercingWail","Dodge and Roll","Apotheosis+1","Cloak And Dagger+1","Well Laid Plans+1","Bouncing Flask"],"special_seed":0,"relics":["Ring of the Serpent","Prayer Wheel","Ornamental Fan","Juzu Bracelet","Shuriken","Astrolabe","Blue Candle","Snake Skull","Matryoshka","Darkstone Periapt","Pantograph","Whetstone","Kunai","Thread and Needle"],"potions_floor_usage":[47,47],"damage_taken":[{"damage":0.0,"enemies":"Jaw Worm","floor":1.0,"turns":6.0},{"damage":0.0,"enemies":"Cultist","floor":2.0,"turns":4.0},{"damage":0.0,"enemies":"2 Louse","floor":5.0,"turns":2.0},{"damage":0.0,"enemies":"Blue Slaver","floor":7.0,"turns":3.0},{"damage":0.0,"enemies":"Exordium Wildlife","floor":10.0,"turns":3.0},{"damage":0.0,"enemies":"3 Louse","floor":11.0,"turns":3.0},{"damage":13.0,"enemies":"3 Sentries","floor":12.0,"turns":9.0},{"damage":32.0,"enemies":"Slime Boss","floor":16.0,"turns":8.0},{"damage":5.0,"enemies":"Chosen","floor":18.0,"turns":5.0},{"damage":14.0,"enemies":"3 Byrds","floor":22.0,"turns":6.0},{"damage":21.0,"enemies":"Gremlin Leader","floor":25.0,"turns":10.0},{"damage":17.0,"enemies":"Book of Stabbing","floor":28.0,"turns":8.0},{"damage":0.0,"enemies":"3 Cultists","floor":30.0,"turns":7.0},{"damage":10.0,"enemies":"Cultist and Chosen","floor":31.0,"turns":7.0},{"damage":13.0,"enemies":"Collector","floor":33.0,"turns":14.0},{"damage":0,"enemies":"3 Darklings","floor":35,"turns":6},{"damage":12,"enemies":"Orb Walker","floor":39,"turns":6},{"damage":0,"enemies":"Giant Head","floor":40,"turns":9},{"damage":0,"enemies":"Nemesis","floor":42,"turns":11},{"damage":1,"enemies":"Writhing Mass","floor":44,"turns":8},{"damage":0,"enemies":"4 Shapes","floor":47,"turns":1},{"damage":0,"enemies":"Mind Bloom Boss Battle","floor":48,"turns":8},{"damage":54,"enemies":"Time Eater","floor":50,"turns":23}],"seed_played":"899727609794961414","potions_obtained":[{"floor":5.0,"key":"Swift Potion"},{"floor":10.0,"key":"FairyPotion"},{"floor":12.0,"key":"PowerPotion"},{"floor":16.0,"key":"GamblersBrew"},{"floor":31.0,"key":"SteroidPotion"},{"floor":33,"key":"SmokeBomb"},{"floor":35,"key":"Swift Potion"},{"floor":48,"key":"Explosive Potion"}],"is_trial":false,"path_per_floor":["M","M","$","?","M","R","M","R","T","M","M","E","?","?","R","B",null,"M","$","?","?","M","R","$","E","T","R","E","R","M","M","R","B",null,"M","?","$","?","M","E","R","E","T","M","?","R","M","?","R","B",null],"character_chosen":"THE_SILENT","items_purchased":["Footwork","Dodge and Roll","Apotheosis"],"campfire_rested":3,"item_purchase_floors":[19,37,37],"current_hp_per_floor":[59,59,59,59,59,59,59,59,59,59,59,46,35,50,50,18,50,45,45,45,45,31,31,31,10,10,28,11,29,29,19,37,24,51,51,51,51,51,39,39,39,39,39,38,38,38,38,57,57,3],"gold":220,"neow_bonus":"ONE_RARE_RELIC","is_prod":false,"is_daily":false,"chose_seed":false,"campfire_upgraded":7,"win_rate":0,"timestamp":1548259246,"path_taken":["M","M","$","?","M","R","M","R","T","M","M","E","?","?","R","BOSS","M","$","?","?","M","R","?","E","T","R","E","R","M","M","R","BOSS","BOSS","M","?","$","?","M","E","R","E","T","M","?","R","M","?","R","BOSS"],"build_version":"2019-01-17v2","purchased_purges":2,"victory":true,"max_hp_per_floor":[60,60,60,60,60,60,60,60,60,60,60,60,60,60,60,60,60,60,60,60,60,60,60,60,60,60,60,60,60,60,60,60,60,60,60,60,60,57,57,57,57,57,57,57,57,57,57,57,57,57],"card_choices":[{"not_picked":["PiercingWail","Backflip"],"picked":"Dash","floor":1.0},{"not_picked":["Dagger Spray","Sucker Punch"],"picked":"All Out Attack","floor":1.0},{"not_picked":["Acrobatics","Accuracy"],"picked":"Infinite Blades","floor":2.0},{"not_picked":["Bane","Outmaneuver","Dagger Spray"],"picked":"SKIP","floor":2.0},{"not_picked":["Bullet Time","Predator"],"picked":"Backflip","floor":5.0},{"not_picked":["Cloak And Dagger","Skewer","PiercingWail"],"picked":"SKIP","floor":5.0},{"not_picked":["Underhanded Strike","Flying Knee","Eviscerate"],"picked":"SKIP","floor":7.0},{"not_picked":["Dagger Throw","Slice","Flying Knee"],"picked":"SKIP","floor":7.0},{"not_picked":["Acrobatics","Finisher","Setup"],"picked":"SKIP","floor":10.0},{"not_picked":["Infinite Blades","Poisoned Stab","Underhanded Strike"],"picked":"SKIP","floor":10.0},{"not_picked":["Catalyst","Poisoned Stab"],"picked":"Footwork","floor":11.0},{"not_picked":["Poisoned Stab","Deflect"],"picked":"Backflip","floor":11.0},{"not_picked":["Skewer","Cloak And Dagger"],"picked":"Noxious Fumes","floor":12.0},{"not_picked":["Venomology","Storm of Steel"],"picked":"Adrenaline","floor":16.0},{"not_picked":["Tactician","Quick Slash+1","Poisoned Stab"],"picked":"SKIP","floor":18.0},{"not_picked":["Slice","Sucker Punch","Setup+1"],"picked":"SKIP","floor":18.0},{"not_picked":["Expertise+1","Deadly Poison"],"picked":"Deflect+1","floor":22.0},{"not_picked":["Backflip","Wraith Form v2"],"picked":"Dodge and Roll","floor":22.0},{"not_picked":["Riddle With Holes","Slice","Setup"],"picked":"SKIP","floor":25.0},{"not_picked":["Infinite Blades","Sucker Punch+1"],"picked":"After Image","floor":28.0},{"not_picked":["Infinite Blades","Slice"],"picked":"Deadly Poison","floor":30.0},{"not_picked":["Quick Slash","Acrobatics","Sucker Punch"],"picked":"SKIP","floor":30.0},{"not_picked":["Flying Knee","Noxious Fumes"],"picked":"Prepared+1","floor":31.0},{"not_picked":["Eviscerate","Quick Slash","Venomology"],"picked":"SKIP","floor":31.0},{"not_picked":["Wraith Form v2","Envenom"],"picked":"Night Terror","floor":33},{"not_picked":["Distraction","Backflip"],"picked":"PiercingWail","floor":35},{"not_picked":["Poisoned Stab","Flechettes+1","Flying Knee"],"picked":"SKIP","floor":35},{"not_picked":["Backflip","Quick Slash+1"],"picked":"Cloak And Dagger+1","floor":39},{"not_picked":["Quick Slash","Backflip","Setup"],"picked":"SKIP","floor":39},{"not_picked":["Wraith Form v2","PiercingWail+1"],"picked":"Well Laid Plans+1","floor":40},{"not_picked":["Eviscerate+1","Calculated Gamble"],"picked":"Bouncing Flask","floor":42},{"not_picked":["Sucker Punch","Quick Slash","Bane+1"],"picked":"SKIP","floor":44},{"not_picked":["Slice","Backflip+1","Noxious Fumes"],"picked":"SKIP","floor":44}],"player_experience":978897,"relics_obtained":[{"floor":9.0,"key":"Ornamental Fan"},{"floor":12.0,"key":"Juzu Bracelet"},{"floor":25.0,"key":"Blue Candle"},{"floor":26.0,"key":"Snake Skull"},{"floor":28.0,"key":"Matryoshka"},{"floor":40,"key":"Darkstone Periapt"},{"floor":42,"key":"Pantograph"},{"floor":43,"key":"Whetstone"},{"floor":43,"key":"Kunai"},{"floor":48,"key":"Thread and Needle"}],"event_choices":[{"damage_healed":0.0,"max_hp_gain":0.0,"max_hp_loss":0.0,"gold_gain":0.0,"event_name":"Match and Keep!","player_choice":"2 cards matched","floor":4.0,"gold_loss":0.0,"damage_taken":0.0,"cards_obtained":["Cloak And Dagger","Unload"]},{"damage_healed":0.0,"max_hp_gain":0.0,"max_hp_loss":0.0,"gold_gain":0.0,"event_name":"Scrap Ooze","player_choice":"Success","floor":13.0,"gold_loss":0.0,"damage_taken":11.0,"relics_obtained":["Shuriken"]},{"damage_healed":15.0,"max_hp_gain":0.0,"max_hp_loss":0.0,"gold_gain":0.0,"event_name":"The Cleric","player_choice":"Healed","floor":14.0,"gold_loss":35.0,"damage_taken":0.0},{"damage_healed":0.0,"max_hp_gain":0.0,"max_hp_loss":0.0,"gold_gain":0.0,"event_name":"The Mausoleum","player_choice":"Ignored","floor":20.0,"gold_loss":0.0,"damage_taken":0.0},{"damage_healed":0.0,"max_hp_gain":0.0,"max_hp_loss":0.0,"gold_gain":0.0,"event_name":"Ghosts","player_choice":"Ignored","floor":21.0,"gold_loss":0.0,"damage_taken":0.0},{"damage_healed":0,"gold_gain":0,"player_choice":"Ignored","damage_taken":0,"max_hp_gain":0,"max_hp_loss":0,"event_name":"SecretPortal","floor":36,"gold_loss":0},{"damage_healed":0,"gold_gain":0,"player_choice":"Max HP","damage_taken":0,"max_hp_gain":0,"max_hp_loss":3,"event_name":"Winding Halls","floor":38,"gold_loss":0},{"damage_healed":0,"gold_gain":0,"player_choice":"Memory 1","damage_taken":0,"max_hp_gain":0,"max_hp_loss":0,"event_name":"SensoryStone","floor":45,"gold_loss":0},{"damage_healed":0,"gold_gain":0,"player_choice":"Fight","damage_taken":0,"max_hp_gain":0,"max_hp_loss":0,"event_name":"MindBloom","floor":48,"gold_loss":0}],"is_beta":false,"boss_relics":[{"not_picked":["HoveringKite","Eternal Feather"],"picked":"Astrolabe"},{"not_picked":["Orrery","WristBlade"],"picked":"Ring of the Serpent"}],"items_purged_floors":[3,19],"is_endless":false,"potions_floor_spawned":[5,10,12,16,18,30,31,33,35,40,42,48],"ascension_level":18}