{"gold_per_floor":[366,379,379,389,405,405,434,434,434,491,24,40,40,58,58,154,154,164,183,201,126,44,44,58,77,77,77,87,99,99,112,112,207,207,227,272,284,284,284,284,294,294,294,294,38,138,150,69,69,69],"floor_reached":51,"playtime":3357,"items_purged":["Strike_R","Strike_R"],"score":1068,"play_id":"f4bb1fa0-c545-49b3-9bf6-8d0a52ae0cd5","local_time":"20181210003523","is_ascension_mode":true,"campfire_choices":[{"floor":6.0,"key":"REST"},{"data":"Armaments","floor":8.0,"key":"SMITH"},{"floor":15.0,"key":"REST"},{"floor":23.0,"key":"REST"},{"floor":27.0,"key":"REST"},{"floor":30.0,"key":"REST"},{"floor":32.0,"key":"REST"},{"data":"Feel No Pain","floor":40.0,"key":"SMITH"},{"data":"Feel No Pain","floor":42,"key":"SMITH"},{"data":"Juggernaut","floor":44,"key":"SMITH"},{"floor":49,"key":"REST"}],"neow_cost":"PERCENT_DAMAGE","seed_source_timestamp":12334026294910,"circlet_count":0,"master_deck":["AscendersBane","Strike_R","Defend_R","Defend_R","Defend_R","Defend_R","Bash","Cleave","Armaments+1","Inflame","Pummel","Spot Weakness","Sword Boomerang","Feel No Pain+1","Feel No Pain+1","Juggernaut+1","Corruption+1","Entrench","Panacea","Disarm","Shockwave","Entrench","Limit Break","Body Slam+1","The Bomb","Panacea","Body Slam+1","Feel No Pain"],"special_seed":0,"relics":["Burning Blood","Paper Frog","Pear","Shuriken","Tiny Chest","Singing Bowl","Omamori","WarpedTongs","Velvet Choker","Ornamental Fan","Runic Pyramid","Turnip","Bottled Flame","Anchor","Pocketwatch"],"potions_floor_usage":[41,47],"damage_taken":[{"damage":0.0,"enemies":"2 Louse","floor":1.0,"turns":3.0},{"damage":8.0,"enemies":"Jaw Worm","floor":2.0,"turns":4.0},{"damage":6.0,"enemies":"Cultist","floor":4.0,"turns":3.0},{"damage":10.0,"enemies":"3 Louse","floor":5.0,"turns":3.0},{"damage":44.0,"enemies":"Lagavulin","floor":7.0,"turns":8.0},{"damage":10.0,"enemies":"Gremlin Nob","floor":10.0,"turns":3.0},{"damage":6.0,"enemies":"Looter","floor":12.0,"turns":2.0},{"damage":0.0,"enemies":"Large Slime","floor":14.0,"turns":5.0},{"damage":21.0,"enemies":"The Guardian","floor":16.0,"turns":12.0},{"damage":30.0,"enemies":"Spheric Guardian","floor":18.0,"turns":5.0},{"damage":4.0,"enemies":"Shell Parasite","floor":19.0,"turns":5.0},{"damage":32.0,"enemies":"Shelled Parasite and Fungi","floor":20.0,"turns":4.0},{"damage":30.0,"enemies":"Centurion and Healer","floor":24.0,"turns":7.0},{"damage":25.0,"enemies":"Chosen and Byrds","floor":25.0,"turns":6.0},{"damage":7.0,"enemies":"Cultist and Chosen","floor":28.0,"turns":5.0},{"damage":25.0,"enemies":"Centurion and Healer","floor":29.0,"turns":6.0},{"damage":17.0,"enemies":"Chosen and Byrds","floor":31.0,"turns":6.0},{"damage":78.0,"enemies":"Automaton","floor":33.0,"turns":10.0},{"damage":12.0,"enemies":"Orb Walker","floor":35.0,"turns":5.0},{"damage":11.0,"enemies":"2 Orb Walkers","floor":36.0,"turns":4.0},{"damage":6.0,"enemies":"3 Shapes","floor":37.0,"turns":6.0},{"damage":31,"enemies":"Transient","floor":41,"turns":5},{"damage":8,"enemies":"Mind Bloom Boss Battle","floor":46,"turns":9},{"damage":11,"enemies":"Spire Growth","floor":47,"turns":4},{"damage":66,"enemies":"Time Eater","floor":50,"turns":9}],"seed_played":"2126884924033158076","potions_obtained":[{"floor":7.0,"key":"Strength Potion"},{"floor":10.0,"key":"Block Potion"},{"floor":12.0,"key":"SmokeBomb"},{"floor":16.0,"key":"Fire Potion"},{"floor":24.0,"key":"BloodPotion"},{"floor":25.0,"key":"AttackPotion"},{"floor":31.0,"key":"Regen Potion"},{"floor":33.0,"key":"BloodPotion"},{"floor":35.0,"key":"FairyPotion"},{"floor":37.0,"key":"Regen Potion"},{"floor":46,"key":"Regen Potion"}],"is_trial":false,"path_per_floor":["M","M","?","M","M","R","E","R","T","E","$","M","?","M","R","B",null,"M","M","M","?","$","R","M","M","T","R","M","M","R","M","R","B",null,"M","?","M","?","?","R","M","R","T","R","$","?","M","$","R","B",null],"character_chosen":"IRONCLAD","items_purchased":["Singing Bowl","Omamori","Panacea","Anchor","Feel No Pain"],"campfire_rested":7,"item_purchase_floors":[11,11,22,45,48],"current_hp_per_floor":[57,55,37,37,33,57,29,29,29,25,25,25,25,31,58,43,78,54,58,32,32,32,59,35,18,18,46,54,35,63,54,82,25,78,83,78,80,80,75,75,67,67,67,67,67,65,71,71,102,42],"gold":69,"neow_bonus":"TWO_FIFTY_GOLD","is_prod":false,"is_daily":false,"chose_seed":false,"campfire_upgraded":4,"win_rate":0,"timestamp":1544398523,"path_taken":["M","M","?","M","M","R","E","R","T","E","$","M","?","M","R","BOSS","M","M","?","?","$","R","M","M","T","R","M","M","R","M","R","BOSS","M","?","M","?","?","R","M","R","T","R","?","?","?","$","R","BOSS"],"build_version":"2018-12-06","purchased_purges":2,"victory":true,"max_hp_per_floor":[80,80,80,80,80,80,90,90,90,90,90,90,90,90,90,90,90,90,92,92,92,92,92,92,94,94,94,94,94,94,96,96,96,96,98,98,100,100,100,100,102,102,102,102,102,102,104,104,104,104],"card_choices":[{"not_picked":["Pommel Strike","Metallicize"],"picked":"Cleave","floor":1.0},{"not_picked":["Iron Wave","Shrug It Off"],"picked":"Armaments","floor":2.0},{"not_picked":["Headbutt","Cleave"],"picked":"Inflame","floor":4.0},{"not_picked":["Heavy Blade","Sword Boomerang"],"picked":"Pummel","floor":5.0},{"not_picked":["Iron Wave","Dual Wield"],"picked":"Spot Weakness","floor":7.0},{"not_picked":["Iron Wave","Infernal Blade"],"picked":"Sword Boomerang","floor":10.0},{"not_picked":["Clash","Wild Strike"],"picked":"Feel No Pain","floor":12.0},{"not_picked":["Headbutt","Wild Strike"],"picked":"Feel No Pain","floor":14.0},{"not_picked":["Double Tap","Exhume"],"picked":"Juggernaut","floor":16.0},{"not_picked":["Warcry","Wild Strike"],"picked":"Corruption+1","floor":18.0},{"not_picked":["Warcry","Wild Strike","Thunderclap"],"picked":"Singing Bowl","floor":19.0},{"not_picked":["Warcry","Intimidate"],"picked":"Entrench","floor":20.0},{"not_picked":["Whirlwind","Headbutt"],"picked":"Disarm","floor":24.0},{"not_picked":["Corruption","Heavy Blade","Battle Trance"],"picked":"Singing Bowl","floor":25.0},{"not_picked":["Carnage","Iron Wave"],"picked":"Shockwave","floor":28.0},{"not_picked":["Metallicize","Anger"],"picked":"Entrench","floor":29.0},{"not_picked":["Headbutt","Anger","Havoc"],"picked":"Singing Bowl","floor":31.0},{"not_picked":["Double Tap","Exhume"],"picked":"Limit Break","floor":33.0},{"not_picked":["Havoc","Combust","Anger"],"picked":"Singing Bowl","floor":35.0},{"not_picked":["Rage","Twin Strike+1"],"picked":"Body Slam+1","floor":36.0},{"not_picked":["Twin Strike","Perfected Strike","Iron Wave"],"picked":"Singing Bowl","floor":37.0},{"not_picked":["Dramatic Entrance","Thinking Ahead"],"picked":"The Bomb","floor":39.0},{"not_picked":["Dramatic Entrance","Metamorphosis"],"picked":"Panacea","floor":39.0},{"not_picked":["Clash","Wild Strike","Cleave"],"picked":"Singing Bowl","floor":41},{"not_picked":["Havoc","Searing Blow"],"picked":"Body Slam+1","floor":46},{"not_picked":["Body Slam","Iron Wave","Warcry"],"picked":"Singing Bowl","floor":47}],"player_experience":529204,"relics_obtained":[{"floor":7.0,"key":"Pear"},{"floor":9.0,"key":"Shuriken"},{"floor":10.0,"key":"Tiny Chest"},{"floor":26.0,"key":"Ornamental Fan"},{"floor":36.0,"key":"Turnip"},{"floor":43,"key":"Bottled Flame"},{"floor":46,"key":"Pocketwatch"}],"event_choices":[{"damage_healed":0.0,"max_hp_gain":0.0,"max_hp_loss":0.0,"gold_gain":0.0,"event_name":"Scrap Ooze","player_choice":"Success","floor":3.0,"gold_loss":0.0,"damage_taken":18.0,"relics_obtained":["Paper Frog"]},{"damage_healed":0.0,"max_hp_gain":0.0,"max_hp_loss":0.0,"gold_gain":0.0,"event_name":"Accursed Blacksmith","player_choice":"Rummage","floor":13.0,"gold_loss":0.0,"damage_taken":0.0,"relics_obtained":["WarpedTongs"],"cards_obtained":["Pain"]},{"cards_removed":["Strike_R"],"damage_healed":0.0,"max_hp_gain":0.0,"max_hp_loss":0.0,"gold_gain":0.0,"event_name":"Beggar","player_choice":"Gave Gold","floor":21.0,"gold_loss":75.0,"damage_taken":0.0},{"damage_healed":0.0,"max_hp_gain":0.0,"max_hp_loss":0.0,"gold_gain":0.0,"event_name":"Mysterious Sphere","player_choice":"Fight","floor":36.0,"gold_loss":0.0,"damage_taken":0.0},{"cards_removed":["Strike_R"],"damage_healed":0.0,"max_hp_gain":0.0,"max_hp_loss":0.0,"gold_gain":0.0,"event_name":"Falling","player_choice":"Removed Attack","floor":38.0,"gold_loss":0.0,"damage_taken":0.0},{"damage_healed":0.0,"max_hp_gain":0.0,"max_hp_loss":0.0,"gold_gain":0.0,"event_name":"SensoryStone","player_choice":"Memory 2","floor":39.0,"gold_loss":0.0,"damage_taken":5.0},{"damage_healed":0,"gold_gain":0,"player_choice":"Fight","damage_taken":0,"max_hp_gain":0,"max_hp_loss":0,"event_name":"MindBloom","floor":46,"gold_loss":0}],"is_beta":false,"boss_relics":[{"not_picked":["Snecko Eye","Black Star"],"picked":"Velvet Choker"},{"not_picked":["Coffee Dripper","Lizard Tail"],"picked":"Runic Pyramid"}],"items_purged_floors":[11,45],"is_endless":false,"potions_floor_spawned":[7,10,12,16,18,24,25,31,33,35,37,46],"ascension_level":12}