{"gold_per_floor":[114,127,143,143,218,218,218,218,218,237,237,247,51,64,64,160,160,177,177,276,276,294,294,326,326,326,35,35,65,82,14,14,113,113,133,133,143,143,43,43,43,43,91,101,120,120,132,165,165,165],"floor_reached":51,"playtime":1502,"items_purged":["Defend_R","Defend_R"],"score":758,"play_id":"1b83a6d7-5e4f-4384-b37d-588476515919","local_time":"20190117143612","is_ascension_mode":false,"campfire_choices":[{"floor":6.0,"key":"DIG"},{"floor":8.0,"key":"DIG"},{"floor":11.0,"key":"DIG"},{"floor":15.0,"key":"DIG"},{"data":"Uppercut","floor":23.0,"key":"SMITH"},{"data":"Perfected Strike","floor":25.0,"key":"SMITH"},{"floor":28.0,"key":"DIG"},{"floor":32.0,"key":"DIG"},{"floor":40.0,"key":"DIG"},{"floor":42.0,"key":"DIG"},{"floor":46.0,"key":"DIG"},{"floor":49,"key":"DIG"}],"neow_cost":"PERCENT_DAMAGE","seed_source_timestamp":162884181196382,"circlet_count":0,"master_deck":["Strike_R","Strike_R+1","Strike_R","Strike_R","Strike_R","Defend_R+1","Bash","Headbutt","Pommel Strike","Pommel Strike","Thunderclap","Uppercut+1","Flex","Wild Strike","Reaper","Wild Strike","Perfected Strike+1","Wild Strike+1","Clothesline+1","Twin Strike","Perfected Strike","Wild Strike+1","Offering","Havoc+1","Disarm","Shrug It Off+1"],"special_seed":0,"relics":["Burning Blood","Shovel","Mango","Blood Vial","Anchor","PreservedInsect","Turnip","Runic Cube","Unceasing Top","Bag of Marbles","Shuriken","Mercury Hourglass","Red Mask","Pen Nib","Busted Crown","Meat on the Bone","Paper Frog","Ancient Tea Set","Ornamental Fan","Centennial Puzzle","Blue Candle"],"potions_floor_usage":[50,50],"damage_taken":[{"damage":6.0,"enemies":"Jaw Worm","floor":1.0,"turns":3.0},{"damage":6.0,"enemies":"2 Louse","floor":2.0,"turns":3.0},{"damage":9.0,"enemies":"Small Slimes","floor":3.0,"turns":4.0},{"damage":0.0,"enemies":"Looter","floor":10.0,"turns":2.0},{"damage":0.0,"enemies":"2 Fungi Beasts","floor":12.0,"turns":2.0},{"damage":6.0,"enemies":"Exordium Wildlife","floor":14.0,"turns":3.0},{"damage":47.0,"enemies":"The Guardian","floor":16.0,"turns":10.0},{"damage":30.0,"enemies":"Shell Parasite","floor":18.0,"turns":4.0},{"damage":13.0,"enemies":"Spheric Guardian","floor":22.0,"turns":4.0},{"damage":42.0,"enemies":"Slavers","floor":24.0,"turns":4.0},{"damage":10.0,"enemies":"Masked Bandits","floor":29.0,"turns":3.0},{"damage":5.0,"enemies":"Snake Plant","floor":30.0,"turns":2.0},{"damage":38.0,"enemies":"Collector","floor":33.0,"turns":3.0},{"damage":0.0,"enemies":"3 Darklings","floor":35.0,"turns":2.0},{"damage":0.0,"enemies":"Orb Walker","floor":37.0,"turns":2.0},{"damage":0.0,"enemies":"4 Shapes","floor":44.0,"turns":3.0},{"damage":6.0,"enemies":"3 Darklings","floor":45.0,"turns":2.0},{"damage":16,"enemies":"Sphere and 2 Shapes","floor":47,"turns":3},{"damage":0,"enemies":"Reptomancer","floor":48,"turns":2},{"damage":58,"enemies":"Awakened One","floor":50,"turns":7}],"seed_played":"630676771478293570","potions_obtained":[{"floor":1.0,"key":"Swift Potion"},{"floor":2.0,"key":"Block Potion"},{"floor":18.0,"key":"Block Potion"},{"floor":30.0,"key":"SteroidPotion"},{"floor":37.0,"key":"AttackPotion"},{"floor":44.0,"key":"SkillPotion"}],"is_trial":false,"path_per_floor":["M","M","M","?","?","R","?","R","T","M","R","M","$","M","R","B",null,"M","?","?","?","M","R","E","R","T","$","R","?","M","$","R","B",null,"M","?","M","?","$","R","$","R","T","M","M","R","M","E","R","B",null],"character_chosen":"IRONCLAD","items_purchased":["Flex","SteroidPotion","Explosive Potion","Shuriken","Twin Strike","Offering"],"campfire_rested":0,"item_purchase_floors":[13,13,13,27,27,31],"current_hp_per_floor":[56,56,53,46,35,49,30,30,30,38,38,46,46,48,48,9,94,70,70,70,70,69,69,47,47,47,47,47,45,48,48,48,18,94,94,94,94,84,84,84,84,84,84,92,94,94,84,92,92,54],"gold":165,"neow_bonus":"ONE_RARE_RELIC","is_prod":false,"is_daily":false,"chose_seed":false,"campfire_upgraded":2,"win_rate":0,"timestamp":1547732172,"path_taken":["M","M","M","?","?","R","?","R","T","M","R","M","?","M","R","BOSS","M","?","?","?","M","R","E","R","T","$","R","?","?","?","R","BOSS","M","?","M","?","$","R","$","R","T","M","M","R","M","E","R","BOSS"],"build_version":"2019-01-10","purchased_purges":2,"victory":true,"max_hp_per_floor":[80,80,80,80,80,94,94,94,94,94,94,94,94,94,94,94,94,94,94,94,94,94,94,94,94,94,94,94,94,94,94,94,94,94,94,94,94,94,94,94,94,94,94,94,94,94,94,94,94,94],"card_choices":[{"not_picked":["Infernal Blade","Second Wind"],"picked":"Headbutt","floor":1.0},{"not_picked":["Sentinel","Havoc"],"picked":"Pommel Strike","floor":2.0},{"not_picked":["Twin Strike","Feel No Pain"],"picked":"Pommel Strike","floor":3.0},{"not_picked":["Demon Form","Sever Soul"],"picked":"Thunderclap","floor":10.0},{"not_picked":["Warcry","Corruption"],"picked":"Uppercut","floor":12.0},{"not_picked":["Body Slam","Heavy Blade"],"picked":"Wild Strike","floor":14.0},{"not_picked":["Barricade","Exhume"],"picked":"Reaper","floor":16.0},{"not_picked":["Thunderclap+1","Entrench+1"],"picked":"Wild Strike","floor":18.0},{"not_picked":["Heavy Blade+1","Clash+1"],"picked":"Wild Strike+1","floor":22.0},{"not_picked":["Thunderclap","Uppercut"],"picked":"Clothesline+1","floor":24.0},{"not_picked":["True Grit+1","Headbutt"],"picked":"Perfected Strike","floor":29.0},{"not_picked":["Twin Strike","Spot Weakness"],"picked":"Wild Strike+1","floor":30.0},{"not_picked":["Demon Form","Limit Break"],"picked":"Berserk","floor":33.0},{"not_picked":["Havoc"],"picked":"SKIP","floor":35.0},{"not_picked":["Havoc+1"],"picked":"SKIP","floor":37.0},{"not_picked":[],"picked":"Havoc+1","floor":44.0},{"not_picked":["Pummel"],"picked":"SKIP","floor":45.0},{"not_picked":[],"picked":"Disarm","floor":47},{"not_picked":[],"picked":"Shrug It Off+1","floor":48}],"player_experience":903756,"relics_obtained":[{"floor":6.0,"key":"Mango"},{"floor":8.0,"key":"Blood Vial"},{"floor":9.0,"key":"Anchor"},{"floor":11.0,"key":"PreservedInsect"},{"floor":15.0,"key":"Turnip"},{"floor":24.0,"key":"Unceasing Top"},{"floor":26.0,"key":"Bag of Marbles"},{"floor":28.0,"key":"Mercury Hourglass"},{"floor":29.0,"key":"Red Mask"},{"floor":32.0,"key":"Pen Nib"},{"floor":40.0,"key":"Meat on the Bone"},{"floor":42.0,"key":"Paper Frog"},{"floor":43.0,"key":"Ancient Tea Set"},{"floor":46.0,"key":"Ornamental Fan"},{"floor":48,"key":"Centennial Puzzle"},{"floor":49,"key":"Blue Candle"}],"event_choices":[{"cards_removed":["Defend_R"],"damage_healed":0.0,"max_hp_gain":0.0,"max_hp_loss":0.0,"gold_gain":0.0,"event_name":"Golden Wing","player_choice":"Card Removal","floor":4.0,"gold_loss":0.0,"damage_taken":7.0},{"damage_healed":0.0,"max_hp_gain":0.0,"max_hp_loss":0.0,"gold_gain":75.0,"event_name":"World of Goop","player_choice":"Gather Gold","floor":5.0,"gold_loss":0.0,"damage_taken":11.0},{"damage_healed":0.0,"max_hp_gain":0.0,"max_hp_loss":0.0,"gold_gain":0.0,"event_name":"Shining Light","player_choice":"Entered Light","floor":7.0,"gold_loss":0.0,"damage_taken":19.0,"cards_upgraded":["Defend_R","Strike_R"]},{"damage_healed":0.0,"max_hp_gain":0.0,"max_hp_loss":0.0,"gold_gain":0.0,"event_name":"The Library","player_choice":"Read","floor":19.0,"gold_loss":0.0,"damage_taken":0.0,"cards_obtained":["Perfected Strike"]},{"damage_healed":0.0,"max_hp_gain":0.0,"max_hp_loss":0.0,"gold_gain":99.0,"event_name":"Nest","player_choice":"Stole From Cult","floor":20.0,"gold_loss":0.0,"damage_taken":0.0},{"damage_healed":0.0,"max_hp_gain":0.0,"max_hp_loss":0.0,"gold_gain":0.0,"event_name":"Ghosts","player_choice":"Ignored","floor":21.0,"gold_loss":0.0,"damage_taken":0.0},{"damage_healed":0.0,"max_hp_gain":0.0,"max_hp_loss":0.0,"gold_gain":0.0,"event_name":"Masked Bandits","player_choice":"Fought Bandits","floor":29.0,"gold_loss":0.0,"damage_taken":0.0},{"cards_removed":["Berserk"],"damage_healed":0.0,"max_hp_gain":0.0,"max_hp_loss":0.0,"gold_gain":0.0,"event_name":"Falling","player_choice":"Removed Power","floor":36.0,"gold_loss":0.0,"damage_taken":0.0},{"damage_healed":0.0,"max_hp_gain":0.0,"max_hp_loss":0.0,"gold_gain":0.0,"event_name":"SensoryStone","player_choice":"Memory 3","floor":38.0,"gold_loss":0.0,"damage_taken":10.0}],"is_beta":false,"boss_relics":[{"not_picked":["Lizard Tail","Tiny House"],"picked":"Runic Cube"},{"not_picked":["Mark of Pain","Philosopher\u0027s Stone"],"picked":"Busted Crown"}],"items_purged_floors":[13,39],"is_endless":false,"potions_floor_spawned":[1,2,18,30,37,44],"ascension_level":0}