{"gold_per_floor":[110,129,53,73,27,39,39,65,89,89,109,128,128,147,147,248,248],"floor_reached":17,"playtime":2670,"items_purged":[],"score":159,"play_id":"4ec1fb4a-eb8d-49fe-bcda-e634b597b563","local_time":"20190105214423","is_ascension_mode":false,"campfire_choices":[{"data":"Dualcast","floor":7,"key":"SMITH"},{"data":"Streamline","floor":10,"key":"SMITH"},{"data":"Leap","floor":13,"key":"SMITH"},{"data":"Beam Cell","floor":15,"key":"SMITH"}],"neow_cost":"NONE","seed_source_timestamp":119883994184957,"circlet_count":0,"master_deck":["Zap+1","Dualcast+1","Beam Cell+1","Sweeping Beam","Genetic Algorithm","Leap+1","Streamline+1","Steam","Cold Snap","Rebound","Seek","Stack","Defragment","Creative AI","Machine Learning","Machine Learning","Biased Cognition","Consume","Reinforced Body"],"relics":["Cracked Core","Oddly Smooth Stone","Orichalcum","Pandora\u0027s Box"],"potions_floor_usage":[],"damage_taken":[{"damage":0,"enemies":"Cultist","floor":1,"turns":3},{"damage":1,"enemies":"Jaw Worm","floor":2,"turns":2},{"damage":6,"enemies":"2 Louse","floor":4,"turns":3},{"damage":0,"enemies":"2 Fungi Beasts","floor":6,"turns":3},{"damage":15,"enemies":"3 Sentries","floor":8,"turns":8},{"damage":7,"enemies":"Lots of Slimes","floor":11,"turns":4},{"damage":0,"enemies":"Exordium Wildlife","floor":12,"turns":3},{"damage":0,"enemies":"Looter","floor":14,"turns":3},{"damage":16,"enemies":"The Guardian","floor":16,"turns":11}],"seed_played":"-5779730908729949123","potions_obtained":[{"floor":2,"key":"SteroidPotion"},{"floor":6,"key":"FearPotion"},{"floor":8,"key":"AttackPotion"}],"is_trial":false,"path_per_floor":["M","M","$","M","$","M","R","E","T","R","M","M","R","M","R","B",null],"character_chosen":"DEFECT","items_purchased":["Genetic Algorithm","Streamline"],"campfire_rested":0,"item_purchase_floors":[3,5],"current_hp_per_floor":[75,74,74,68,68,68,68,53,53,53,46,46,46,46,46,30,30],"gold":248,"neow_bonus":"UPGRADE_CARD","is_prod":false,"is_daily":false,"chose_seed":false,"campfire_upgraded":4,"win_rate":0,"timestamp":1546746263,"path_taken":["M","M","$","M","?","M","R","E","T","R","M","M","R","M","R","BOSS"],"build_version":"2019-01-03v4","purchased_purges":0,"victory":false,"max_hp_per_floor":[75,75,75,75,75,75,75,75,75,75,75,75,75,75,75,75,75],"card_choices":[{"not_picked":["Double Energy","Heatsinks"],"picked":"Beam Cell","floor":1},{"not_picked":["Gash","Undo"],"picked":"Sweeping Beam","floor":2},{"not_picked":["Compile Driver","Turbo"],"picked":"Leap","floor":4},{"not_picked":["Steam Power","Turbo"],"picked":"Steam","floor":6},{"not_picked":["Echo Form","Hologram"],"picked":"Cold Snap","floor":8},{"not_picked":["Go for the Eyes","Hologram"],"picked":"Rebound","floor":11},{"not_picked":["Compile Driver","Steam","Stack"],"picked":"SKIP","floor":12},{"not_picked":["Redo","Compile Driver","Turbo"],"picked":"SKIP","floor":14},{"not_picked":["Amplify","Electrodynamics"],"picked":"Seek","floor":16}],"player_experience":320052,"relics_obtained":[{"floor":8,"key":"Oddly Smooth Stone"},{"floor":9,"key":"Orichalcum"}],"event_choices":[],"is_beta":false,"boss_relics":[{"not_picked":["White Beast Statue","FrozenCore"],"picked":"Pandora\u0027s Box"}],"items_purged_floors":[],"is_endless":false,"potions_floor_spawned":[2,6,8,12],"ascension_level":0}