{"gold_per_floor":[112,126,140,140,66,66,66,94,120,130,130,130,155,172,172,268,268,278,25,25,44,60,60,90,90,90,108,108,108,137,162,162,162],"floor_reached":33,"playtime":2791,"items_purged":["Strike_B"],"score":396,"play_id":"a9d8dc08-ff9d-42fe-94c7-61e75431f659","local_time":"20181113185551","is_ascension_mode":true,"campfire_choices":[{"data":"Core Surge","floor":6.0,"key":"SMITH"},{"data":"Dualcast","floor":12.0,"key":"SMITH"},{"data":"Scrape","floor":15.0,"key":"SMITH"},{"data":"Gash","floor":23.0,"key":"SMITH"},{"data":"Creative AI","floor":32.0,"key":"SMITH"}],"neow_cost":"NONE","seed_source_timestamp":239812920262971,"circlet_count":0,"master_deck":["Strike_B+1","Strike_B+1","Defend_B+1","Defend_B+1","Defend_B+1","Defend_B+1","Zap+1","Dualcast+1","Scrape+1","Coolheaded","Self Repair","Core Surge+1","Hologram","Glacier","Scrape","Reboot","Core Surge","Blizzard+1","Creative AI+1","Streamline","Gash+1","Undo+1","Streamline+1","Go for the Eyes"],"special_seed":0,"relics":["Cracked Core","NeowsBlessing","Centennial Puzzle","Orichalcum","Darkstone Periapt","Nuclear Battery","Oddly Smooth Stone","Gremlin Horn","Bottled Lightning","Happy Flower"],"potions_floor_usage":[],"damage_taken":[{"damage":0.0,"enemies":"Cultist","floor":1.0,"turns":1.0},{"damage":0.0,"enemies":"Jaw Worm","floor":2.0,"turns":1.0},{"damage":0.0,"enemies":"Small Slimes","floor":3.0,"turns":1.0},{"damage":24.0,"enemies":"Lagavulin","floor":8.0,"turns":7.0},{"damage":7.0,"enemies":"Gremlin Gang","floor":10.0,"turns":3.0},{"damage":4.0,"enemies":"3 Sentries","floor":13.0,"turns":8.0},{"damage":3.0,"enemies":"Looter","floor":14.0,"turns":4.0},{"damage":43.0,"enemies":"Hexaghost","floor":16.0,"turns":15.0},{"damage":4.0,"enemies":"2 Thieves","floor":18.0,"turns":4.0},{"damage":7.0,"enemies":"Shell Parasite","floor":21.0,"turns":7.0},{"damage":4.0,"enemies":"Cultist and Chosen","floor":22.0,"turns":7.0},{"damage":45.0,"enemies":"Gremlin Leader","floor":24.0,"turns":6.0},{"damage":18.0,"enemies":"3 Cultists","floor":27.0,"turns":5.0},{"damage":14.0,"enemies":"Slavers","floor":30.0,"turns":9.0},{"damage":43,"enemies":"Automaton","floor":33,"turns":6}],"seed_played":"-3983948547369847237","potions_obtained":[{"floor":1.0,"key":"Energy Potion"},{"floor":2.0,"key":"AttackPotion"},{"floor":13.0,"key":"EssenceOfSteel"},{"floor":16.0,"key":"Dexterity Potion"},{"floor":21.0,"key":"SkillPotion"},{"floor":24.0,"key":"Explosive Potion"}],"is_trial":false,"path_per_floor":["M","M","M","?","$","R","?","E","T","M","?","R","E","M","R","B",null,"M","$","?","M","M","R","E","?","T","M","?","?","E","T","R","B"],"character_chosen":"DEFECT","items_purchased":["Core Surge","Creative AI","Streamline","Gash"],"campfire_rested":0,"item_purchase_floors":[5,19,19,19],"current_hp_per_floor":[68,68,68,68,68,68,61,44,44,44,44,44,47,51,51,15,60,63,63,63,63,66,66,28,53,53,35,35,35,35,35,35,0],"gold":162,"neow_bonus":"THREE_ENEMY_KILL","is_prod":false,"is_daily":false,"chose_seed":false,"campfire_upgraded":5,"win_rate":0,"timestamp":1542131751,"path_taken":["M","?","M","?","$","R","?","E","T","?","?","R","E","M","R","BOSS","M","$","?","M","M","R","E","?","T","M","?","?","E","?","R","BOSS"],"build_version":"2018-11-08","purchased_purges":1,"victory":false,"max_hp_per_floor":[75,75,75,75,75,75,75,75,75,75,75,75,75,75,75,75,75,75,75,75,75,75,75,75,75,75,75,75,75,75,75,75,75],"card_choices":[{"not_picked":["BootSequence","Doom and Gloom"],"picked":"Scrape","floor":1.0},{"not_picked":["Aggregate","Chaos"],"picked":"Coolheaded","floor":2.0},{"not_picked":["Compile Driver","Scrape"],"picked":"Self Repair","floor":3.0},{"not_picked":["Recycle","Storm"],"picked":"Hologram","floor":8.0},{"not_picked":["Turbo","Compile Driver"],"picked":"Glacier","floor":10.0},{"not_picked":["Conserve Battery","Hologram"],"picked":"Scrape","floor":13.0},{"not_picked":["Fusion","Conserve Battery"],"picked":"Reboot","floor":14.0},{"not_picked":["Biased Cognition","Machine Learning"],"picked":"Core Surge","floor":16.0},{"not_picked":["Skim","Recycle"],"picked":"Blizzard+1","floor":18.0},{"not_picked":["Steam","Rebound"],"picked":"Undo+1","floor":21.0},{"not_picked":["Rebound+1","Compile Driver","Sweeping Beam"],"picked":"SKIP","floor":22.0},{"not_picked":["Recycle","Compile Driver+1"],"picked":"Streamline+1","floor":24.0},{"not_picked":["Stack+1","Sweeping Beam","Steam+1"],"picked":"SKIP","floor":27.0},{"not_picked":["Stack","Machine Learning"],"picked":"Go for the Eyes","floor":30.0}],"player_experience":499928,"relics_obtained":[{"floor":8.0,"key":"Centennial Puzzle"},{"floor":9.0,"key":"Orichalcum"},{"floor":13.0,"key":"Darkstone Periapt"},{"floor":24.0,"key":"Oddly Smooth Stone"},{"floor":26.0,"key":"Gremlin Horn"},{"floor":30.0,"key":"Bottled Lightning"},{"floor":31.0,"key":"Happy Flower"}],"event_choices":[{"damage_healed":0.0,"max_hp_gain":0.0,"max_hp_loss":0.0,"gold_gain":0.0,"event_name":"Living Wall","player_choice":"Grow","floor":4.0,"gold_loss":0.0,"damage_taken":0.0,"cards_upgraded":["Zap"]},{"damage_healed":0.0,"max_hp_gain":0.0,"max_hp_loss":0.0,"gold_gain":0.0,"event_name":"Wheel of Change","player_choice":"Damaged","floor":7.0,"gold_loss":0.0,"damage_taken":7.0},{"cards_removed":["Strike_B"],"damage_healed":0.0,"max_hp_gain":0.0,"max_hp_loss":0.0,"gold_gain":0.0,"event_name":"Purifier","player_choice":"Purged","floor":11.0,"gold_loss":0.0,"damage_taken":0.0},{"damage_healed":0.0,"max_hp_gain":0.0,"max_hp_loss":0.0,"gold_gain":0.0,"event_name":"Vampires","player_choice":"Ignored","floor":20.0,"gold_loss":0.0,"damage_taken":0.0},{"damage_healed":25.0,"max_hp_gain":0.0,"max_hp_loss":0.0,"gold_gain":0.0,"event_name":"The Library","player_choice":"Heal","floor":25.0,"gold_loss":0.0,"damage_taken":0.0},{"damage_healed":0.0,"max_hp_gain":0.0,"max_hp_loss":0.0,"gold_gain":0.0,"event_name":"Ghosts","player_choice":"Ignored","floor":28.0,"gold_loss":0.0,"damage_taken":0.0},{"damage_healed":0.0,"max_hp_gain":0.0,"max_hp_loss":0.0,"gold_gain":0.0,"event_name":"Back to Basics","player_choice":"Simplicity","floor":29.0,"gold_loss":0.0,"damage_taken":0.0,"cards_upgraded":["Strike_B","Strike_B","Defend_B","Defend_B","Defend_B","Defend_B"]}],"is_beta":false,"boss_relics":[{"not_picked":["Orrery","Sozu"],"picked":"Nuclear Battery"}],"items_purged_floors":[19],"is_endless":false,"potions_floor_spawned":[1,2,13,16,21,24],"killed_by":"Automaton","ascension_level":7}