{"gold_per_floor":[118,118,128,147,167,194,194,228,275,275,291,311,331,211,211,313,313,329,419,435,454,79,79,89,99,126,126,138,69,69,84,84,187,187,197,197,72,143,158,158,171,184,184,198,198],"floor_reached":45,"playtime":3794,"items_purged":["Strike_R","Strike_R","Perfected Strike+1"],"score":550,"play_id":"e984b803-22c9-4f6f-b71d-31030240c9fc","local_time":"20190105014949","is_ascension_mode":true,"campfire_choices":[{"data":"Anger","floor":7,"key":"SMITH"},{"data":"Pommel Strike","floor":10,"key":"SMITH"},{"data":"Flame Barrier","floor":15,"key":"SMITH"},{"data":"Carnage","floor":23,"key":"SMITH"},{"data":"Shrug It Off","floor":30,"key":"SMITH"},{"data":"Metallicize","floor":32,"key":"SMITH"},{"data":"Body Slam","floor":40,"key":"SMITH"}],"neow_cost":"NONE","seed_source_timestamp":47082551322688,"circlet_count":0,"master_deck":["Defend_R","Defend_R+1","Defend_R","Defend_R","Bash+1","Cleave","Anger+1","Battle Trance","Wild Strike","Flame Barrier+1","Pommel Strike+1","Thunderclap","Body Slam+1","Hemokinesis","Warcry","Reaper","Headbutt","Carnage+1","Metallicize+1","Iron Wave","Second Wind+1","Shrug It Off+1","Metallicize","Shrug It Off","Feed","Disarm+1","Ghostly Armor+1","Armaments+1","Flame Barrier+1","Warcry+1","Metallicize","Clothesline+1"],"relics":["Burning Blood","Pen Nib","Regal Pillow","Mummified Hand","Art of War","Mark of Pain","Bag of Preparation","Happy Flower","Astrolabe","Pantograph","Ginger"],"potions_floor_usage":[8,33,33,45],"damage_taken":[{"damage":6,"enemies":"2 Louse","floor":1,"turns":4},{"damage":0,"enemies":"Small Slimes","floor":3,"turns":3},{"damage":1,"enemies":"Cultist","floor":4,"turns":3},{"damage":16,"enemies":"Large Slime","floor":5,"turns":4},{"damage":17,"enemies":"3 Sentries","floor":6,"turns":6},{"damage":5,"enemies":"Gremlin Nob","floor":8,"turns":3},{"damage":0,"enemies":"Exordium Wildlife","floor":11,"turns":2},{"damage":10,"enemies":"Exordium Thugs","floor":12,"turns":3},{"damage":1,"enemies":"3 Louse","floor":13,"turns":2},{"damage":36,"enemies":"Slime Boss","floor":16,"turns":7},{"damage":22,"enemies":"Spheric Guardian","floor":18,"turns":4},{"damage":10,"enemies":"Shell Parasite","floor":20,"turns":3},{"damage":20,"enemies":"Centurion and Healer","floor":21,"turns":4},{"damage":22,"enemies":"Snake Plant","floor":24,"turns":3},{"damage":2,"enemies":"3 Cultists","floor":25,"turns":4},{"damage":8,"enemies":"Sentry and Sphere","floor":28,"turns":4},{"damage":0,"enemies":"Snecko","floor":31,"turns":3},{"damage":48,"enemies":"Champ","floor":33,"turns":10},{"damage":23,"enemies":"3 Darklings","floor":35,"turns":9},{"damage":3,"enemies":"Orb Walker","floor":39,"turns":4},{"damage":24,"enemies":"Writhing Mass","floor":41,"turns":7},{"damage":23,"enemies":"3 Darklings","floor":42,"turns":5},{"damage":27,"enemies":"4 Shapes","floor":44,"turns":5},{"damage":50,"enemies":"Giant Head","floor":45,"turns":6}],"seed_played":"-778490668414658224","potions_obtained":[{"floor":4,"key":"Strength Potion"},{"floor":5,"key":"EssenceOfSteel"},{"floor":6,"key":"AttackPotion"},{"floor":8,"key":"SpeedPotion"},{"floor":11,"key":"Energy Potion"},{"floor":39,"key":"LiquidBronze"},{"floor":41,"key":"GamblersBrew"}],"is_trial":false,"path_per_floor":["M","?","M","M","M","E","R","E","T","R","M","M","M","$","R","B",null,"M","?","M","M","$","R","M","M","T","?","M","$","R","M","R","B",null,"M","?","$","T","M","R","M","M","T","M","E"],"character_chosen":"IRONCLAD","items_purchased":["Warcry","Metallicize","Bag of Preparation","Iron Wave","Metallicize"],"campfire_rested":0,"item_purchase_floors":[14,22,22,22,29],"current_hp_per_floor":[80,64,70,75,65,54,54,55,55,55,61,57,62,62,62,32,80,64,48,44,30,30,30,14,42,42,68,66,66,66,72,72,30,80,63,63,63,63,66,66,48,38,38,20,0],"gold":198,"neow_bonus":"RANDOM_COMMON_RELIC","is_prod":false,"is_daily":false,"chose_seed":false,"campfire_upgraded":7,"win_rate":0,"timestamp":1546674589,"path_taken":["M","?","M","M","M","E","R","E","T","R","M","M","M","$","R","BOSS","M","?","M","M","$","R","?","M","T","?","M","$","R","M","R","BOSS","M","?","?","?","M","R","M","M","T","M","E"],"build_version":"2019-01-03v4","purchased_purges":3,"victory":false,"max_hp_per_floor":[80,80,80,80,80,80,80,80,80,80,80,80,80,80,80,80,80,80,80,80,80,80,80,80,80,80,80,80,80,80,80,80,80,80,80,80,80,80,80,80,80,83,83,86,86],"card_choices":[{"not_picked":["Pummel","Wild Strike"],"picked":"Cleave","floor":1},{"not_picked":["Sentinel","Warcry"],"picked":"Anger","floor":3},{"not_picked":["Reckless Charge","Flex"],"picked":"Battle Trance","floor":4},{"not_picked":["Havoc","Anger"],"picked":"Wild Strike","floor":5},{"not_picked":["Immolate","Clothesline"],"picked":"Flame Barrier","floor":6},{"not_picked":["Demon Form","Shockwave"],"picked":"Pommel Strike","floor":8},{"not_picked":["Armaments","Clash"],"picked":"Thunderclap","floor":11},{"not_picked":["Clothesline","Sword Boomerang"],"picked":"Body Slam","floor":12},{"not_picked":["Clothesline","Reckless Charge"],"picked":"Hemokinesis","floor":13},{"not_picked":["Demon Form","Juggernaut"],"picked":"Reaper","floor":16},{"not_picked":["Feel No Pain","Shockwave+1"],"picked":"Headbutt","floor":18},{"not_picked":["Bloodletting+1","Entrench+1"],"picked":"Carnage","floor":20},{"not_picked":["Flex","Infernal Blade","Clothesline"],"picked":"SKIP","floor":21},{"not_picked":["Dual Wield","Perfected Strike","Wild Strike+1"],"picked":"SKIP","floor":24},{"not_picked":["Iron Wave","Warcry"],"picked":"Second Wind+1","floor":25},{"not_picked":["Uppercut","Perfected Strike"],"picked":"Shrug It Off","floor":28},{"not_picked":["Offering","Sword Boomerang"],"picked":"Shrug It Off","floor":31},{"not_picked":["Brutality","Impervious"],"picked":"Feed","floor":33},{"not_picked":["Pommel Strike","True Grit"],"picked":"Armaments+1","floor":35},{"not_picked":["Warcry","Wild Strike","Clothesline"],"picked":"SKIP","floor":39},{"not_picked":["Iron Wave+1","Feel No Pain"],"picked":"Warcry+1","floor":41},{"not_picked":["Corruption+1","Anger"],"picked":"Metallicize","floor":42},{"not_picked":["Headbutt","Iron Wave+1"],"picked":"Clothesline+1","floor":44}],"player_experience":293550,"relics_obtained":[{"floor":6,"key":"Regal Pillow"},{"floor":8,"key":"Mummified Hand"},{"floor":9,"key":"Art of War"},{"floor":26,"key":"Happy Flower"},{"floor":38,"key":"Pantograph"},{"floor":43,"key":"Ginger"}],"event_choices":[{"damage_healed":0,"gold_gain":0,"player_choice":"Entered Light","damage_taken":16,"max_hp_gain":0,"max_hp_loss":0,"event_name":"Shining Light","floor":2,"gold_loss":0,"cards_upgraded":["Defend_R","Bash"]},{"damage_healed":0,"gold_gain":90,"player_choice":"GOLD ","damage_taken":16,"max_hp_gain":0,"max_hp_loss":0,"event_name":"Knowing Skull","floor":19,"potions_obtained":[],"gold_loss":0,"cards_obtained":[]},{"damage_healed":26,"gold_gain":0,"player_choice":"Heal","damage_taken":0,"max_hp_gain":0,"max_hp_loss":0,"event_name":"The Library","floor":27,"gold_loss":0},{"damage_healed":0,"gold_gain":0,"player_choice":"Copied","damage_taken":0,"max_hp_gain":0,"max_hp_loss":0,"event_name":"Duplicator","floor":36,"gold_loss":0,"cards_obtained":["Flame Barrier"]}],"is_beta":false,"boss_relics":[{"not_picked":["Runic Dome","Tiny House"],"picked":"Mark of Pain"},{"not_picked":["White Beast Statue","Orrery"],"picked":"Astrolabe"}],"items_purged_floors":[14,22,37],"is_endless":false,"potions_floor_spawned":[4,5,6,8,11,20,21,31,39,41],"killed_by":"Giant Head","ascension_level":4}