{"gold_per_floor":[119,135,60,79,97,122,138,138,138,149,183,203,218,238,238,342,342,360,360,373,388,388,388,423,451,451,451,451,451,451,47,47,148,148,159,159,55,0,0,26,44,44,68,68,68,79,79,95,95,95],"floor_reached":51,"playtime":1780,"items_purged":["Defend_R"],"score":752,"play_id":"c416aec6-cb10-4e8a-afde-7a3fc74214fd","local_time":"20190117151151","is_ascension_mode":false,"campfire_choices":[{"data":"Carnage","floor":8.0,"key":"SMITH"},{"data":"Perfected Strike","floor":15.0,"key":"SMITH"},{"data":"Bash","floor":23.0,"key":"SMITH"},{"floor":27.0,"key":"REST"},{"data":"Fire Breathing","floor":29.0,"key":"SMITH"},{"data":"Disarm","floor":30.0,"key":"SMITH"},{"data":"Perfected Strike","floor":32.0,"key":"SMITH"},{"data":"Bludgeon","floor":42.0,"key":"SMITH"},{"data":"Inflame","floor":45.0,"key":"SMITH"},{"data":"Mayhem","floor":49.0,"key":"SMITH"}],"neow_cost":"NONE","seed_source_timestamp":164583169748840,"circlet_count":0,"master_deck":["Strike_R","Strike_R","Strike_R+1","Strike_R","Strike_R","Bash+1","Carnage+1","Clothesline","Metallicize","Anger","Flex","Wild Strike","Battle Trance","Perfected Strike+1","Uppercut+1","Disarm+1","Combust+1","Uppercut+1","True Grit+1","Fire Breathing+1","Whirlwind","Perfected Strike+1","Inflame+1","Bludgeon+1","Twin Strike+1","Perfected Strike+1","Immolate","Headbutt","Mayhem+1","Flash of Steel"],"special_seed":0,"relics":["Black Blood","Bag of Marbles","StoneCalendar","Singing Bowl","WingedGreaves","Bird Faced Urn","Sundial","Oddly Smooth Stone","Mark of Pain","Red Mask","Whetstone","Centennial Puzzle"],"potions_floor_usage":[50,50,50],"damage_taken":[{"damage":6.0,"enemies":"Cultist","floor":1.0,"turns":3.0},{"damage":0.0,"enemies":"Small Slimes","floor":2.0,"turns":3.0},{"damage":8.0,"enemies":"Jaw Worm","floor":4.0,"turns":2.0},{"damage":14.0,"enemies":"Looter","floor":5.0,"turns":3.0},{"damage":17.0,"enemies":"3 Sentries","floor":6.0,"turns":7.0},{"damage":8.0,"enemies":"Blue Slaver","floor":7.0,"turns":3.0},{"damage":8.0,"enemies":"Exordium Thugs","floor":10.0,"turns":3.0},{"damage":6.0,"enemies":"Gremlin Nob","floor":11.0,"turns":3.0},{"damage":0.0,"enemies":"Looter","floor":12.0,"turns":1.0},{"damage":0.0,"enemies":"2 Fungi Beasts","floor":13.0,"turns":2.0},{"damage":0.0,"enemies":"Red Slaver","floor":14.0,"turns":1.0},{"damage":33.0,"enemies":"The Guardian","floor":16.0,"turns":8.0},{"damage":12.0,"enemies":"Shell Parasite","floor":18.0,"turns":2.0},{"damage":12.0,"enemies":"Spheric Guardian","floor":20.0,"turns":3.0},{"damage":16.0,"enemies":"Chosen and Byrds","floor":21.0,"turns":4.0},{"damage":37.0,"enemies":"Book of Stabbing","floor":24.0,"turns":6.0},{"damage":27.0,"enemies":"Slavers","floor":25.0,"turns":5.0},{"damage":57.0,"enemies":"Champ","floor":33.0,"turns":9.0},{"damage":15.0,"enemies":"3 Shapes","floor":35.0,"turns":4.0},{"damage":42.0,"enemies":"Giant Head","floor":40.0,"turns":6.0},{"damage":7.0,"enemies":"Orb Walker","floor":41.0,"turns":2.0},{"damage":21.0,"enemies":"Maw","floor":46.0,"turns":5.0},{"damage":15.0,"enemies":"3 Darklings","floor":48.0,"turns":4.0},{"damage":66,"enemies":"Donu and Deca","floor":50,"turns":7}],"seed_played":"-3811405977088791236","potions_obtained":[{"floor":1.0,"key":"Strength Potion"},{"floor":5.0,"key":"Energy Potion"},{"floor":6.0,"key":"Explosive Potion"},{"floor":7.0,"key":"SpeedPotion"},{"floor":11.0,"key":"Strength Potion"},{"floor":14.0,"key":"Poison Potion"},{"floor":20.0,"key":"FearPotion"},{"floor":25.0,"key":"Ancient Potion"},{"floor":33.0,"key":"AttackPotion"},{"floor":40.0,"key":"Energy Potion"},{"floor":46.0,"key":"Dexterity Potion"},{"floor":48.0,"key":"FearPotion"}],"is_trial":false,"path_per_floor":["M","M","$","M","M","E","M","R","T","M","E","M","M","M","R","B",null,"M","?","M","M","?","R","E","E","T","R","?","R","R","$","R","B",null,"M","?","$","?","$","E","M","R","T","?","R","M","?","M","R","B",null],"character_chosen":"IRONCLAD","items_purchased":["Perfected Strike","Block Potion","Regen Potion","Oddly Smooth Stone","Inflame","Fire Potion","Swift Potion"],"campfire_rested":1,"item_purchase_floors":[31,31,31,31,31,37,37],"current_hp_per_floor":[80,80,80,78,70,59,57,57,57,55,55,61,67,73,73,48,82,80,80,78,72,56,56,31,16,16,43,43,43,43,43,43,19,91,88,88,88,88,88,64,69,69,69,91,91,84,76,77,77,29],"gold":95,"neow_bonus":"REMOVE_CARD","is_prod":false,"is_daily":false,"chose_seed":false,"campfire_upgraded":9,"win_rate":0,"timestamp":1547734311,"path_taken":["M","M","$","M","M","E","M","R","T","M","E","M","M","?","R","BOSS","M","?","?","M","?","R","E","E","T","R","?","R","R","?","R","BOSS","M","?","?","?","$","E","M","R","T","?","R","?","?","M","R","BOSS"],"build_version":"2019-01-10","purchased_purges":1,"victory":true,"max_hp_per_floor":[80,80,80,80,80,80,80,80,80,80,80,80,80,80,80,82,82,82,82,82,82,87,87,89,91,91,91,91,91,91,91,91,91,91,91,91,91,91,91,91,91,91,91,91,91,93,95,97,97,97],"card_choices":[{"not_picked":["Hemokinesis","Armaments"],"picked":"Carnage","floor":1.0},{"not_picked":["Rage","Seeing Red"],"picked":"Clothesline","floor":2.0},{"not_picked":["Sentinel","Second Wind"],"picked":"Metallicize","floor":4.0},{"not_picked":["Blood for Blood","Seeing Red","Warcry"],"picked":"SKIP","floor":5.0},{"not_picked":["Warcry","Clash"],"picked":"Anger","floor":6.0},{"not_picked":["Clash","Clothesline"],"picked":"Flex","floor":7.0},{"not_picked":["Power Through","Berserk"],"picked":"Wild Strike","floor":10.0},{"not_picked":["Sword Boomerang","Intimidate"],"picked":"Battle Trance","floor":11.0},{"not_picked":["Second Wind","Headbutt"],"picked":"Perfected Strike","floor":12.0},{"not_picked":["Fire Breathing","Seeing Red"],"picked":"Uppercut","floor":13.0},{"not_picked":["Clash","Flex"],"picked":"Disarm","floor":14.0},{"not_picked":["Brutality","Limit Break","Juggernaut"],"picked":"Singing Bowl","floor":16.0},{"not_picked":["Havoc","Entrench"],"picked":"Combust+1","floor":18.0},{"not_picked":["Dropkick","Flame Barrier"],"picked":"Uppercut+1","floor":20.0},{"not_picked":["Spot Weakness","Hemokinesis"],"picked":"True Grit+1","floor":21.0},{"not_picked":["Uppercut","Dark Embrace","Sword Boomerang"],"picked":"Singing Bowl","floor":24.0},{"not_picked":["Combust","Cleave","Carnage+1"],"picked":"Singing Bowl","floor":25.0},{"not_picked":["Immolate","Impervious"],"picked":"Bludgeon","floor":33.0},{"not_picked":["Rampage+1","Burning Pact"],"picked":"Twin Strike","floor":35.0},{"not_picked":["Sword Boomerang","Flex+1"],"picked":"Immolate","floor":40.0},{"not_picked":["Pommel Strike","Dual Wield"],"picked":"Headbutt","floor":41.0},{"not_picked":["Searing Blow","Burning Pact","Headbutt+1"],"picked":"Singing Bowl","floor":46.0},{"not_picked":["Panacea","Impatience","Purity"],"picked":"Singing Bowl","floor":47.0},{"not_picked":["Dark Shackles","Enlightenment"],"picked":"Mayhem","floor":47.0},{"not_picked":["Dark Shackles","Blind"],"picked":"Flash of Steel","floor":47.0},{"not_picked":["Armaments","Body Slam","Iron Wave"],"picked":"Singing Bowl","floor":48.0}],"player_experience":905258,"relics_obtained":[{"floor":6.0,"key":"Bag of Marbles"},{"floor":9.0,"key":"StoneCalendar"},{"floor":11.0,"key":"Singing Bowl"},{"floor":24.0,"key":"WingedGreaves"},{"floor":25.0,"key":"Bird Faced Urn"},{"floor":26.0,"key":"Sundial"},{"floor":40.0,"key":"Whetstone"},{"floor":43.0,"key":"Centennial Puzzle"}],"event_choices":[{"damage_healed":0.0,"max_hp_gain":0.0,"max_hp_loss":0.0,"gold_gain":0.0,"event_name":"Accursed Blacksmith","player_choice":"Forge","floor":19.0,"gold_loss":0.0,"damage_taken":0.0,"cards_upgraded":["Uppercut"]},{"damage_healed":0.0,"max_hp_gain":5.0,"max_hp_loss":0.0,"gold_gain":0.0,"event_name":"Forgotten Altar","player_choice":"Shed Blood","floor":22.0,"gold_loss":0.0,"damage_taken":21.0},{"damage_healed":0.0,"max_hp_gain":0.0,"max_hp_loss":0.0,"gold_gain":0.0,"cards_transformed":["Defend_R","Defend_R"],"event_name":"Drug Dealer","player_choice":"Became Test Subject","floor":28.0,"gold_loss":0.0,"damage_taken":0.0,"cards_obtained":["Fire Breathing","Whirlwind"]},{"damage_healed":0.0,"max_hp_gain":0.0,"max_hp_loss":0.0,"gold_gain":0.0,"event_name":"Duplicator","player_choice":"Copied","floor":36.0,"gold_loss":0.0,"damage_taken":0.0,"cards_obtained":["Perfected Strike"]},{"damage_healed":0.0,"max_hp_gain":0.0,"max_hp_loss":0.0,"gold_gain":0.0,"event_name":"Tomb of Lord Red Mask","player_choice":"Paid","floor":38.0,"gold_loss":55.0,"damage_taken":0.0,"relics_obtained":["Red Mask"]},{"damage_healed":22.0,"max_hp_gain":0.0,"max_hp_loss":0.0,"gold_gain":0.0,"event_name":"Wheel of Change","player_choice":"Full Heal","floor":44.0,"gold_loss":0.0,"damage_taken":0.0},{"damage_healed":0.0,"max_hp_gain":0.0,"max_hp_loss":0.0,"gold_gain":0.0,"event_name":"SensoryStone","player_choice":"Memory 3","floor":47.0,"gold_loss":0.0,"damage_taken":10.0}],"is_beta":false,"boss_relics":[{"not_picked":["Tiny House","Philosopher\u0027s Stone"],"picked":"Black Blood"},{"not_picked":["Busted Crown","Cursed Key"],"picked":"Mark of Pain"}],"items_purged_floors":[3],"is_endless":false,"potions_floor_spawned":[1,5,6,7,11,14,20,24,25,33,40,46,48],"ascension_level":0}