{"gold_per_floor":[119,194,209,221,221,250,250,264,291,291,310,329,342,390,390,486,486,501,332,332,342,342,342,342,342,417,417,432,432,478,495,495,596,596,607,239,263,263,281,315,315,315,315,330,330],"floor_reached":45,"playtime":2947,"items_purged":["Impatience","Strike_R"],"score":443,"play_id":"575a5c28-f9ea-45f6-8868-f5f32c01fd06","local_time":"20190202220944","is_ascension_mode":false,"campfire_choices":[{"floor":7,"key":"REST"},{"floor":10,"key":"REST"},{"floor":15,"key":"RECALL"},{"data":"True Grit","floor":23,"key":"SMITH"},{"data":"Shrug It Off","floor":25,"key":"SMITH"},{"floor":32,"key":"REST"},{"floor":41,"key":"REST"}],"neow_cost":"NONE","seed_source_timestamp":117986775725341,"circlet_count":0,"master_deck":["Strike_R","Strike_R","Strike_R","Defend_R+1","Defend_R","Defend_R+1","Defend_R","Bash","Perfected Strike","Whirlwind","Spot Weakness","Twin Strike","Pommel Strike+1","Heavy Blade+1","Inflame","Feed","Whirlwind+1","Shrug It Off+1","True Grit+1","Evolve","Wild Strike+1","RitualDagger","Reaper","Demon Form","Double Tap","Perfected Strike","Forethought","Blind","Flame Barrier+1","Armaments+1"],"relics":["Burning Blood","Omamori","Blood Vial","Juzu Bracelet","Mark of Pain","Boot","War Paint","Nilry\u0027s Codex","Lantern","Velvet Choker","Whetstone","Smiling Mask","Pear"],"potions_floor_usage":[16,33,33,33,40],"damage_taken":[{"damage":2,"enemies":"Small Slimes","floor":1,"turns":4},{"damage":12,"enemies":"Jaw Worm","floor":3,"turns":5},{"damage":6,"enemies":"Cultist","floor":4,"turns":3},{"damage":54,"enemies":"Gremlin Nob","floor":6,"turns":6},{"damage":14,"enemies":"2 Fungi Beasts","floor":8,"turns":4},{"damage":0,"enemies":"Large Slime","floor":11,"turns":4},{"damage":15,"enemies":"Lots of Slimes","floor":12,"turns":2},{"damage":8,"enemies":"2 Fungi Beasts","floor":13,"turns":3},{"damage":53,"enemies":"Hexaghost","floor":16,"turns":11},{"damage":20,"enemies":"2 Thieves","floor":18,"turns":4},{"damage":3,"enemies":"3 Byrds","floor":21,"turns":3},{"damage":20,"enemies":"Centurion and Healer","floor":28,"turns":5},{"damage":10,"enemies":"3 Cultists","floor":31,"turns":6},{"damage":65,"enemies":"Automaton","floor":33,"turns":11},{"damage":9,"enemies":"3 Darklings","floor":35,"turns":5},{"damage":10,"enemies":"Orb Walker","floor":39,"turns":3},{"damage":78,"enemies":"Nemesis","floor":40,"turns":9},{"damage":64,"enemies":"Writhing Mass","floor":44,"turns":6},{"damage":39,"enemies":"Giant Head","floor":45,"turns":5}],"seed_played":"7122571406569144852","potions_obtained":[{"floor":1,"key":"Ancient Potion"},{"floor":3,"key":"SkillPotion"},{"floor":6,"key":"SkillPotion"},{"floor":13,"key":"SpeedPotion"},{"floor":18,"key":"PowerPotion"},{"floor":35,"key":"SkillPotion"},{"floor":40,"key":"SpeedPotion"}],"is_trial":false,"path_per_floor":["M","?","M","M","?","E","R","M","T","R","M","M","M","T","R","B",null,"M","$","?","M","?","R","?","R","T","?","M","?","T","M","R","B",null,"M","$","T","?","M","E","R","?","T","M","E"],"character_chosen":"IRONCLAD","items_purchased":["Shrug It Off","True Grit","Explosive Potion","Double Tap","Perfected Strike","Forethought"],"campfire_rested":4,"item_purchase_floors":[19,19,36,36,36,36],"current_hp_per_floor":[80,69,63,63,63,15,39,31,31,55,63,56,56,56,56,11,80,66,66,66,74,74,74,74,74,74,58,46,40,40,41,66,9,86,83,83,83,83,81,11,36,75,85,37,0],"gold":330,"neow_bonus":"RANDOM_COLORLESS","is_prod":false,"is_daily":false,"chose_seed":false,"campfire_upgraded":2,"win_rate":0,"timestamp":1549141784,"path_taken":["M","?","M","M","?","E","R","M","T","R","M","M","M","?","R","BOSS","M","$","?","M","?","R","?","R","T","?","M","?","?","M","R","BOSS","M","$","?","?","M","E","R","?","T","M","E"],"build_version":"2019-01-23","purchased_purges":2,"victory":false,"max_hp_per_floor":[80,80,80,80,80,80,80,80,80,80,80,80,80,80,80,80,80,80,80,80,83,83,83,83,83,83,83,83,83,83,86,86,86,86,86,86,86,86,86,86,86,75,85,85,85],"card_choices":[{"not_picked":["Cleave","Twin Strike"],"picked":"Perfected Strike","floor":1},{"not_picked":["Corruption","Uppercut"],"picked":"Whirlwind","floor":3},{"not_picked":["Warcry","Wild Strike"],"picked":"Spot Weakness","floor":4},{"not_picked":["Pummel","Sword Boomerang","Dark Embrace"],"picked":"SKIP","floor":6},{"not_picked":["Clothesline","Bloodletting"],"picked":"Twin Strike","floor":8},{"not_picked":["Combust","Sever Soul"],"picked":"Pommel Strike","floor":11},{"not_picked":["Seeing Red","Headbutt"],"picked":"Heavy Blade","floor":12},{"not_picked":["Clash","Clothesline"],"picked":"Inflame","floor":13},{"not_picked":["Immolate","Brutality"],"picked":"Feed","floor":16},{"not_picked":["Clothesline","Spot Weakness"],"picked":"Whirlwind+1","floor":18},{"not_picked":["Metallicize+1","Sword Boomerang"],"picked":"Evolve","floor":21},{"not_picked":["Havoc","Infernal Blade"],"picked":"Wild Strike+1","floor":28},{"not_picked":["Infernal Blade","Wild Strike"],"picked":"Reaper","floor":31},{"not_picked":["Berserk","Bludgeon"],"picked":"Demon Form","floor":33},{"not_picked":["Clothesline","Heavy Blade","Iron Wave"],"picked":"SKIP","floor":35},{"not_picked":["Forethought","Purity"],"picked":"Blind","floor":38},{"not_picked":["Headbutt","Pommel Strike+1"],"picked":"Flame Barrier+1","floor":39},{"not_picked":["Shockwave+1","Warcry+1"],"picked":"Armaments+1","floor":40},{"not_picked":["Sword Boomerang+1","Headbutt","Anger"],"picked":"SKIP","floor":44}],"player_experience":493242,"relics_obtained":[{"floor":6,"key":"Omamori"},{"floor":9,"key":"Blood Vial"},{"floor":14,"key":"Juzu Bracelet"},{"floor":27,"key":"Nilry\u0027s Codex"},{"floor":30,"key":"Lantern"},{"floor":37,"key":"Whetstone"},{"floor":40,"key":"Smiling Mask"},{"floor":43,"key":"Pear"}],"event_choices":[{"damage_healed":0,"gold_gain":75,"player_choice":"Gather Gold","damage_taken":11,"max_hp_gain":0,"max_hp_loss":0,"event_name":"World of Goop","floor":2,"gold_loss":0},{"damage_healed":0,"gold_gain":0,"player_choice":"Ignored","damage_taken":0,"max_hp_gain":0,"max_hp_loss":0,"event_name":"Shining Light","floor":5,"gold_loss":0},{"cards_removed":["Strike_R"],"damage_healed":0,"gold_gain":0,"player_choice":"Elegance","damage_taken":0,"max_hp_gain":0,"max_hp_loss":0,"event_name":"Back to Basics","floor":20,"gold_loss":0},{"damage_healed":0,"gold_gain":0,"player_choice":"Opened","damage_taken":0,"relics_obtained":["Boot"],"max_hp_gain":0,"max_hp_loss":0,"event_name":"The Mausoleum","floor":22,"gold_loss":0,"cards_obtained":["Writhe"]},{"damage_healed":0,"gold_gain":0,"player_choice":"Stole Relic","damage_taken":0,"relics_obtained":["War Paint"],"max_hp_gain":0,"max_hp_loss":0,"event_name":"Addict","floor":24,"gold_loss":0,"cards_obtained":["Shame"]},{"damage_healed":0,"gold_gain":0,"player_choice":"Obtained Book","damage_taken":16,"max_hp_gain":0,"max_hp_loss":0,"event_name":"Cursed Tome","floor":27,"gold_loss":0},{"damage_healed":0,"gold_gain":0,"player_choice":"Joined the Cult","damage_taken":6,"max_hp_gain":0,"max_hp_loss":0,"event_name":"Nest","floor":29,"gold_loss":0,"cards_obtained":["RitualDagger"]},{"damage_healed":0,"gold_gain":0,"player_choice":"Memory 1","damage_taken":0,"max_hp_gain":0,"max_hp_loss":0,"event_name":"SensoryStone","floor":38,"gold_loss":0},{"damage_healed":75,"gold_gain":0,"player_choice":"Heal","damage_taken":0,"max_hp_gain":0,"max_hp_loss":11,"event_name":"The Moai Head","floor":42,"gold_loss":0}],"is_beta":false,"boss_relics":[{"not_picked":["Eternal Feather","Runic Cube"],"picked":"Mark of Pain"},{"not_picked":["Runic Pyramid","Snecko Eye"],"picked":"Velvet Choker"}],"items_purged_floors":[19,36],"is_endless":false,"potions_floor_spawned":[1,3,6,13,18,28,35,40],"killed_by":"Giant Head","ascension_level":0}