{"gold_per_floor":[118,128,8,26,37,37,53,53,77,102,112,112,124,137,137,238,238,256,272,283,293,312,312,312,325,325,383,6,24,24,24,24,123,123,133,144,1143,1160,1179,1179],"floor_reached":40,"playtime":6851,"items_purged":["Strike_B","Strike_B"],"score":693,"play_id":"ed24631d-c589-4685-9936-50589e43fca9","local_time":"20181110162125","is_ascension_mode":true,"campfire_choices":[{"data":"Zap","floor":6.0,"key":"SMITH"},{"data":"Go for the Eyes","floor":8.0,"key":"SMITH"},{"data":"Dualcast","floor":12.0,"key":"SMITH"},{"data":"Ball Lightning","floor":15.0,"key":"SMITH"},{"data":"Tempest","floor":23.0,"key":"SMITH"},{"data":"Self Repair","floor":30.0,"key":"SMITH"},{"floor":32.0,"key":"REST"}],"neow_cost":"PERCENT_DAMAGE","seed_source_timestamp":330480114505819,"circlet_count":0,"master_deck":["Strike_B","Defend_B","Defend_B","Defend_B","Defend_B","Zap+1","Dualcast+1","Conserve Battery","Go for the Eyes+1","Ball Lightning+1","Sweeping Beam","Electrodynamics","BootSequence+1","Tempest+1","Static Discharge","Thunder Strike","Auto Shields+1","Conserve Battery","Melter","Self Repair+1","Finesse","Capacitor","Conserve Battery","Reboot","Hologram+1","Go for the Eyes+1","Tempest+1"],"special_seed":0,"relics":["Cracked Core","FossilizedHelix","Anchor","Omamori","Busted Crown","Pantograph","Tiny Chest","Membership Card","War Paint","Inserter"],"potions_floor_usage":[],"damage_taken":[{"damage":0.0,"enemies":"Cultist","floor":1.0,"turns":3.0},{"damage":6.0,"enemies":"2 Louse","floor":2.0,"turns":3.0},{"damage":0.0,"enemies":"Jaw Worm","floor":4.0,"turns":3.0},{"damage":0.0,"enemies":"Gremlin Gang","floor":5.0,"turns":5.0},{"damage":0.0,"enemies":"Blue Slaver","floor":7.0,"turns":2.0},{"damage":0.0,"enemies":"3 Sentries","floor":10.0,"turns":4.0},{"damage":0.0,"enemies":"Large Slime","floor":11.0,"turns":4.0},{"damage":0.0,"enemies":"Exordium Thugs","floor":13.0,"turns":3.0},{"damage":0.0,"enemies":"3 Louse","floor":14.0,"turns":2.0},{"damage":0.0,"enemies":"Slime Boss","floor":16.0,"turns":6.0},{"damage":5.0,"enemies":"Shell Parasite","floor":18.0,"turns":4.0},{"damage":10.0,"enemies":"2 Thieves","floor":19.0,"turns":3.0},{"damage":8.0,"enemies":"Shelled Parasite and Fungi","floor":20.0,"turns":4.0},{"damage":19.0,"enemies":"Sentry and Sphere","floor":21.0,"turns":4.0},{"damage":0.0,"enemies":"Chosen and Byrds","floor":22.0,"turns":3.0},{"damage":0.0,"enemies":"Centurion and Healer","floor":25.0,"turns":5.0},{"damage":12.0,"enemies":"Gremlin Leader","floor":27.0,"turns":6.0},{"damage":0.0,"enemies":"Snecko","floor":28.0,"turns":3.0},{"damage":0.0,"enemies":"Snecko","floor":29.0,"turns":4.0},{"damage":33.0,"enemies":"Champ","floor":33.0,"turns":10.0},{"damage":22.0,"enemies":"Orb Walker","floor":35.0,"turns":4.0},{"damage":0.0,"enemies":"3 Shapes","floor":36.0,"turns":4.0},{"damage":22.0,"enemies":"3 Darklings","floor":38.0,"turns":6.0},{"damage":26.0,"enemies":"Jaw Worm Horde","floor":39.0,"turns":5.0},{"damage":61,"enemies":"Giant Head","floor":40,"turns":7}],"seed_played":"-619330345331089771","potions_obtained":[{"floor":1.0,"key":"Fire Potion"},{"floor":2.0,"key":"SkillPotion"},{"floor":11.0,"key":"Poison Potion"},{"floor":25.0,"key":"SkillPotion"},{"floor":27.0,"key":"Ancient Potion"},{"floor":36.0,"key":"SpeedPotion"}],"is_trial":false,"path_per_floor":["M","M","$","M","M","R","M","R","T","E","M","R","M","M","R","B",null,"M","M","M","M","M","R","?","M","T","E","M","$","M","R","?","R","B",null,"M","M","?","M","M","E"],"character_chosen":"DEFECT","items_purchased":["Ball Lightning","Membership Card","War Paint","Finesse"],"campfire_rested":1,"item_purchase_floors":[3,28,28,28],"current_hp_per_floor":[50,44,44,44,44,44,44,44,44,44,44,44,44,44,44,44,67,62,52,44,25,25,25,25,25,25,20,20,27,27,27,49,51,69,57,67,67,55,39,0],"gold":1179,"neow_bonus":"ONE_RARE_RELIC","is_prod":false,"is_daily":false,"chose_seed":false,"campfire_upgraded":6,"win_rate":0,"timestamp":1541863285,"path_taken":["M","M","$","M","M","R","M","R","T","E","M","R","M","M","R","BOSS","M","?","M","M","?","R","?","M","T","E","?","?","R","?","R","BOSS","M","?","?","M","M","E"],"build_version":"2018-11-08","purchased_purges":2,"victory":false,"max_hp_per_floor":[75,75,75,75,75,75,75,75,75,75,75,75,75,75,75,75,75,75,75,75,75,75,75,75,75,75,75,75,75,75,75,75,75,75,75,75,75,75,75,75],"card_choices":[{"not_picked":["Steam Power","Turbo"],"picked":"Conserve Battery","floor":1.0},{"not_picked":["Hologram","Genetic Algorithm"],"picked":"Go for the Eyes","floor":2.0},{"not_picked":["Static Discharge","Steam","Redo"],"picked":"SKIP","floor":4.0},{"not_picked":["Beam Cell","Hologram"],"picked":"Sweeping Beam","floor":5.0},{"not_picked":["Barrage","Defragment"],"picked":"Electrodynamics","floor":7.0},{"not_picked":["Steam","Skim"],"picked":"BootSequence","floor":10.0},{"not_picked":["Rebound","Compile Driver","Turbo"],"picked":"SKIP","floor":11.0},{"not_picked":["Auto Shields","Barrage"],"picked":"Tempest","floor":13.0},{"not_picked":["Force Field","Beam Cell"],"picked":"Static Discharge","floor":14.0},{"not_picked":["Rainbow","Multi-Cast"],"picked":"Thunder Strike","floor":16.0},{"not_picked":["Sweeping Beam"],"picked":"SKIP","floor":18.0},{"not_picked":["Steam"],"picked":"SKIP","floor":19.0},{"not_picked":[],"picked":"Auto Shields","floor":20.0},{"not_picked":["Gash+1"],"picked":"SKIP","floor":21.0},{"not_picked":[],"picked":"Conserve Battery","floor":22.0},{"not_picked":[],"picked":"Self Repair","floor":25.0},{"not_picked":["Stack+1"],"picked":"SKIP","floor":27.0},{"not_picked":[],"picked":"Capacitor","floor":29.0},{"not_picked":[],"picked":"Reboot","floor":33.0},{"not_picked":[],"picked":"Hologram+1","floor":35.0},{"not_picked":["Turbo"],"picked":"SKIP","floor":36.0},{"not_picked":[],"picked":"Go for the Eyes+1","floor":38.0},{"not_picked":[],"picked":"Tempest+1","floor":39.0}],"player_experience":475452,"relics_obtained":[{"floor":9.0,"key":"Anchor"},{"floor":10.0,"key":"Omamori"},{"floor":26.0,"key":"Pantograph"},{"floor":27.0,"key":"Tiny Chest"}],"event_choices":[{"damage_healed":0.0,"max_hp_gain":0.0,"max_hp_loss":0.0,"gold_gain":0.0,"cards_transformed":["Strike_B"],"event_name":"Transmorgrifier","player_choice":"Transformed","floor":24.0,"gold_loss":0.0,"damage_taken":0.0,"cards_obtained":["Melter"]},{"damage_healed":0.0,"max_hp_gain":0.0,"max_hp_loss":0.0,"gold_gain":0.0,"event_name":"Duplicator","player_choice":"Copied","floor":31.0,"gold_loss":0.0,"damage_taken":0.0,"cards_obtained":["Conserve Battery"]},{"damage_healed":0.0,"max_hp_gain":0.0,"max_hp_loss":0.0,"gold_gain":999.0,"event_name":"MindBloom","player_choice":"Gold","floor":37.0,"gold_loss":0.0,"damage_taken":0.0,"cards_obtained":["Normality","Normality"]}],"is_beta":false,"boss_relics":[{"not_picked":["Black Star","Astrolabe"],"picked":"Busted Crown"},{"not_picked":["Eternal Feather","Philosopher\u0027s Stone"],"picked":"Inserter"}],"items_purged_floors":[3,28],"is_endless":false,"potions_floor_spawned":[1,2,11,13,25,27,28,36],"killed_by":"Giant Head","ascension_level":7}