{"gold_per_floor":[118,118,393,410,433,468,134,134,134,134,153,181,181,20,20,122,122,133,153,153,172,49,49,67,67,121,121,136,136],"floor_reached":29,"playtime":1988,"items_purged":["Regret","Strike_R"],"score":384,"play_id":"25518ef8-b8b6-42b4-ab4a-7398a34c5e79","local_time":"20181106200937","is_ascension_mode":true,"campfire_choices":[{"data":"Infernal Blade","floor":8.0,"key":"SMITH"},{"data":"Thinking Ahead","floor":10.0,"key":"SMITH"},{"data":"Shockwave","floor":13.0,"key":"SMITH"},{"data":"Bludgeon","floor":15.0,"key":"SMITH"},{"data":"Demon Form","floor":23.0,"key":"SMITH"}],"neow_cost":"NONE","seed_source_timestamp":0,"circlet_count":0,"master_deck":["AscendersBane","Strike_R","Strike_R","Strike_R","Defend_R","Defend_R","Defend_R","Defend_R","Bash","Infernal Blade+1","Evolve","True Grit","Shrug It Off","Flame Barrier","Thinking Ahead+1","Shockwave+1","Bludgeon+1","Demon Form+1","Normality","Normality","Writhe","Iron Wave+1","Fiend Fire","Intimidate+1","Corruption","Feel No Pain+1","Sentinel"],"special_seed":0,"relics":["Burning Blood","NeowsBlessing","Smiling Mask","Du-Vu Doll","Mercury Hourglass","Sundial","Calling Bell","PreservedInsect","Ornamental Fan","Calipers","Bag of Marbles"],"potions_floor_usage":[25],"damage_taken":[{"damage":0.0,"enemies":"Jaw Worm","floor":1.0,"turns":1.0},{"damage":0.0,"enemies":"2 Louse","floor":4.0,"turns":1.0},{"damage":3.0,"enemies":"3 Sentries","floor":6.0,"turns":2.0},{"damage":0.0,"enemies":"Cultist","floor":11.0,"turns":4.0},{"damage":22.0,"enemies":"Gremlin Nob","floor":12.0,"turns":5.0},{"damage":39.0,"enemies":"Slime Boss","floor":16.0,"turns":7.0},{"damage":12.0,"enemies":"Chosen","floor":18.0,"turns":5.0},{"damage":22.0,"enemies":"2 Thieves","floor":19.0,"turns":4.0},{"damage":4.0,"enemies":"Centurion and Healer","floor":21.0,"turns":6.0},{"damage":37.0,"enemies":"Snecko","floor":24.0,"turns":5.0},{"damage":15,"enemies":"Colosseum Slavers","floor":25,"turns":4},{"damage":7,"enemies":"Shelled Parasite and Fungi","floor":28,"turns":4},{"damage":7,"enemies":"Snake Plant","floor":29,"turns":1}],"seed_played":"-4306401448932125051","potions_obtained":[{"floor":1.0,"key":"Fire Potion"},{"floor":6.0,"key":"EssenceOfSteel"},{"floor":19.0,"key":"SkillPotion"},{"floor":24.0,"key":"GamblersBrew"}],"is_trial":false,"path_per_floor":["M","?","?","M","T","E","$","R","T","R","M","E","R","$","R","B",null,"M","M","?","M","$","R","M","?","T","?","M","M"],"character_chosen":"IRONCLAD","items_purchased":["Shrug It Off","Flame Barrier","Thinking Ahead","Bludgeon","Corruption"],"campfire_rested":0,"item_purchase_floors":[7,7,7,14,22],"current_hp_per_floor":[78,71,71,77,77,80,80,80,80,80,80,64,64,64,64,31,68,62,46,46,48,48,48,17,8,8,8,7,0],"gold":136,"neow_bonus":"THREE_ENEMY_KILL","is_prod":false,"is_daily":false,"chose_seed":false,"campfire_upgraded":5,"win_rate":0,"timestamp":1541531377,"path_taken":["M","?","?","?","?","E","$","R","T","R","?","E","R","$","R","BOSS","M","M","?","?","$","R","M","?","T","?","?","M"],"build_version":"2018-11-01","purchased_purges":2,"victory":false,"max_hp_per_floor":[80,80,80,80,80,80,80,80,80,80,80,80,80,80,80,80,80,80,80,80,80,80,80,80,80,80,80,80,80],"card_choices":[{"not_picked":["Metallicize","Battle Trance"],"picked":"Infernal Blade","floor":1.0},{"not_picked":["Warcry","Combust"],"picked":"Evolve","floor":4.0},{"not_picked":["Warcry","Rampage"],"picked":"True Grit","floor":6.0},{"not_picked":["Warcry","Dual Wield","Flex"],"picked":"SKIP","floor":11.0},{"not_picked":["Battle Trance","Twin Strike"],"picked":"Shockwave","floor":12.0},{"not_picked":["Immolate","Fiend Fire"],"picked":"Demon Form","floor":16.0},{"not_picked":["Searing Blow","Fire Breathing","Iron Wave"],"picked":"SKIP","floor":18.0},{"not_picked":["Armaments","Searing Blow+1"],"picked":"Iron Wave+1","floor":19.0},{"not_picked":["Clash+1","Second Wind"],"picked":"Intimidate+1","floor":21.0},{"not_picked":["Wild Strike","Heavy Blade"],"picked":"Feel No Pain","floor":24.0},{"not_picked":["Combust","Clash+1"],"picked":"Sentinel","floor":28}],"player_experience":466458,"relics_obtained":[{"floor":5.0,"key":"Smiling Mask"},{"floor":6.0,"key":"Du-Vu Doll"},{"floor":9.0,"key":"Mercury Hourglass"},{"floor":12.0,"key":"Sundial"},{"floor":17.0,"key":"PreservedInsect"},{"floor":17.0,"key":"Ornamental Fan"},{"floor":17.0,"key":"Calipers"},{"floor":26,"key":"Bag of Marbles"}],"event_choices":[{"cards_removed":["Strike_R"],"damage_healed":0.0,"max_hp_gain":0.0,"max_hp_loss":0.0,"gold_gain":0.0,"event_name":"Golden Wing","player_choice":"Card Removal","floor":2.0,"gold_loss":0.0,"damage_taken":7.0},{"damage_healed":0.0,"max_hp_gain":0.0,"max_hp_loss":0.0,"gold_gain":275.0,"event_name":"Golden Shrine","player_choice":"Desecrate","floor":3.0,"gold_loss":0.0,"damage_taken":0.0,"cards_obtained":["Regret"]},{"damage_healed":0.0,"max_hp_gain":0.0,"max_hp_loss":0.0,"gold_gain":0.0,"event_name":"Match and Keep!","player_choice":"1 cards matched","floor":20.0,"gold_loss":0.0,"damage_taken":0.0,"cards_obtained":["Fiend Fire"]},{"damage_healed":0,"gold_gain":0,"player_choice":"Fight","damage_taken":0,"max_hp_gain":0,"max_hp_loss":0,"event_name":"Colosseum","floor":25,"gold_loss":0},{"damage_healed":0,"gold_gain":0,"player_choice":"Fled From Nobs","damage_taken":0,"max_hp_gain":0,"max_hp_loss":0,"event_name":"Colosseum","floor":25,"gold_loss":0},{"damage_healed":0,"gold_gain":0,"player_choice":"Upgraded","damage_taken":0,"max_hp_gain":0,"max_hp_loss":0,"event_name":"Upgrade Shrine","floor":27,"gold_loss":0,"cards_upgraded":["Feel No Pain"]}],"is_beta":false,"boss_relics":[{"not_picked":["Busted Crown","Lizard Tail"],"picked":"Calling Bell"}],"items_purged_floors":[7,22],"is_endless":false,"potions_floor_spawned":[1,6,19,24,25],"killed_by":"Snake Plant","ascension_level":10}