{"gold_per_floor":[118,130,148,159,175,208,208,234,260,275,275,112,129,158,158,257,257,277,277,192,167,178,208,208,235,235,51,66,66,79,79,79,181,181,197,16,35,35,135,168,168,199,199,210,210,224,240,270,270,270],"floor_reached":50,"playtime":4355,"items_purged":["Strike_G","Flechettes"],"score":728,"play_id":"b15da094-4be0-4e30-b300-e60cfa0d4075","local_time":"20190202153402","is_ascension_mode":true,"campfire_choices":[{"data":"Neutralize","floor":7,"key":"SMITH"},{"data":"Finisher","floor":11,"key":"SMITH"},{"data":"Infinite Blades","floor":15,"key":"SMITH"},{"floor":24,"key":"RECALL"},{"floor":29,"key":"REST"},{"floor":32,"key":"REST"},{"floor":41,"key":"REST"},{"floor":45,"key":"REST"},{"floor":49,"key":"REST"}],"neow_cost":"NONE","seed_source_timestamp":312092870420796,"circlet_count":0,"master_deck":["Defend_G","Defend_G","Defend_G","Defend_G","Defend_G","Strike_G","Strike_G","Strike_G","Survivor","Neutralize+1","Backstab","Flying Knee","Dodge and Roll","Backflip","Finisher+1","Dagger Throw","Infinite Blades+1","PiercingWail","Dagger Spray","Backflip","A Thousand Cuts","PiercingWail","Endless Agony","Infinite Blades","Outmaneuver","Wraith Form v2","Finisher+1","After Image","Footwork","Cloak And Dagger+1","Backflip","Phantasmal Killer","Well Laid Plans+1"],"relics":["Ring of the Snake","Ice Cream","Ninja Scroll","Centennial Puzzle","Odd Mushroom","Fusion Hammer","Vajra","Snake Skull","Bag of Marbles","Happy Flower","Shuriken","White Beast Statue","Thread and Needle","Boot","Smiling Mask","Anchor"],"potions_floor_usage":[6,8,25,40,50],"damage_taken":[{"damage":0,"enemies":"Jaw Worm","floor":1,"turns":5},{"damage":0,"enemies":"2 Louse","floor":2,"turns":3},{"damage":0,"enemies":"Small Slimes","floor":3,"turns":3},{"damage":9,"enemies":"3 Louse","floor":4,"turns":3},{"damage":2,"enemies":"Exordium Thugs","floor":5,"turns":4},{"damage":23,"enemies":"Gremlin Nob","floor":6,"turns":5},{"damage":16,"enemies":"Lagavulin","floor":8,"turns":7},{"damage":0,"enemies":"2 Fungi Beasts","floor":10,"turns":1},{"damage":0,"enemies":"Looter","floor":13,"turns":1},{"damage":0,"enemies":"The Mushroom Lair","floor":14,"turns":4},{"damage":9,"enemies":"Hexaghost","floor":16,"turns":10},{"damage":3,"enemies":"2 Thieves","floor":18,"turns":3},{"damage":1,"enemies":"Shell Parasite","floor":22,"turns":2},{"damage":3,"enemies":"Gremlin Leader","floor":23,"turns":5},{"damage":1,"enemies":"Book of Stabbing","floor":25,"turns":4},{"damage":0,"enemies":"Centurion and Healer","floor":28,"turns":1},{"damage":0,"enemies":"Chosen and Byrds","floor":30,"turns":3},{"damage":11,"enemies":"Collector","floor":33,"turns":4},{"damage":0,"enemies":"Orb Walker","floor":35,"turns":2},{"damage":6,"enemies":"3 Shapes","floor":37,"turns":3},{"damage":3,"enemies":"Mind Bloom Boss Battle","floor":39,"turns":5},{"damage":9,"enemies":"Nemesis","floor":40,"turns":5},{"damage":9,"enemies":"Reptomancer","floor":42,"turns":4},{"damage":6,"enemies":"Spire Growth","floor":44,"turns":4},{"damage":0,"enemies":"Jaw Worm Horde","floor":46,"turns":1},{"damage":1,"enemies":"Sphere and 2 Shapes","floor":47,"turns":4},{"damage":0,"enemies":"Giant Head","floor":48,"turns":5},{"damage":93,"enemies":"Time Eater","floor":50,"turns":11}],"seed_played":"3830101831431659684","potions_obtained":[{"floor":3,"key":"FearPotion"},{"floor":6,"key":"PowerPotion"},{"floor":8,"key":"Energy Potion"},{"floor":10,"key":"Dexterity Potion"},{"floor":13,"key":"Weak Potion"},{"floor":16,"key":"GhostInAJar"},{"floor":23,"key":"Poison Potion"},{"floor":25,"key":"AttackPotion"},{"floor":33,"key":"Strength Potion"},{"floor":40,"key":"Energy Potion"}],"is_trial":false,"path_per_floor":["M","M","M","M","M","E","R","E","T","M","R","$","M","?","R","B",null,"M","?","?","$","M","E","R","E","T","$","M","R","M","?","R","B",null,"M","$","M","$","?","E","R","E","T","M","R","M","M","E","R","B"],"character_chosen":"THE_SILENT","items_purchased":["Infinite Blades","PiercingWail","PiercingWail","Outmaneuver","Wraith Form v2","Footwork"],"campfire_rested":5,"item_purchase_floors":[12,12,21,27,27,36],"current_hp_per_floor":[70,70,70,61,59,36,36,20,20,20,20,20,20,20,20,11,70,67,67,67,67,66,63,63,62,62,62,62,70,70,70,70,59,70,70,70,64,64,61,52,70,61,61,55,70,70,69,69,70,0],"gold":270,"neow_bonus":"REMOVE_CARD","is_prod":false,"is_daily":false,"chose_seed":false,"campfire_upgraded":3,"win_rate":0,"timestamp":1549143242,"path_taken":["M","M","M","M","M","E","R","E","T","M","R","$","M","?","R","BOSS","M","?","?","$","M","E","R","E","T","$","M","R","M","?","R","BOSS","M","$","M","?","?","E","R","E","T","M","R","?","M","E","R","BOSS"],"build_version":"2019-01-23","purchased_purges":2,"victory":false,"max_hp_per_floor":[70,70,70,70,70,70,70,70,70,70,70,70,70,70,70,70,70,70,70,70,70,70,70,70,70,70,70,70,70,70,70,70,70,70,70,70,70,70,70,70,70,70,70,70,70,70,70,70,70,70],"card_choices":[{"not_picked":["Underhanded Strike","Dodge and Roll"],"picked":"Backstab","floor":1},{"not_picked":["Choke","Eviscerate","Deflect"],"picked":"SKIP","floor":2},{"not_picked":["Concentrate","Endless Agony"],"picked":"Flying Knee","floor":3},{"not_picked":["Caltrops","Tactician"],"picked":"Dodge and Roll","floor":4},{"not_picked":["Setup","Underhanded Strike"],"picked":"Backflip","floor":5},{"not_picked":["Riddle With Holes","Deadly Poison"],"picked":"Flechettes","floor":6},{"not_picked":["Envenom","Backflip"],"picked":"Finisher","floor":8},{"not_picked":["Eviscerate","Tactician"],"picked":"Dagger Throw","floor":10},{"not_picked":["Quick Slash","Slice"],"picked":"Dagger Spray","floor":13},{"not_picked":["Heel Hook","Bane"],"picked":"Backflip","floor":14},{"not_picked":["Night Terror","Venomology"],"picked":"A Thousand Cuts","floor":16},{"not_picked":["Dagger Spray","Prepared","Skewer"],"picked":"SKIP","floor":18},{"not_picked":["Leg Sweep","Outmaneuver"],"picked":"Endless Agony","floor":22},{"not_picked":["Prepared","Riddle With Holes","Dodge and Roll"],"picked":"SKIP","floor":23},{"not_picked":["Deflect","Dagger Throw+1"],"picked":"Infinite Blades","floor":25},{"not_picked":["Flechettes+1","Dodge and Roll","Slice"],"picked":"SKIP","floor":28},{"not_picked":["Caltrops","Blade Dance","Flying Knee"],"picked":"SKIP","floor":30},{"not_picked":["Phantasmal Killer","Bullet Time"],"picked":"After Image","floor":33},{"not_picked":["PiercingWail+1","Deflect","Predator"],"picked":"SKIP","floor":35},{"not_picked":["Accuracy","Skewer+1"],"picked":"Cloak And Dagger+1","floor":37},{"not_picked":["Underhanded Strike","Poisoned Stab+1"],"picked":"Backflip","floor":40},{"not_picked":["Eviscerate+1","Predator+1","Deadly Poison+1"],"picked":"SKIP","floor":42},{"not_picked":["Heel Hook+1","Poisoned Stab+1"],"picked":"Phantasmal Killer","floor":44},{"not_picked":["Deadly Poison+1","Bane"],"picked":"Well Laid Plans+1","floor":46},{"not_picked":["Setup+1","Outmaneuver+1","All Out Attack+1"],"picked":"SKIP","floor":47},{"not_picked":["A Thousand Cuts","Flying Knee","Blade Dance"],"picked":"SKIP","floor":48}],"player_experience":438943,"relics_obtained":[{"floor":6,"key":"Ice Cream"},{"floor":8,"key":"Ninja Scroll"},{"floor":9,"key":"Centennial Puzzle"},{"floor":14,"key":"Odd Mushroom"},{"floor":23,"key":"Bag of Marbles"},{"floor":25,"key":"Happy Flower"},{"floor":26,"key":"Shuriken"},{"floor":39,"key":"Thread and Needle"},{"floor":40,"key":"Boot"},{"floor":42,"key":"Smiling Mask"},{"floor":48,"key":"Anchor"}],"event_choices":[{"damage_healed":0,"gold_gain":0,"player_choice":"Fought Mushrooms","damage_taken":0,"max_hp_gain":0,"max_hp_loss":0,"event_name":"Mushrooms","floor":14,"gold_loss":0},{"damage_healed":0,"gold_gain":0,"player_choice":"Opened","damage_taken":0,"relics_obtained":["Vajra"],"max_hp_gain":0,"max_hp_loss":0,"event_name":"The Mausoleum","floor":19,"gold_loss":0},{"damage_healed":0,"gold_gain":0,"player_choice":"Obtained Relic","damage_taken":0,"relics_obtained":["Snake Skull"],"max_hp_gain":0,"max_hp_loss":0,"event_name":"Addict","floor":20,"gold_loss":85},{"damage_healed":0,"gold_gain":0,"player_choice":"Copied","damage_taken":0,"max_hp_gain":0,"max_hp_loss":0,"event_name":"Duplicator","floor":31,"gold_loss":0,"cards_obtained":["Finisher"]},{"damage_healed":0,"gold_gain":0,"player_choice":"Fight","damage_taken":0,"max_hp_gain":0,"max_hp_loss":0,"event_name":"MindBloom","floor":39,"gold_loss":0}],"is_beta":false,"boss_relics":[{"not_picked":["Runic Dome","Calling Bell"],"picked":"Fusion Hammer"},{"not_picked":["Eternal Feather","Velvet Choker"],"picked":"White Beast Statue"}],"items_purged_floors":[12,36],"is_endless":false,"potions_floor_spawned":[3,6,8,10,13,16,22,23,25,28,33,35,37,39,40,42,44,46,47,48],"killed_by":"Time Eater","ascension_level":4}