{"gold_per_floor":[116,128,141,62,80,80,94,107,107,138,138,152,152,152,152,278,278,294,319,319,57,0,0],"floor_reached":23,"playtime":1182,"items_purged":[],"score":328,"play_id":"9507cab0-ce77-4c83-adb8-a83c455841ca","local_time":"20181111130531","is_ascension_mode":true,"campfire_choices":[{"data":"Zap","floor":6.0,"key":"SMITH"},{"floor":11.0,"key":"REST"},{"data":"Storm","floor":13.0,"key":"SMITH"},{"floor":15.0,"key":"REST"}],"neow_cost":"NONE","seed_source_timestamp":47866368840484,"circlet_count":0,"master_deck":["Strike_B","Strike_B","Strike_B","Strike_B","Defend_B","Defend_B","Defend_B","Defend_B","Zap+1","Dualcast","Buffer","Ball Lightning","Conserve Battery","Storm+1","Capacitor","White Noise","Loop","Reinforced Body","Go for the Eyes","Force Field","Machine Learning","Loop","Defragment"],"special_seed":0,"relics":["Cracked Core","Torii","DataDisk","Golden Idol","Philosopher\u0027s Stone","Meat on the Bone"],"potions_floor_usage":[23],"damage_taken":[{"damage":7.0,"enemies":"Small Slimes","floor":1.0,"turns":4.0},{"damage":2.0,"enemies":"Jaw Worm","floor":2.0,"turns":4.0},{"damage":0.0,"enemies":"2 Louse","floor":3.0,"turns":3.0},{"damage":1.0,"enemies":"Blue Slaver","floor":5.0,"turns":3.0},{"damage":23.0,"enemies":"3 Louse","floor":7.0,"turns":3.0},{"damage":10.0,"enemies":"Looter","floor":8.0,"turns":3.0},{"damage":24.0,"enemies":"Gremlin Nob","floor":10.0,"turns":4.0},{"damage":6.0,"enemies":"2 Fungi Beasts","floor":12.0,"turns":3.0},{"damage":0.0,"enemies":"Slime Boss","floor":16.0,"turns":7.0},{"damage":14.0,"enemies":"Chosen","floor":18.0,"turns":3.0},{"damage":0.0,"enemies":"Shell Parasite","floor":19.0,"turns":4.0},{"damage":60,"enemies":"Slavers","floor":23,"turns":3}],"seed_played":"2114296201904494583","potions_obtained":[{"floor":2.0,"key":"SteroidPotion"},{"floor":3.0,"key":"Dexterity Potion"},{"floor":10.0,"key":"Dexterity Potion"},{"floor":19.0,"key":"Swift Potion"}],"is_trial":false,"path_per_floor":["M","M","M","$","M","R","M","M","T","E","R","M","R","?","R","B",null,"M","M","?","$","?","E"],"character_chosen":"DEFECT","items_purchased":["Capacitor","Meat on the Bone"],"campfire_rested":2,"item_purchase_floors":[4,21],"current_hp_per_floor":[61,59,59,59,58,58,35,25,25,1,23,17,17,17,37,37,61,47,47,47,47,47,0],"gold":0,"neow_bonus":"ONE_RANDOM_RARE_CARD","is_prod":false,"is_daily":false,"chose_seed":false,"campfire_upgraded":2,"win_rate":0,"timestamp":1541937931,"path_taken":["M","M","M","$","M","R","M","M","T","E","R","M","R","?","R","BOSS","M","M","?","$","?","E"],"build_version":"2018-11-08","purchased_purges":0,"victory":false,"max_hp_per_floor":[75,75,75,75,75,75,75,75,75,75,75,75,75,69,69,69,69,69,69,69,69,69,69],"card_choices":[{"not_picked":["Rebound","Cold Snap"],"picked":"Ball Lightning","floor":1.0},{"not_picked":["Steam","Chill"],"picked":"Conserve Battery","floor":2.0},{"not_picked":["Go for the Eyes","Beam Cell"],"picked":"Storm","floor":3.0},{"not_picked":["Turbo","Static Discharge"],"picked":"White Noise","floor":5.0},{"not_picked":["Rebound","Compile Driver"],"picked":"Loop","floor":7.0},{"not_picked":["Cold Snap","Turbo"],"picked":"Reinforced Body","floor":8.0},{"not_picked":["Conserve Battery","Ball Lightning"],"picked":"Go for the Eyes","floor":10.0},{"not_picked":["Double Energy","Go for the Eyes"],"picked":"Force Field","floor":12.0},{"not_picked":["Reboot","Meteor Strike"],"picked":"Machine Learning","floor":16.0},{"not_picked":["Barrage+1","Redo","Ball Lightning"],"picked":"SKIP","floor":18.0},{"not_picked":["Stack","Reprogram"],"picked":"Loop","floor":19.0}],"player_experience":493003,"relics_obtained":[{"floor":9.0,"key":"Torii"},{"floor":10.0,"key":"DataDisk"}],"event_choices":[{"damage_healed":0.0,"max_hp_gain":0.0,"max_hp_loss":6.0,"gold_gain":0.0,"event_name":"Golden Idol","player_choice":"Lose Max HP","floor":14.0,"gold_loss":0.0,"damage_taken":0.0,"relics_obtained":["Golden Idol"]},{"damage_healed":0.0,"max_hp_gain":0.0,"max_hp_loss":0.0,"gold_gain":0.0,"event_name":"The Library","player_choice":"Read","floor":20.0,"gold_loss":0.0,"damage_taken":0.0,"cards_obtained":["Defragment"]},{"damage_healed":0.0,"max_hp_gain":0.0,"max_hp_loss":0.0,"gold_gain":0.0,"event_name":"Masked Bandits","player_choice":"Paid Fearfully","floor":22.0,"gold_loss":57.0,"damage_taken":0.0}],"is_beta":false,"boss_relics":[{"not_picked":["Calling Bell","Runic Dome"],"picked":"Philosopher\u0027s Stone"}],"items_purged_floors":[],"is_endless":false,"potions_floor_spawned":[2,3,10,19],"killed_by":"Slavers","ascension_level":7}