{"gold_per_floor":[111,111,131,56,68,101,26,52,52,82,82,82,109,109,109,109],"floor_reached":16,"playtime":961,"items_purged":["Strike_G"],"score":221,"play_id":"c178d1ef-a30a-4775-a219-58a2b062afb0","local_time":"20190130195417","is_ascension_mode":true,"campfire_choices":[{"floor":11.0,"key":"REST"},{"data":"Malaise","floor":15.0,"key":"SMITH"}],"neow_cost":"NONE","seed_source_timestamp":711964542898183,"circlet_count":0,"master_deck":["AscendersBane","Defend_G","Defend_G","Defend_G","Defend_G","Defend_G","Strike_G","Strike_G","Strike_G","Survivor","Neutralize+1","Predator","Backstab","Dagger Spray","PiercingWail","Malaise+1"],"special_seed":0,"relics":["Ring of the Snake","Art of War","Pocketwatch","Darkstone Periapt","Blue Candle","Mummified Hand","Centennial Puzzle","Paper Crane"],"potions_floor_usage":[],"damage_taken":[{"damage":4.0,"enemies":"Small Slimes","floor":1.0,"turns":5.0},{"damage":0.0,"enemies":"Cultist","floor":3.0,"turns":4.0},{"damage":0.0,"enemies":"2 Louse","floor":5.0,"turns":3.0},{"damage":10.0,"enemies":"Lagavulin","floor":6.0,"turns":10.0},{"damage":21.0,"enemies":"3 Sentries","floor":8.0,"turns":8.0},{"damage":18.0,"enemies":"Gremlin Nob","floor":10.0,"turns":4.0},{"damage":10.0,"enemies":"3 Sentries","floor":13.0,"turns":6.0},{"damage":34,"enemies":"Hexaghost","floor":16,"turns":13}],"seed_played":"-4824143176447233468","potions_obtained":[{"floor":1.0,"key":"LiquidBronze"},{"floor":8.0,"key":"SkillPotion"},{"floor":10.0,"key":"LiquidBronze"},{"floor":13.0,"key":"Ancient Potion"}],"is_trial":false,"path_per_floor":["M","?","M","$","M","E","?","E","T","E","R","?","E","?","R","B"],"character_chosen":"THE_SILENT","items_purchased":[],"campfire_rested":1,"item_purchase_floors":[],"current_hp_per_floor":[55,55,55,55,55,45,45,24,24,6,25,20,10,32,32,0],"gold":109,"neow_bonus":"UPGRADE_CARD","is_prod":false,"is_daily":false,"chose_seed":false,"campfire_upgraded":1,"win_rate":0,"timestamp":1548874457,"path_taken":["M","?","M","?","M","E","?","E","T","E","R","?","E","?","R","BOSS"],"build_version":"2019-01-23","purchased_purges":1,"victory":false,"max_hp_per_floor":[66,66,66,66,66,66,66,66,66,66,66,66,66,66,66,66],"card_choices":[{"not_picked":["Prepared","Riddle With Holes"],"picked":"Predator","floor":1.0},{"not_picked":["PiercingWail","Predator"],"picked":"Backstab","floor":3.0},{"not_picked":["Slice","Deadly Poison"],"picked":"Dagger Spray","floor":5.0},{"not_picked":["Endless Agony","Dagger Throw","Slice"],"picked":"SKIP","floor":6.0},{"not_picked":["Prepared","Poisoned Stab"],"picked":"PiercingWail","floor":8.0},{"not_picked":["Tactician","Outmaneuver","Bane"],"picked":"SKIP","floor":10.0},{"not_picked":["Quick Slash","Riddle With Holes"],"picked":"Malaise","floor":13.0}],"player_experience":1100853,"relics_obtained":[{"floor":6.0,"key":"Pocketwatch"},{"floor":8.0,"key":"Darkstone Periapt"},{"floor":9.0,"key":"Blue Candle"},{"floor":10.0,"key":"Mummified Hand"},{"floor":13.0,"key":"Paper Crane"}],"event_choices":[{"damage_healed":0.0,"max_hp_gain":0.0,"max_hp_loss":0.0,"gold_gain":0.0,"event_name":"WeMeetAgain","player_choice":"Gave Potion","floor":2.0,"gold_loss":0.0,"damage_taken":0.0,"relics_obtained":["Art of War"]},{"cards_removed":["Strike_G"],"damage_healed":0.0,"max_hp_gain":0.0,"max_hp_loss":0.0,"gold_gain":0.0,"event_name":"The Cleric","player_choice":"Card Removal","floor":7.0,"gold_loss":75.0,"damage_taken":0.0},{"damage_healed":0.0,"max_hp_gain":0.0,"max_hp_loss":0.0,"gold_gain":0.0,"event_name":"Scrap Ooze","player_choice":"Success","floor":12.0,"gold_loss":0.0,"damage_taken":5.0,"relics_obtained":["Centennial Puzzle"]},{"damage_healed":22.0,"max_hp_gain":0.0,"max_hp_loss":0.0,"gold_gain":0.0,"event_name":"Big Fish","player_choice":"Banana","floor":14.0,"gold_loss":0.0,"damage_taken":0.0}],"is_beta":false,"boss_relics":[],"items_purged_floors":[4],"is_endless":false,"potions_floor_spawned":[1,8,10,13],"killed_by":"Hexaghost","ascension_level":15}