{"path_per_floor":["M","M","?","?","$","E","M","R","T","M","M","M","?","?","R","B",null,"M","$","M","M","?","R","$","?","T","M","M","R"],"character_chosen":"THE_SILENT","items_purchased":["Omamori"],"gold_per_floor":[115,126,126,126,51,84,95,95,95,111,124,140,140,140,140,236,236,255,0,20,30,30,30,30,30,77,94,114,114],"floor_reached":30,"campfire_rested":4,"playtime":2874,"current_hp_per_floor":[70,66,66,71,71,17,17,39,39,29,25,22,22,22,44,22,75,75,75,65,46,46,68,68,68,68,28,13,35],"items_purged":["Defend_G","Strike_G"],"gold":114,"score":244,"play_id":"a492bcc3-3293-4454-a099-9426b02b21aa","local_time":"20180302162034","is_prod":false,"is_daily":false,"is_ascension_mode":true,"campfire_upgraded":0,"timestamp":1520007634,"path_taken":["M","M","?","?","$","E","M","R","T","?","M","M","?","?","R","BOSS","M","$","?","M","?","R","$","?","T","M","M","R","M"],"build_version":"2018-03-01-PROD1","purchased_purges":2,"victory":false,"master_deck":["Defend_G","Defend_G","Defend_G","Defend_G","Strike_G","Strike_G","Strike_G","Strike_G","Survivor","Neutralize","Cloak And Dagger","Storm of Steel+1","Dagger Throw","Underhanded Strike","Expertise","Phantasmal Killer","Deflect+1","Tactician"],"max_hp_per_floor":[70,70,70,75,75,75,75,75,75,75,75,75,75,75,75,75,75,75,75,75,75,75,75,75,75,75,75,75,75],"relics":["Ring of the Snake","Bag of Preparation","Shovel","Philosopher\u0027s Stone","Omamori","Gremlin Horn","Happy Flower"],"card_choices":[{"not_picked":["Bane","Deflect"],"picked":"Cloak And Dagger"},{"not_picked":["Deflect","Poisoned Stab"],"picked":"Storm of Steel"},{"not_picked":["Riddle With Holes","Dodge and Roll"],"picked":"Dagger Throw"},{"not_picked":["Eviscerate","Flechettes"],"picked":"Underhanded Strike"},{"not_picked":["Deflect","Prepared"],"picked":"Expertise"},{"not_picked":["Tools of the Trade","Glass Knife"],"picked":"Phantasmal Killer"},{"not_picked":["Caltrops","Leg Sweep"],"picked":"Deflect"},{"not_picked":["Caltrops","Noxious Fumes"],"picked":"Tactician"}],"player_experience":97584,"potions_floor_usage":[12,16,16,27,28,28],"damage_taken":[{"damage":0.0,"enemies":"Jaw Worm","floor":1.0,"turns":3.0},{"damage":4.0,"enemies":"Small Slimes","floor":2.0,"turns":6.0},{"damage":54.0,"enemies":"Lagavulin","floor":6.0,"turns":14.0},{"damage":0,"enemies":"2 Louse","floor":7,"turns":2},{"damage":10,"enemies":"Looter","floor":10,"turns":3},{"damage":4,"enemies":"Exordium Thugs","floor":11,"turns":3},{"damage":3,"enemies":"Large Slime","floor":12,"turns":8},{"damage":22,"enemies":"Slime Boss","floor":16,"turns":11},{"damage":0,"enemies":"Spheric Guardian","floor":18,"turns":2},{"damage":10,"enemies":"2 Thieves","floor":20,"turns":4},{"damage":19,"enemies":"Centurion and Healer","floor":21,"turns":7},{"damage":40,"enemies":"Cultist and Chosen","floor":27,"turns":10},{"damage":15,"enemies":"3 Cultists","floor":28,"turns":5},{"damage":38,"enemies":"Chosen and Byrds","floor":30,"turns":5}],"event_choices":[{"event_name":"Golden Idol","player_choice":"Ignored","floor":3.0,"damage_taken":0.0},{"event_name":"Big Fish","player_choice":"Donut","floor":4.0,"damage_taken":0.0},{"event_name":"Living Wall","player_choice":"Grow","floor":13,"damage_taken":0},{"event_name":"The Woman in Blue","player_choice":"Bought 0 Potions","floor":14,"damage_taken":0},{"event_name":"The Mausoleum","player_choice":"Yes","floor":22,"damage_taken":0},{"event_name":"Forgotten Altar","player_choice":"Smashed Altar","floor":25,"damage_taken":0}],"boss_relics":[{"not_picked":["Black Star","Calling Bell"],"picked":"Philosopher\u0027s Stone"}],"potions_floor_spawned":[6,7,10,11,16,20,27],"seed_played":"8503896182550868825","killed_by":"Chosen and Byrds","ascension_level":1,"is_trial":false}