{"gold_per_floor":[117,137,147,160,180,180,208,208,208,208,208,241,257,257],"floor_reached":14,"playtime":816,"items_purged":[],"score":204,"play_id":"ca21be95-1ef1-45f6-82e5-ed59ae6fd111","local_time":"20190130001837","is_ascension_mode":true,"campfire_choices":[{"data":"Neutralize","floor":6,"key":"SMITH"},{"data":"Poisoned Stab","floor":8,"key":"SMITH"},{"data":"Flying Knee","floor":10,"key":"SMITH"}],"neow_cost":"NONE","seed_source_timestamp":641839048089160,"circlet_count":0,"master_deck":["AscendersBane","Defend_G","Defend_G","Defend_G","Defend_G","Defend_G","Strike_G","Strike_G","Strike_G","Strike_G","Strike_G","Survivor","Neutralize+1","Flying Knee+1","Poisoned Stab+1","Backflip","Footwork"],"relics":["Ring of the Snake","Dream Catcher","Sundial","Blue Candle"],"potions_floor_usage":[5,7,12,14],"damage_taken":[{"damage":4,"enemies":"Small Slimes","floor":1,"turns":4},{"damage":7,"enemies":"Jaw Worm","floor":2,"turns":4},{"damage":3,"enemies":"Cultist","floor":3,"turns":5},{"damage":0,"enemies":"Large Slime","floor":4,"turns":8},{"damage":0,"enemies":"Exordium Wildlife","floor":5,"turns":4},{"damage":24,"enemies":"3 Sentries","floor":7,"turns":12},{"damage":35,"enemies":"Gremlin Nob","floor":12,"turns":5},{"damage":0,"enemies":"Blue Slaver","floor":13,"turns":5},{"damage":23,"enemies":"Lagavulin","floor":14,"turns":8}],"seed_played":"-6391815508492793833","potions_obtained":[{"floor":2,"key":"Block Potion"},{"floor":3,"key":"LiquidBronze"},{"floor":5,"key":"Swift Potion"},{"floor":13,"key":"Fire Potion"}],"is_trial":false,"path_per_floor":["M","M","M","M","M","R","E","R","T","R","?","E","M","E"],"character_chosen":"THE_SILENT","items_purchased":[],"campfire_rested":0,"item_purchase_floors":[],"current_hp_per_floor":[61,54,51,51,51,51,27,27,27,27,51,16,16,0],"gold":257,"neow_bonus":"TEN_PERCENT_HP_BONUS","is_prod":false,"is_daily":false,"chose_seed":false,"campfire_upgraded":3,"win_rate":0,"timestamp":1548803917,"path_taken":["M","M","M","M","M","R","E","R","T","R","?","E","M","E"],"build_version":"2019-01-23","purchased_purges":0,"victory":false,"max_hp_per_floor":[72,72,72,72,72,72,72,72,72,72,72,72,72,72],"card_choices":[{"not_picked":["Tactician","Acrobatics"],"picked":"Flying Knee","floor":1},{"not_picked":["Blade Dance","Deflect"],"picked":"Poisoned Stab","floor":2},{"not_picked":["Dagger Throw","Prepared"],"picked":"Backflip","floor":3},{"not_picked":["Deadly Poison","Flechettes","Bouncing Flask"],"picked":"SKIP","floor":4},{"not_picked":["Blade Dance","Distraction","Deflect"],"picked":"SKIP","floor":5},{"not_picked":["Bullet Time","Setup","Blade Dance"],"picked":"SKIP","floor":7},{"not_picked":["PiercingWail","Heel Hook"],"picked":"Footwork","floor":12},{"not_picked":["Reflex","Prepared","Outmaneuver"],"picked":"SKIP","floor":13}],"player_experience":1083003,"relics_obtained":[{"floor":7,"key":"Dream Catcher"},{"floor":9,"key":"Sundial"},{"floor":12,"key":"Blue Candle"}],"event_choices":[{"damage_healed":24,"gold_gain":0,"player_choice":"Banana","damage_taken":0,"max_hp_gain":0,"max_hp_loss":0,"event_name":"Big Fish","floor":11,"gold_loss":0}],"is_beta":false,"boss_relics":[],"items_purged_floors":[],"is_endless":false,"potions_floor_spawned":[2,3,5,13],"killed_by":"Lagavulin","ascension_level":20}