{"gold_per_floor":[116,129,129,149,166,191,191,202,202,212,237,237,41,61,61,159,159,179,179,189,203,203,203,220,234,234,234],"floor_reached":27,"playtime":4291,"items_purged":[],"score":229,"play_id":"778659d0-f10f-4664-8b83-0c96ba73b816","local_time":"20190202154606","is_ascension_mode":false,"campfire_choices":[{"floor":7,"key":"REST"},{"data":"Inflame","floor":12,"key":"SMITH"},{"data":"Rampage","floor":15,"key":"SMITH"},{"floor":23,"key":"REST"}],"neow_cost":"","seed_source_timestamp":437885757593,"circlet_count":0,"master_deck":["Strike_R","Strike_R","Strike_R","Strike_R","Defend_R","Defend_R","Defend_R","Defend_R","Bash","Anger+1","Pommel Strike","Iron Wave","Rampage+1","Seeing Red","Ghostly Armor","Impervious","Inflame+1","Fire Breathing","Offering","Anger","Anger+1","Dropkick","Dropkick+1","Thunderclap","Double Tap"],"relics":["Burning Blood","Potion Belt","Dream Catcher","Oddly Smooth Stone","Sling","Sozu","Orichalcum"],"potions_floor_usage":[11,11,16,16],"damage_taken":[{"damage":5,"enemies":"2 Louse","floor":1,"turns":3},{"damage":7,"enemies":"Small Slimes","floor":2,"turns":4},{"damage":1,"enemies":"Cultist","floor":4,"turns":3},{"damage":9,"enemies":"Blue Slaver","floor":5,"turns":3},{"damage":35,"enemies":"Lagavulin","floor":6,"turns":6},{"damage":6,"enemies":"3 Louse","floor":8,"turns":4},{"damage":3,"enemies":"Large Slime","floor":10,"turns":6},{"damage":15,"enemies":"3 Sentries","floor":11,"turns":8},{"damage":5,"enemies":"Lots of Slimes","floor":14,"turns":5},{"damage":29,"enemies":"The Guardian","floor":16,"turns":9},{"damage":6,"enemies":"Shell Parasite","floor":18,"turns":6},{"damage":0,"enemies":"Chosen","floor":20,"turns":4},{"damage":32,"enemies":"Snecko","floor":21,"turns":6},{"damage":31,"enemies":"Chosen and Byrds","floor":24,"turns":5},{"damage":44,"enemies":"Cultist and Chosen","floor":25,"turns":7},{"damage":18,"enemies":"Centurion and Healer","floor":27,"turns":3}],"seed_played":"-5860197753799546682","potions_obtained":[{"floor":2,"key":"Regen Potion"},{"floor":4,"key":"Dexterity Potion"},{"floor":8,"key":"GamblersBrew"},{"floor":11,"key":"Dexterity Potion"},{"floor":14,"key":"LiquidBronze"}],"is_trial":false,"path_per_floor":["M","M","?","M","M","E","R","M","T","M","E","R","$","M","R","B",null,"M","?","M","M","?","R","M","M","T","M"],"character_chosen":"IRONCLAD","items_purchased":["Sling"],"campfire_rested":2,"item_purchase_floors":[13],"current_hp_per_floor":[80,79,79,80,77,48,72,72,72,75,79,79,79,80,80,57,80,80,80,80,54,54,78,53,15,15,0],"gold":234,"neow_bonus":"","is_prod":false,"is_daily":false,"chose_seed":false,"campfire_upgraded":2,"win_rate":0.0,"timestamp":1549143966,"path_taken":["M","M","?","M","M","E","R","M","T","M","E","R","$","M","R","BOSS","M","?","?","M","?","R","M","M","T","M"],"build_version":"2019-01-23","purchased_purges":0,"victory":false,"max_hp_per_floor":[80,80,80,80,80,80,80,80,80,80,80,80,80,80,80,80,80,80,80,80,80,80,80,80,80,80,80],"card_choices":[{"not_picked":["Perfected Strike","Twin Strike"],"picked":"Anger","floor":1},{"not_picked":["Armaments","Flex"],"picked":"Pommel Strike","floor":2},{"not_picked":["Perfected Strike","Ghostly Armor"],"picked":"Iron Wave","floor":4},{"not_picked":["Disarm","Armaments"],"picked":"Rampage","floor":5},{"not_picked":["Body Slam","True Grit"],"picked":"Seeing Red","floor":6},{"not_picked":["Bloodletting","Thunderclap"],"picked":"Ghostly Armor","floor":8},{"not_picked":["Shrug It Off","Pommel Strike"],"picked":"Impervious","floor":10},{"not_picked":["Dropkick","Rupture"],"picked":"Inflame","floor":11},{"not_picked":["Second Wind","Pommel Strike"],"picked":"Fire Breathing","floor":14},{"not_picked":["Dark Embrace","Berserk"],"picked":"Offering","floor":16},{"not_picked":["Rupture","Fire Breathing"],"picked":"Anger","floor":18},{"not_picked":["Flex","Shrug It Off"],"picked":"Anger+1","floor":20},{"not_picked":["Rupture","Anger"],"picked":"Dropkick","floor":21},{"not_picked":["Headbutt","Burning Pact"],"picked":"Dropkick+1","floor":23},{"not_picked":["Power Through","Rupture"],"picked":"Thunderclap","floor":24},{"not_picked":["Armaments","Shrug It Off"],"picked":"Double Tap","floor":25}],"player_experience":0,"relics_obtained":[{"floor":6,"key":"Potion Belt"},{"floor":9,"key":"Dream Catcher"},{"floor":11,"key":"Oddly Smooth Stone"},{"floor":26,"key":"Orichalcum"}],"event_choices":[{"damage_healed":0,"gold_gain":0,"player_choice":"Grow","damage_taken":0,"max_hp_gain":0,"max_hp_loss":0,"event_name":"Living Wall","floor":3,"gold_loss":0,"cards_upgraded":["Anger"]},{"cards_removed":["Strike_R"],"damage_healed":0,"gold_gain":0,"player_choice":"Purged","damage_taken":0,"max_hp_gain":0,"max_hp_loss":0,"event_name":"Purifier","floor":19,"gold_loss":0},{"damage_healed":0,"gold_gain":0,"player_choice":"Ignored","damage_taken":0,"max_hp_gain":0,"max_hp_loss":0,"event_name":"The Mausoleum","floor":22,"gold_loss":0}],"is_beta":false,"boss_relics":[{"not_picked":["Eternal Feather","Runic Dome"],"picked":"Sozu"}],"items_purged_floors":[],"is_endless":false,"potions_floor_spawned":[2,4,8,11,14,21],"killed_by":"Centurion and Healer","ascension_level":0}