{"gold_per_floor":[118,43,63,63,138,138,155,155,178,353,404,154,154,173,173,272,272,289,164,178,191,204,204,214,233,233,253,97,97,126,145,145,145],"floor_reached":33,"playtime":971,"items_purged":["Strike_R","Doubt","Strike_R"],"score":259,"play_id":"15083697-99d6-4652-abe9-937b769934da","local_time":"20190203013337","is_ascension_mode":false,"campfire_choices":[{"data":"Whirlwind","floor":6.0,"key":"SMITH"},{"data":"Bash","floor":8.0,"key":"SMITH"},{"data":"True Grit","floor":13.0,"key":"SMITH"},{"data":"True Grit","floor":15.0,"key":"SMITH"},{"data":"Berserk","floor":23,"key":"SMITH"},{"data":"Whirlwind","floor":29,"key":"SMITH"},{"floor":32,"key":"REST"}],"neow_cost":"PERCENT_DAMAGE","seed_source_timestamp":421173125973,"circlet_count":0,"master_deck":["Strike_R","Strike_R","Defend_R","Defend_R","Defend_R","Defend_R","Bash+1","Whirlwind+1","Headbutt+1","Cleave+1","Inflame","True Grit+1","Havoc","True Grit+1","Berserk+1","Armaments+1","Feel No Pain","Inflame","Armaments+1","Seeing Red","Spot Weakness","Whirlwind+1","Offering","Infernal Blade"],"special_seed":0,"relics":["Burning Blood","Nunchaku","Whetstone","PreservedInsect","Sozu","Shuriken","Centennial Puzzle"],"potions_floor_usage":[16,16],"damage_taken":[{"damage":2.0,"enemies":"Jaw Worm","floor":1.0,"turns":7.0},{"damage":0.0,"enemies":"Small Slimes","floor":3.0,"turns":2.0},{"damage":0.0,"enemies":"2 Louse","floor":7.0,"turns":1.0},{"damage":0.0,"enemies":"Lots of Slimes","floor":14.0,"turns":1.0},{"damage":34,"enemies":"Hexaghost","floor":16,"turns":13},{"damage":0,"enemies":"Chosen","floor":18,"turns":3},{"damage":16,"enemies":"Shell Parasite","floor":20,"turns":7},{"damage":0,"enemies":"Snecko","floor":21,"turns":5},{"damage":19,"enemies":"Centurion and Healer","floor":22,"turns":6},{"damage":13,"enemies":"Sentry and Sphere","floor":24,"turns":4},{"damage":16,"enemies":"Snake Plant","floor":25,"turns":4},{"damage":0,"enemies":"Centurion and Healer","floor":27,"turns":5},{"damage":36,"enemies":"Gremlin Leader","floor":30,"turns":5},{"damage":11,"enemies":"Cultist and Chosen","floor":31,"turns":3},{"damage":47,"enemies":"Collector","floor":33,"turns":6}],"seed_played":"-2977595553804595330","potions_obtained":[{"floor":1.0,"key":"SpeedPotion"},{"floor":7.0,"key":"FearPotion"}],"is_trial":false,"path_per_floor":["M","$","M","?","?","R","M","R","T","?","T","$","R","M","R","B",null,"M","$","M","M","M","R","M","M","T","M","$","R","E","M","R","B"],"character_chosen":"IRONCLAD","items_purchased":["Inflame","True Grit","Havoc","Offering"],"campfire_rested":1,"item_purchase_floors":[12,12,12,28],"current_hp_per_floor":[60,60,66,59,48,48,54,54,54,54,54,54,54,60,60,32,80,80,80,70,76,63,63,56,46,46,52,52,52,22,17,41,0],"gold":145,"neow_bonus":"ONE_RARE_RELIC","is_prod":false,"is_daily":false,"chose_seed":false,"campfire_upgraded":6,"win_rate":0,"timestamp":1549179217,"path_taken":["M","$","M","?","?","R","M","R","T","?","?","$","R","M","R","BOSS","M","$","M","M","M","R","?","M","T","M","$","R","E","?","R","BOSS"],"build_version":"2019-01-23","purchased_purges":3,"victory":false,"max_hp_per_floor":[80,80,80,80,80,80,80,80,80,80,80,80,80,80,80,80,80,80,80,80,80,80,80,80,80,80,80,80,80,80,80,80,80],"card_choices":[{"not_picked":["Rage","Flex"],"picked":"Whirlwind","floor":1.0},{"not_picked":["True Grit","Cleave"],"picked":"Headbutt","floor":3.0},{"not_picked":["Clash","Heavy Blade"],"picked":"Cleave","floor":7.0},{"not_picked":["Iron Wave","Second Wind"],"picked":"True Grit","floor":14.0},{"not_picked":["Juggernaut","Impervious"],"picked":"Berserk","floor":16},{"not_picked":["Cleave","Thunderclap"],"picked":"Armaments+1","floor":18},{"not_picked":["Infernal Blade","Perfected Strike"],"picked":"Feel No Pain","floor":20},{"not_picked":["Twin Strike","Seeing Red+1"],"picked":"Inflame","floor":21},{"not_picked":["Heavy Blade+1","Sentinel+1"],"picked":"Armaments+1","floor":22},{"not_picked":["Havoc","Wild Strike"],"picked":"Seeing Red","floor":24},{"not_picked":["Searing Blow","Infernal Blade"],"picked":"Spot Weakness","floor":25},{"not_picked":["Rage","Body Slam"],"picked":"Whirlwind","floor":27},{"not_picked":["Iron Wave","Dropkick","Pommel Strike"],"picked":"SKIP","floor":30},{"not_picked":["Rupture","Wild Strike"],"picked":"Infernal Blade","floor":31}],"player_experience":708176,"relics_obtained":[{"floor":9.0,"key":"Whetstone"},{"floor":11.0,"key":"PreservedInsect"},{"floor":26,"key":"Shuriken"},{"floor":30,"key":"Centennial Puzzle"}],"event_choices":[{"cards_removed":["Strike_R"],"damage_healed":0.0,"max_hp_gain":0.0,"max_hp_loss":0.0,"gold_gain":0.0,"event_name":"Golden Wing","player_choice":"Card Removal","floor":4.0,"gold_loss":0.0,"damage_taken":7.0},{"damage_healed":0.0,"max_hp_gain":0.0,"max_hp_loss":0.0,"gold_gain":75.0,"event_name":"World of Goop","player_choice":"Gather Gold","floor":5.0,"gold_loss":0.0,"damage_taken":11.0},{"damage_healed":0.0,"max_hp_gain":0.0,"max_hp_loss":0.0,"gold_gain":175.0,"event_name":"Liars Game","player_choice":"AGREE","floor":10.0,"gold_loss":0.0,"damage_taken":0.0,"cards_obtained":["Doubt"]}],"is_beta":false,"boss_relics":[{"not_picked":["Orrery","Snecko Eye"],"picked":"Sozu"}],"items_purged_floors":[2,12,19],"is_endless":false,"potions_floor_spawned":[1,7,21,22,25,30,31],"killed_by":"Collector","ascension_level":0}