{"gold_per_floor":[114,39,58,68,83,83,111,186,186,220,230,230,265,265,265,343,343,363,383,31,42,42,42,69,119,194,194,208,220,220,253,253,324,324,336,336,115,131,142,142,188,142,142,242,252,252,252,265,265,265],"floor_reached":51,"playtime":4480,"items_purged":[],"score":1243,"play_id":"34ae07e8-54e9-4848-bf99-95380acd451b","local_time":"20181227031358","is_ascension_mode":true,"campfire_choices":[{"data":"Sweeping Beam","floor":6.0,"key":"SMITH"},{"floor":12.0,"key":"REST"},{"floor":15.0,"key":"REST"},{"data":"Go for the Eyes","floor":23,"key":"SMITH"},{"data":"Electrodynamics","floor":27,"key":"SMITH"},{"floor":32,"key":"REST"},{"data":"Rainbow","floor":40,"key":"SMITH"},{"data":"Cold Snap","floor":46,"key":"SMITH"},{"floor":49,"key":"REST"}],"neow_cost":"NONE","seed_source_timestamp":289402416084565,"circlet_count":0,"master_deck":["AscendersBane","Defend_B+1","Defend_B+1","Defend_B+1","Defend_B+1","Zap+1","Compile Driver","Sweeping Beam+1","Rainbow+1","BootSequence+1","Coolheaded+1","Cold Snap+1","Hologram+1","Electrodynamics+1","Echo Form+1","Turbo+1","Redo+1","Leap+1","Recycle+1","Secret Technique+1","Go for the Eyes+1","Capacitor","Seek+1","Conserve Battery+1","Multi-Cast+1","Double Energy+1","Skim+1"],"special_seed":0,"relics":["Cracked Core","Toxic Egg 2","Kunai","Thread and Needle","The Courier","Astrolabe","Runic Capacitor","Dead Branch","Bottled Tornado","Red Mask","Busted Crown","Molten Egg 2","Girya","PreservedInsect","Emotion Chip"],"potions_floor_usage":[31,33],"damage_taken":[{"damage":2.0,"enemies":"Jaw Worm","floor":1.0,"turns":3.0},{"damage":0.0,"enemies":"Small Slimes","floor":3.0,"turns":2.0},{"damage":1.0,"enemies":"Cultist","floor":4.0,"turns":3.0},{"damage":6.0,"enemies":"Blue Slaver","floor":5.0,"turns":3.0},{"damage":13.0,"enemies":"Lagavulin","floor":7.0,"turns":6.0},{"damage":19.0,"enemies":"3 Sentries","floor":10.0,"turns":5.0},{"damage":0.0,"enemies":"3 Louse","floor":11.0,"turns":3.0},{"damage":6.0,"enemies":"Gremlin Nob","floor":13.0,"turns":4.0},{"damage":26.0,"enemies":"Slime Boss","floor":16.0,"turns":14.0},{"damage":13.0,"enemies":"2 Thieves","floor":18.0,"turns":3.0},{"damage":0.0,"enemies":"Spheric Guardian","floor":19.0,"turns":3.0},{"damage":0,"enemies":"Cultist and Chosen","floor":21,"turns":4},{"damage":2,"enemies":"Gremlin Leader","floor":24,"turns":6},{"damage":0,"enemies":"Centurion and Healer","floor":28,"turns":4},{"damage":3,"enemies":"Snecko","floor":29,"turns":6},{"damage":0,"enemies":"Masked Bandits","floor":31,"turns":2},{"damage":48,"enemies":"Champ","floor":33,"turns":9},{"damage":0,"enemies":"3 Shapes","floor":35,"turns":2},{"damage":0,"enemies":"Orb Walker","floor":38,"turns":4},{"damage":0,"enemies":"Transient","floor":39,"turns":5},{"damage":0,"enemies":"2 Orb Walkers","floor":41,"turns":1},{"damage":8,"enemies":"Mind Bloom Boss Battle","floor":44,"turns":7},{"damage":0,"enemies":"Spire Growth","floor":45,"turns":5},{"damage":0,"enemies":"4 Shapes","floor":48,"turns":2},{"damage":16,"enemies":"Awakened One","floor":50,"turns":14}],"seed_played":"5690455386861694978","potions_obtained":[{"floor":3.0,"key":"EssenceOfSteel"},{"floor":10.0,"key":"GamblersBrew"},{"floor":11.0,"key":"GamblersBrew"},{"floor":13.0,"key":"FearPotion"},{"floor":18.0,"key":"FocusPotion"},{"floor":24,"key":"FocusPotion"},{"floor":33,"key":"Dexterity Potion"},{"floor":38,"key":"SpeedPotion"},{"floor":39,"key":"Ancient Potion"}],"is_trial":false,"path_per_floor":["M","?","M","M","M","R","E","?","T","E","M","R","E","?","R","B",null,"M","M","$","M","?","R","E","?","T","R","M","M","?","?","R","B",null,"M","?","$","M","M","R","?","$","T","?","M","R","?","M","R","B",null],"character_chosen":"DEFECT","items_purchased":["Runic Capacitor","Secret Technique+1","Molten Egg 2","PowerPotion"],"campfire_rested":4,"item_purchase_floors":[20,20,37,42],"current_hp_per_floor":[62,62,62,61,55,55,42,31,31,12,12,33,27,27,48,22,59,46,46,46,46,46,46,44,44,44,44,44,41,41,41,62,14,57,57,57,57,57,57,57,57,57,57,49,49,49,49,49,67,51],"gold":265,"neow_bonus":"UPGRADE_CARD","is_prod":false,"is_daily":false,"chose_seed":false,"campfire_upgraded":5,"win_rate":0,"timestamp":1545876838,"path_taken":["M","?","M","M","M","R","E","?","T","E","M","R","E","?","R","BOSS","M","M","$","M","?","R","E","?","T","R","M","M","?","?","R","BOSS","M","?","$","M","M","R","?","$","T","?","M","R","?","M","R","BOSS"],"build_version":"2018-12-20","purchased_purges":0,"victory":true,"max_hp_per_floor":[71,71,71,71,71,71,71,71,71,71,71,71,71,71,71,71,71,71,71,71,71,71,71,71,71,71,71,71,71,71,71,71,71,71,71,71,71,71,71,71,71,71,71,71,71,71,67,67,67,67],"card_choices":[{"not_picked":["Turbo","Coolheaded"],"picked":"Compile Driver","floor":1.0},{"not_picked":["Sunder","Chaos"],"picked":"Sweeping Beam","floor":3.0},{"not_picked":["Turbo","Hello World"],"picked":"Rainbow","floor":4.0},{"not_picked":["Chaos","Sweeping Beam","Streamline"],"picked":"SKIP","floor":5.0},{"not_picked":["Gash","Turbo"],"picked":"BootSequence","floor":7.0},{"not_picked":["Steam Power+1","Static Discharge"],"picked":"Coolheaded+1","floor":10.0},{"not_picked":["Beam Cell","Streamline"],"picked":"Cold Snap","floor":11.0},{"not_picked":["Barrage","Force Field+1"],"picked":"Hologram+1","floor":13.0},{"not_picked":["Thunder Strike","Fission+1"],"picked":"Electrodynamics","floor":16.0},{"not_picked":["Stack+1","Streamline"],"picked":"Leap+1","floor":18.0},{"not_picked":["Skim+1","Hologram+1"],"picked":"Recycle+1","floor":19.0},{"not_picked":["BootSequence+1","Beam Cell+1"],"picked":"Go for the Eyes","floor":21},{"not_picked":["Force Field+1","Rebound"],"picked":"Capacitor","floor":24},{"not_picked":["Hello World","Cold Snap","Stack+1"],"picked":"SKIP","floor":28},{"not_picked":["Rebound","Hologram+1"],"picked":"Seek+1","floor":29},{"not_picked":["FTL","Rebound"],"picked":"Conserve Battery+1","floor":31},{"not_picked":["Amplify+1","Hyperbeam"],"picked":"Multi-Cast+1","floor":33},{"not_picked":[],"picked":"Double Energy+1","floor":35},{"not_picked":["Gash+1"],"picked":"SKIP","floor":38},{"not_picked":["Redo+1"],"picked":"SKIP","floor":39},{"not_picked":[],"picked":"Skim+1","floor":44},{"not_picked":["Redo+1"],"picked":"SKIP","floor":45},{"not_picked":["Aggregate+1"],"picked":"SKIP","floor":48}],"player_experience":701733,"relics_obtained":[{"floor":7.0,"key":"Toxic Egg 2"},{"floor":9.0,"key":"Kunai"},{"floor":10.0,"key":"Thread and Needle"},{"floor":13.0,"key":"The Courier"},{"floor":24,"key":"Dead Branch"},{"floor":26,"key":"Bottled Tornado"},{"floor":31,"key":"Red Mask"},{"floor":41,"key":"Girya"},{"floor":43,"key":"PreservedInsect"},{"floor":44,"key":"Emotion Chip"}],"event_choices":[{"cards_removed":["Strike_B"],"damage_healed":0.0,"max_hp_gain":0.0,"max_hp_loss":0.0,"gold_gain":0.0,"event_name":"The Cleric","player_choice":"Card Removal","floor":2.0,"gold_loss":75.0,"damage_taken":0.0},{"damage_healed":0.0,"max_hp_gain":0.0,"max_hp_loss":0.0,"gold_gain":75.0,"event_name":"World of Goop","player_choice":"Gather Gold","floor":8.0,"gold_loss":0.0,"damage_taken":11.0},{"cards_removed":["Strike_B"],"damage_healed":0.0,"max_hp_gain":0.0,"max_hp_loss":0.0,"gold_gain":0.0,"event_name":"Purifier","player_choice":"Purged","floor":14.0,"gold_loss":0.0,"damage_taken":0.0},{"damage_healed":0,"gold_gain":0,"player_choice":"Simplicity","damage_taken":0,"max_hp_gain":0,"max_hp_loss":0,"event_name":"Back to Basics","floor":22,"gold_loss":0,"cards_upgraded":["Defend_B","Defend_B","Defend_B","Defend_B"]},{"damage_healed":0,"gold_gain":50,"player_choice":"Stole From Cult","damage_taken":0,"max_hp_gain":0,"max_hp_loss":0,"event_name":"Nest","floor":25,"gold_loss":0},{"damage_healed":0,"gold_gain":0,"player_choice":"Ignored","damage_taken":0,"max_hp_gain":0,"max_hp_loss":0,"event_name":"The Mausoleum","floor":30,"gold_loss":0},{"damage_healed":0,"gold_gain":0,"player_choice":"Fought Bandits","damage_taken":0,"max_hp_gain":0,"max_hp_loss":0,"event_name":"Masked Bandits","floor":31,"gold_loss":0},{"damage_healed":0,"gold_gain":0,"player_choice":"Memory 1","damage_taken":0,"max_hp_gain":0,"max_hp_loss":0,"event_name":"SensoryStone","floor":36,"gold_loss":0},{"damage_healed":0,"gold_gain":0,"player_choice":"Fight","damage_taken":0,"max_hp_gain":0,"max_hp_loss":0,"event_name":"Mysterious Sphere","floor":41,"gold_loss":0},{"damage_healed":0,"gold_gain":0,"player_choice":"Fight","damage_taken":0,"max_hp_gain":0,"max_hp_loss":0,"event_name":"MindBloom","floor":44,"gold_loss":0},{"damage_healed":0,"gold_gain":0,"player_choice":"Max HP","damage_taken":0,"max_hp_gain":0,"max_hp_loss":4,"event_name":"Winding Halls","floor":47,"gold_loss":0}],"is_beta":false,"boss_relics":[{"not_picked":["Runic Dome","Coffee Dripper"],"picked":"Astrolabe"},{"not_picked":["Calling Bell","Runic Pyramid"],"picked":"Busted Crown"}],"items_purged_floors":[],"is_endless":false,"potions_floor_spawned":[3,10,11,13,18,24,33,38,39,45],"ascension_level":16}