{"gold_per_floor":[119,394,408,426,436,469,469,480,480,114,114,124,139,162,162,258,258,273,273,285,31,31,60,60,60,83,83,114,114,114,132,132,234,234,247,302,302,315,315,315],"floor_reached":40,"playtime":1626,"items_purged":["Regret","Strike_B"],"score":449,"play_id":"dc202d5b-68ef-4683-9638-01ef0005e3c3","local_time":"20190201230257","is_ascension_mode":false,"campfire_choices":[{"data":"Gash","floor":7.0,"key":"SMITH"},{"data":"Gash","floor":11.0,"key":"SMITH"},{"floor":15.0,"key":"REST"},{"floor":24.0,"key":"REST"},{"data":"Gash","floor":25.0,"key":"SMITH"},{"data":"Gash","floor":27.0,"key":"SMITH"},{"floor":32.0,"key":"REST"}],"neow_cost":"NONE","seed_source_timestamp":0,"circlet_count":0,"master_deck":["Strike_B","Strike_B+1","Defend_B","Defend_B","Defend_B","Defend_B","Zap","Dualcast","Barrage","Gash+1","Ball Lightning+1","Sweeping Beam","Gash+1","Coolheaded","Gash+1","Gash+1","Conserve Battery","Hologram","Glacier","Buffer","Gash+1","Steam","Capacitor+1","Buffer+1","Go for the Eyes+1","Barrage+1","Hologram"],"special_seed":0,"relics":["FrozenCore","NeowsBlessing","Dodecahedron","WingedGreaves","DollysMirror","Odd Mushroom","Black Star","Whetstone","Ice Cream","Torii","Bag of Marbles","Pantograph","Frozen Egg 2","FossilizedHelix"],"potions_floor_usage":[36,37,38,40],"damage_taken":[{"damage":0.0,"enemies":"Small Slimes","floor":1.0,"turns":1.0},{"damage":0.0,"enemies":"Cultist","floor":3.0,"turns":1.0},{"damage":0.0,"enemies":"Jaw Worm","floor":4.0,"turns":1.0},{"damage":9.0,"enemies":"Blue Slaver","floor":5.0,"turns":3.0},{"damage":14.0,"enemies":"Gremlin Nob","floor":6.0,"turns":3.0},{"damage":21.0,"enemies":"Gremlin Gang","floor":8.0,"turns":3.0},{"damage":19.0,"enemies":"3 Louse","floor":12.0,"turns":3.0},{"damage":0.0,"enemies":"2 Fungi Beasts","floor":13.0,"turns":2.0},{"damage":0.0,"enemies":"The Mushroom Lair","floor":14.0,"turns":3.0},{"damage":27.0,"enemies":"The Guardian","floor":16.0,"turns":8.0},{"damage":5.0,"enemies":"3 Byrds","floor":18.0,"turns":4.0},{"damage":0.0,"enemies":"Chosen","floor":20.0,"turns":5.0},{"damage":47.0,"enemies":"Gremlin Leader","floor":23.0,"turns":8.0},{"damage":8.0,"enemies":"Book of Stabbing","floor":28.0,"turns":5.0},{"damage":23.0,"enemies":"Snake Plant","floor":31.0,"turns":5.0},{"damage":31.0,"enemies":"Automaton","floor":33.0,"turns":9.0},{"damage":10,"enemies":"3 Darklings","floor":35,"turns":6},{"damage":61,"enemies":"2 Orb Walkers","floor":36,"turns":8},{"damage":0,"enemies":"3 Shapes","floor":38,"turns":4},{"damage":18,"enemies":"Reptomancer","floor":40,"turns":2}],"seed_played":"4453425029500134484","potions_obtained":[{"floor":1.0,"key":"EssenceOfSteel"},{"floor":4.0,"key":"Dexterity Potion"},{"floor":8.0,"key":"Poison Potion"},{"floor":16.0,"key":"Block Potion"},{"floor":35,"key":"Block Potion"},{"floor":37,"key":"Fruit Juice"},{"floor":37,"key":"SteroidPotion"},{"floor":37,"key":"Dexterity Potion"}],"is_trial":false,"path_per_floor":["M","?","M","M","M","E","R","M","T","$","R","M","M","?","R","B",null,"M","?","M","$","?","E","R","R","T","R","E","$","?","M","R","B",null,"M","?","?","M","?","E"],"character_chosen":"DEFECT","items_purchased":["Gash","DollysMirror","Conserve Battery","Whetstone"],"campfire_rested":3,"item_purchase_floors":[10,10,10,21],"current_hp_per_floor":[75,75,75,75,66,52,52,31,31,31,31,12,12,12,34,7,75,70,70,70,70,70,23,45,45,45,45,37,37,37,14,36,30,75,65,4,9,9,9,0],"gold":315,"neow_bonus":"THREE_ENEMY_KILL","is_prod":false,"is_daily":false,"chose_seed":false,"campfire_upgraded":4,"win_rate":0,"timestamp":1549080177,"path_taken":["M","?","M","M","M","E","R","M","T","$","R","?","M","?","R","BOSS","M","?","?","$","?","E","R","R","T","R","E","$","?","M","R","BOSS","M","?","?","?","?","E"],"build_version":"2019-01-23","purchased_purges":2,"victory":false,"max_hp_per_floor":[75,75,75,75,75,75,75,75,75,75,75,75,75,75,75,75,75,75,75,75,75,75,75,75,75,75,75,75,75,75,75,75,75,75,75,75,80,80,80,80],"card_choices":[{"not_picked":["Hello World","Reprogram"],"picked":"Barrage","floor":1.0},{"not_picked":["Rebound","Double Energy"],"picked":"Gash","floor":3.0},{"not_picked":["Beam Cell","Darkness"],"picked":"Ball Lightning","floor":4.0},{"not_picked":["Hologram","BootSequence"],"picked":"Sweeping Beam","floor":5.0},{"not_picked":["Auto Shields","Leap"],"picked":"Gash","floor":6.0},{"not_picked":["Amplify","Go for the Eyes"],"picked":"Coolheaded","floor":8.0},{"not_picked":["Barrage","Tempest"],"picked":"Hologram","floor":12.0},{"not_picked":["Compile Driver","Beam Cell","Hologram"],"picked":"SKIP","floor":13.0},{"not_picked":["Coolheaded","Tempest"],"picked":"Glacier","floor":14.0},{"not_picked":["Amplify","Meteor Strike"],"picked":"Buffer","floor":16.0},{"not_picked":["Sunder","White Noise","Genetic Algorithm+1"],"picked":"SKIP","floor":18.0},{"not_picked":["Cold Snap+1","Turbo","Reprogram+1"],"picked":"SKIP","floor":20.0},{"not_picked":["Beam Cell+1","Conserve Battery"],"picked":"Steam","floor":23.0},{"not_picked":["Electrodynamics","Undo","FTL"],"picked":"SKIP","floor":28.0},{"not_picked":["Barrage","Blizzard"],"picked":"Capacitor+1","floor":31.0},{"not_picked":["Meteor Strike","Amplify"],"picked":"Buffer+1","floor":33.0},{"not_picked":["Melter","Steam+1"],"picked":"Go for the Eyes+1","floor":35},{"not_picked":["Compile Driver","Stack"],"picked":"Barrage+1","floor":36},{"not_picked":["Barrage","Steam+1"],"picked":"Hologram","floor":38}],"player_experience":27646,"relics_obtained":[{"floor":6.0,"key":"Dodecahedron"},{"floor":9.0,"key":"WingedGreaves"},{"floor":14.0,"key":"Odd Mushroom"},{"floor":23.0,"key":"Ice Cream"},{"floor":23.0,"key":"Torii"},{"floor":26.0,"key":"Bag of Marbles"},{"floor":28.0,"key":"Pantograph"},{"floor":28.0,"key":"Frozen Egg 2"},{"floor":36,"key":"FossilizedHelix"}],"event_choices":[{"damage_healed":0.0,"max_hp_gain":0.0,"max_hp_loss":0.0,"gold_gain":275.0,"event_name":"Golden Shrine","player_choice":"Desecrate","floor":2.0,"gold_loss":0.0,"damage_taken":0.0,"cards_obtained":["Regret"]},{"damage_healed":0.0,"max_hp_gain":0.0,"max_hp_loss":0.0,"gold_gain":0.0,"event_name":"Mushrooms","player_choice":"Fought Mushrooms","floor":14.0,"gold_loss":0.0,"damage_taken":0.0},{"damage_healed":0.0,"max_hp_gain":0.0,"max_hp_loss":0.0,"gold_gain":0.0,"cards_transformed":["Strike_B"],"event_name":"Transmorgrifier","player_choice":"Transformed","floor":19.0,"gold_loss":0.0,"damage_taken":0.0,"cards_obtained":["Hello World"]},{"damage_healed":0.0,"max_hp_gain":0.0,"max_hp_loss":0.0,"gold_gain":0.0,"event_name":"The Library","player_choice":"Read","floor":22.0,"gold_loss":0.0,"damage_taken":0.0,"cards_obtained":["Gash"]},{"cards_removed":["Hello World"],"damage_healed":0.0,"max_hp_gain":0.0,"max_hp_loss":0.0,"gold_gain":0.0,"event_name":"Back to Basics","player_choice":"Elegance","floor":30.0,"gold_loss":0.0,"damage_taken":0.0},{"damage_healed":0,"gold_gain":0,"player_choice":"Fight","damage_taken":0,"max_hp_gain":0,"max_hp_loss":0,"event_name":"Mysterious Sphere","floor":36,"gold_loss":0},{"damage_healed":0,"gold_gain":0,"player_choice":"Got Potions","damage_taken":0,"max_hp_gain":0,"max_hp_loss":0,"event_name":"Lab","floor":37,"gold_loss":0},{"damage_healed":0,"gold_gain":0,"player_choice":"Ignored","damage_taken":0,"max_hp_gain":0,"max_hp_loss":0,"event_name":"NoteForYourself","floor":39,"gold_loss":0}],"is_beta":false,"boss_relics":[{"not_picked":["Inserter","Eternal Feather"],"picked":"Black Star"},{"not_picked":["Snecko Eye","Runic Dome"],"picked":"FrozenCore"}],"items_purged_floors":[10,21],"is_endless":false,"potions_floor_spawned":[1,4,8,16,23,35],"killed_by":"Reptomancer","ascension_level":0}