{"gold_per_floor":[11,24,41,18,18,18,50,50,100,29,58,76,93,93,93,93],"floor_reached":16,"playtime":1021,"items_purged":[],"score":116,"play_id":"341d877f-16cc-49d3-b1d0-b974b0f3ac30","local_time":"20190203184312","is_ascension_mode":true,"campfire_choices":[{"floor":6,"key":"RECALL"},{"floor":8,"key":"REST"},{"floor":15,"key":"REST"}],"neow_cost":"NO_GOLD","seed_source_timestamp":39750272894021,"circlet_count":0,"master_deck":["Strike_B","Strike_B","Strike_B+1","Strike_B","Defend_B+1","Defend_B","Defend_B","Defend_B","Zap","Dualcast","Panache","Madness","Cold Snap","Leap","Rebound","Ball Lightning","Melter","Self Repair","Redo","Reboot"],"relics":["Cracked Core","Ancient Tea Set","Regal Pillow","Turnip","Golden Idol"],"potions_floor_usage":[16,16,16],"damage_taken":[{"damage":0,"enemies":"Cultist","floor":1,"turns":3},{"damage":0,"enemies":"2 Louse","floor":2,"turns":2},{"damage":6,"enemies":"Jaw Worm","floor":3,"turns":4},{"damage":25,"enemies":"Gremlin Nob","floor":7,"turns":4},{"damage":18,"enemies":"3 Sentries","floor":11,"turns":8},{"damage":6,"enemies":"3 Louse","floor":12,"turns":4},{"damage":2,"enemies":"Red Slaver","floor":13,"turns":3},{"damage":58,"enemies":"The Guardian","floor":16,"turns":8}],"seed_played":"1551046967070356850","potions_obtained":[{"floor":2,"key":"Ancient Potion"},{"floor":7,"key":"FearPotion"},{"floor":12,"key":"Strength Potion"},{"floor":13,"key":"AttackPotion"}],"is_trial":false,"path_per_floor":["M","M","M","$","?","R","E","R","T","$","E","M","M","?","R","B"],"character_chosen":"DEFECT","items_purchased":["Ball Lightning","Self Repair"],"campfire_rested":2,"item_purchase_floors":[4,10],"current_hp_per_floor":[75,75,69,69,54,54,29,51,51,51,40,34,39,21,58,0],"gold":93,"neow_bonus":"RANDOM_COLORLESS_2","is_prod":false,"is_daily":false,"chose_seed":false,"campfire_upgraded":0,"win_rate":0,"timestamp":1549215792,"path_taken":["M","M","M","$","?","R","E","R","T","$","E","M","M","?","R","BOSS"],"build_version":"2019-01-23","purchased_purges":0,"victory":false,"max_hp_per_floor":[75,75,75,75,75,75,75,75,75,75,75,75,75,75,75,75],"card_choices":[{"not_picked":["Streamline","Go for the Eyes"],"picked":"Cold Snap","floor":1},{"not_picked":["Turbo","Rip and Tear"],"picked":"Leap","floor":2},{"not_picked":["Gash","Reprogram"],"picked":"Rebound","floor":3},{"not_picked":["Chill","Buffer"],"picked":"Melter","floor":7},{"not_picked":["Auto Shields","Steam","Compile Driver"],"picked":"SKIP","floor":11},{"not_picked":["Turbo","Force Field"],"picked":"Redo","floor":12},{"not_picked":["Rebound","Undo"],"picked":"Reboot","floor":13}],"player_experience":100964,"relics_obtained":[{"floor":7,"key":"Ancient Tea Set"},{"floor":9,"key":"Regal Pillow"},{"floor":11,"key":"Turnip"}],"event_choices":[{"damage_healed":0,"gold_gain":0,"player_choice":"Entered Light","damage_taken":15,"max_hp_gain":0,"max_hp_loss":0,"event_name":"Shining Light","floor":5,"gold_loss":0,"cards_upgraded":["Strike_B","Defend_B"]},{"damage_healed":0,"gold_gain":0,"player_choice":"Take Damage","damage_taken":18,"relics_obtained":["Golden Idol"],"max_hp_gain":0,"max_hp_loss":0,"event_name":"Golden Idol","floor":14,"gold_loss":0}],"is_beta":false,"boss_relics":[],"items_purged_floors":[],"is_endless":false,"potions_floor_spawned":[2,7,12,13],"killed_by":"The Guardian","ascension_level":1}