{"gold_per_floor":[118,118,133,144,144,144,173,59,59,77,87,87,87],"floor_reached":13,"playtime":633,"items_purged":["Strike_R"],"score":170,"play_id":"5ce67137-e602-40e1-9fec-0554f960f1c9","local_time":"20190130150630","is_ascension_mode":true,"campfire_choices":[{"data":"Clothesline","floor":6,"key":"SMITH"}],"neow_cost":"NONE","seed_source_timestamp":695293792282387,"circlet_count":0,"master_deck":["AscendersBane","Strike_R","Strike_R","Strike_R","Strike_R","Defend_R+1","Defend_R","Defend_R","Defend_R","Bash+1","Wild Strike","Headbutt+1","Clothesline+1","Double Tap","Battle Trance","Combust","Feel No Pain"],"relics":["Burning Blood","Ornamental Fan","Darkstone Periapt"],"potions_floor_usage":[10],"damage_taken":[{"damage":4,"enemies":"2 Louse","floor":1,"turns":3},{"damage":1,"enemies":"Cultist","floor":3,"turns":3},{"damage":7,"enemies":"Jaw Worm","floor":4,"turns":3},{"damage":22,"enemies":"Lagavulin","floor":7,"turns":5},{"damage":18,"enemies":"Exordium Wildlife","floor":10,"turns":5},{"damage":22,"enemies":"Lots of Slimes","floor":11,"turns":3},{"damage":8,"enemies":"Blue Slaver","floor":13,"turns":1}],"seed_played":"-5024729413938815506","potions_obtained":[{"floor":1,"key":"SmokeBomb"},{"floor":3,"key":"Weak Potion"},{"floor":11,"key":"Fire Potion"}],"is_trial":false,"path_per_floor":["M","?","M","M","?","R","E","$","T","M","M","?","M"],"character_chosen":"IRONCLAD","items_purchased":["Battle Trance"],"campfire_rested":0,"item_purchase_floors":[8],"current_hp_per_floor":[70,70,75,74,51,51,35,35,35,23,7,7,0],"gold":87,"neow_bonus":"THREE_CARDS","is_prod":false,"is_daily":false,"chose_seed":false,"campfire_upgraded":1,"win_rate":0,"timestamp":1548857190,"path_taken":["M","?","M","?","?","R","E","?","T","?","M","?","?"],"build_version":"2019-01-23","purchased_purges":1,"victory":false,"max_hp_per_floor":[75,75,75,75,75,75,75,75,75,75,75,75,75],"card_choices":[{"not_picked":["Clash","Cleave"],"picked":"Wild Strike","floor":0},{"not_picked":["Twin Strike","Cleave"],"picked":"Headbutt","floor":1},{"not_picked":["Wild Strike","Pummel"],"picked":"Clothesline","floor":3},{"not_picked":["Perfected Strike","Bludgeon","Blood for Blood"],"picked":"SKIP","floor":4},{"not_picked":["Clothesline","Whirlwind"],"picked":"Double Tap","floor":7},{"not_picked":["Pommel Strike","Entrench"],"picked":"Combust","floor":10},{"not_picked":["Seeing Red","Clothesline"],"picked":"Feel No Pain","floor":11}],"player_experience":1087202,"relics_obtained":[{"floor":7,"key":"Ornamental Fan"},{"floor":9,"key":"Darkstone Periapt"}],"event_choices":[{"damage_healed":0,"gold_gain":0,"player_choice":"Forge","damage_taken":0,"max_hp_gain":0,"max_hp_loss":0,"event_name":"Accursed Blacksmith","floor":2,"gold_loss":0,"cards_upgraded":["Bash"]},{"damage_healed":0,"gold_gain":0,"player_choice":"Entered Light","damage_taken":23,"max_hp_gain":0,"max_hp_loss":0,"event_name":"Shining Light","floor":5,"gold_loss":0,"cards_upgraded":["Headbutt","Defend_R"]},{"damage_healed":0,"gold_gain":0,"player_choice":"0 cards matched","damage_taken":0,"max_hp_gain":0,"max_hp_loss":0,"event_name":"Match and Keep!","floor":12,"gold_loss":0,"cards_obtained":[]}],"is_beta":false,"boss_relics":[],"items_purged_floors":[8],"is_endless":false,"potions_floor_spawned":[1,3,11],"killed_by":"Blue Slaver","ascension_level":20}