{"gold_per_floor":[113,129,129,142,159,159,169,169,221,232,151,151,151,163,163,266,316,329,329,341,341,341],"floor_reached":22,"playtime":2272,"items_purged":[],"score":178,"play_id":"1ba1473a-8dd5-402d-81d1-10bc0b06c1d2","local_time":"20181223074429","is_ascension_mode":false,"campfire_choices":[{"data":"Strike_R","floor":6.0,"key":"SMITH"},{"data":"Cleave","floor":8.0,"key":"SMITH"},{"data":"Defend_R","floor":13.0,"key":"SMITH"},{"data":"Bash","floor":15.0,"key":"SMITH"}],"neow_cost":"","seed_source_timestamp":0,"circlet_count":0,"master_deck":["Strike_R+1","Strike_R","Strike_R","Strike_R","Strike_R","Defend_R+1","Defend_R","Defend_R","Defend_R","Bash+1","Dropkick","Flame Barrier","Cleave+1","Clothesline","Whirlwind","Headbutt","Blind","Fire Breathing","Demon Form+1","Shrug It Off","Blood for Blood+1","Iron Wave","Bash"],"special_seed":0,"relics":["Burning Blood","Oddly Smooth Stone","Tiny House"],"potions_floor_usage":[18,22],"damage_taken":[{"damage":1.0,"enemies":"Jaw Worm","floor":1.0,"turns":3.0},{"damage":1.0,"enemies":"Cultist","floor":2.0,"turns":3.0},{"damage":2.0,"enemies":"2 Louse","floor":4.0,"turns":3.0},{"damage":7.0,"enemies":"Looter","floor":5.0,"turns":4.0},{"damage":22.0,"enemies":"Gremlin Gang","floor":7.0,"turns":5.0},{"damage":0.0,"enemies":"3 Louse","floor":10.0,"turns":3.0},{"damage":14.0,"enemies":"Large Slime","floor":14.0,"turns":5.0},{"damage":33.0,"enemies":"The Guardian","floor":16.0,"turns":12.0},{"damage":34,"enemies":"2 Thieves","floor":18,"turns":4},{"damage":29,"enemies":"Chosen","floor":20,"turns":6},{"damage":44,"enemies":"Shelled Parasite and Fungi","floor":22,"turns":4}],"seed_played":"8316251687778519178","potions_obtained":[{"floor":4.0,"key":"Fire Potion"},{"floor":7.0,"key":"PowerPotion"},{"floor":10.0,"key":"SteroidPotion"},{"floor":16.0,"key":"Strength Potion"},{"floor":17,"key":"BloodPotion"},{"floor":18,"key":"Swift Potion"}],"is_trial":false,"path_per_floor":["M","M","?","M","M","R","M","R","T","M","$","?","R","M","R","B",null,"M","?","M","?","M"],"character_chosen":"IRONCLAD","items_purchased":["Blind"],"campfire_rested":0,"item_purchase_floors":[11],"current_hp_per_floor":[80,80,72,76,75,75,59,59,59,65,65,80,80,72,72,45,85,57,57,34,34,0],"gold":341,"neow_bonus":"","is_prod":false,"is_daily":false,"chose_seed":false,"campfire_upgraded":4,"win_rate":0.0,"timestamp":1545572669,"path_taken":["M","M","?","M","M","R","M","R","T","M","?","?","R","M","R","BOSS","M","?","M","?","?"],"build_version":"2018-12-20","purchased_purges":0,"victory":false,"max_hp_per_floor":[80,80,80,80,80,80,80,80,80,80,80,80,80,80,80,80,85,85,85,85,85,85],"card_choices":[{"not_picked":["Anger","Rampage"],"picked":"Dropkick","floor":1.0},{"not_picked":["Infernal Blade","Headbutt"],"picked":"Flame Barrier","floor":2.0},{"not_picked":["Sword Boomerang","Hemokinesis"],"picked":"Cleave","floor":4.0},{"not_picked":["Pommel Strike","Warcry"],"picked":"Clothesline","floor":5.0},{"not_picked":["Infernal Blade","Cleave"],"picked":"Whirlwind","floor":7.0},{"not_picked":["Sword Boomerang","Clothesline"],"picked":"Headbutt","floor":10.0},{"not_picked":["Flame Barrier","Armaments"],"picked":"Fire Breathing","floor":14.0},{"not_picked":["Berserk","Dark Embrace"],"picked":"Demon Form","floor":16.0},{"not_picked":["Sword Boomerang","Metallicize"],"picked":"Shrug It Off","floor":17},{"not_picked":["Shrug It Off+1","Intimidate"],"picked":"Blood for Blood+1","floor":18},{"not_picked":["Twin Strike","Sever Soul"],"picked":"Iron Wave","floor":20}],"player_experience":0,"relics_obtained":[{"floor":9.0,"key":"Oddly Smooth Stone"}],"event_choices":[{"damage_healed":0.0,"max_hp_gain":0.0,"max_hp_loss":0.0,"gold_gain":0.0,"event_name":"Wheel of Change","player_choice":"Damaged","floor":3.0,"gold_loss":0.0,"damage_taken":8.0},{"damage_healed":26.0,"max_hp_gain":0.0,"max_hp_loss":0.0,"gold_gain":0.0,"event_name":"Big Fish","player_choice":"Banana","floor":12.0,"gold_loss":0.0,"damage_taken":0.0},{"damage_healed":0,"gold_gain":0,"player_choice":"Ignored","damage_taken":0,"max_hp_gain":0,"max_hp_loss":0,"event_name":"Beggar","floor":19,"gold_loss":0},{"damage_healed":0,"gold_gain":0,"player_choice":"1 cards matched","damage_taken":0,"max_hp_gain":0,"max_hp_loss":0,"event_name":"Match and Keep!","floor":21,"gold_loss":0,"cards_obtained":["Bash"]}],"is_beta":false,"boss_relics":[{"not_picked":["Mark of Pain","Busted Crown"],"picked":"Tiny House"}],"items_purged_floors":[],"is_endless":false,"potions_floor_spawned":[4,7,10,16,18],"killed_by":"Shelled Parasite and Fungi","ascension_level":0}