{"gold_per_floor":[116,116,116,116,131,131,131,165,213,213,223,105,139,191,191,263,263,274,199,222,222,222,257,24,24,78,78,90,90,90,103,103,178,178,198,198,31,42,42,42,57,57],"floor_reached":42,"playtime":2973,"items_purged":["Strike_G","Writhe"],"score":911,"play_id":"602a99b8-3eff-4a97-a58b-5554dd779db9","local_time":"20190129191217","is_ascension_mode":true,"campfire_choices":[{"data":"Neutralize","floor":6.0,"key":"SMITH"},{"data":"Deadly Poison","floor":10.0,"key":"SMITH"},{"data":"Deadly Poison","floor":15.0,"key":"SMITH"},{"floor":25.0,"key":"REST"},{"data":"Noxious Fumes","floor":27.0,"key":"SMITH"},{"data":"Catalyst","floor":30.0,"key":"SMITH"},{"floor":32.0,"key":"REST"},{"data":"Footwork","floor":40.0,"key":"SMITH"}],"neow_cost":"NONE","seed_source_timestamp":621107110047550,"circlet_count":0,"master_deck":["AscendersBane","Defend_G+1","Defend_G+1","Defend_G+1","Defend_G+1","Defend_G+1","Strike_G+1","Strike_G+1","Survivor","Neutralize+1","Well Laid Plans+1","Deadly Poison+1","Deadly Poison+1","Dash","Backstab","Unload","Noxious Fumes+1","Backflip","Catalyst+1","Bouncing Flask+1","Die Die Die","Footwork+1","Dodge and Roll","Footwork+1","Backflip+1"],"special_seed":0,"relics":["Ring of the Snake","NeowsBlessing","Singing Bowl","Shuriken","PreservedInsect","Omamori","Orichalcum","Calling Bell","Snake Skull","Question Card","Prayer Wheel","Potion Belt","Dodecahedron","Ninja Scroll","Vajra","Cursed Key","Bag of Preparation"],"potions_floor_usage":[],"damage_taken":[{"damage":0.0,"enemies":"Jaw Worm","floor":1.0,"turns":1.0},{"damage":0.0,"enemies":"Small Slimes","floor":5.0,"turns":1.0},{"damage":0.0,"enemies":"Lagavulin","floor":8.0,"turns":1.0},{"damage":0.0,"enemies":"2 Louse","floor":11.0,"turns":2.0},{"damage":11.0,"enemies":"Gremlin Nob","floor":13.0,"turns":4.0},{"damage":32.0,"enemies":"The Guardian","floor":16.0,"turns":10.0},{"damage":25.0,"enemies":"Shell Parasite","floor":18.0,"turns":5.0},{"damage":15.0,"enemies":"Gremlin Leader","floor":23.0,"turns":5.0},{"damage":0.0,"enemies":"Chosen","floor":28.0,"turns":3.0},{"damage":0.0,"enemies":"Centurion and Healer","floor":31.0,"turns":6.0},{"damage":5.0,"enemies":"Collector","floor":33.0,"turns":7.0},{"damage":2.0,"enemies":"Orb Walker","floor":35.0,"turns":3.0},{"damage":3.0,"enemies":"3 Shapes","floor":38.0,"turns":4.0},{"damage":28.0,"enemies":"Writhing Mass","floor":41.0,"turns":6.0},{"damage":44,"enemies":"Reptomancer","floor":42,"turns":4}],"seed_played":"-8265075521980373270","potions_obtained":[{"floor":1.0,"key":"EssenceOfSteel"},{"floor":8.0,"key":"Strength Potion"},{"floor":13.0,"key":"SteroidPotion"},{"floor":18.0,"key":"Ancient Potion"},{"floor":31.0,"key":"AttackPotion"}],"is_trial":false,"path_per_floor":["M","?","?","T","M","R","?","E","T","R","M","$","E","T","R","B",null,"M","?","T","?","T","E","$","R","T","R","M","?","R","M","R","B",null,"M","?","$","M","$","R","M","E"],"character_chosen":"THE_SILENT","items_purchased":["Dash","Backflip","Dexterity Potion","SpeedPotion","Bag of Preparation"],"campfire_rested":2,"item_purchase_floors":[12,24,24,24,37],"current_hp_per_floor":[59,59,52,52,52,52,52,52,52,52,52,52,41,41,41,9,52,29,29,29,29,29,16,16,37,37,37,37,37,37,41,63,58,70,70,70,70,69,69,69,41,0],"gold":57,"neow_bonus":"THREE_ENEMY_KILL","is_prod":false,"is_daily":false,"chose_seed":false,"campfire_upgraded":6,"win_rate":0,"timestamp":1548785537,"path_taken":["M","?","?","?","M","R","?","E","T","R","M","?","E","?","R","BOSS","M","?","?","?","?","E","$","R","T","R","?","?","R","M","R","BOSS","M","?","$","?","?","R","?","E"],"build_version":"2019-01-23","purchased_purges":2,"victory":false,"max_hp_per_floor":[66,66,66,66,66,66,66,66,66,66,66,66,66,66,66,66,66,68,68,68,68,68,70,70,70,70,70,70,70,70,74,74,74,74,76,76,76,78,78,78,78,78],"card_choices":[{"not_picked":["Masterful Stab","Cloak And Dagger","Prepared"],"picked":"SKIP","floor":1.0},{"not_picked":["Acrobatics","Poisoned Stab"],"picked":"Well Laid Plans","floor":5.0},{"not_picked":["Deflect","Bane"],"picked":"Deadly Poison","floor":8.0},{"not_picked":["Caltrops","Bane"],"picked":"Deadly Poison","floor":11.0},{"not_picked":["Burst","Expertise"],"picked":"Backstab","floor":13.0},{"not_picked":["Envenom","Bullet Time"],"picked":"Unload","floor":16.0},{"not_picked":["Eviscerate","Dagger Throw","Sucker Punch"],"picked":"Noxious Fumes","floor":18.0},{"not_picked":["Dagger Throw","Blur","Bane","Outmaneuver"],"picked":"Singing Bowl","floor":18.0},{"not_picked":["Bullet Time","Infinite Blades","Blur","Acrobatics"],"picked":"Singing Bowl","floor":23.0},{"not_picked":["Leg Sweep","Acrobatics","Dagger Throw"],"picked":"Catalyst","floor":28.0},{"not_picked":["Prepared","Sucker Punch","Dagger Spray"],"picked":"Bouncing Flask+1","floor":28.0},{"not_picked":["Concentrate","Sucker Punch","Predator","Blade Dance"],"picked":"Singing Bowl","floor":31.0},{"not_picked":["Quick Slash+1","Tools of the Trade","Acrobatics","Deadly Poison"],"picked":"Singing Bowl","floor":31.0},{"not_picked":["A Thousand Cuts","Doppelganger","Envenom"],"picked":"Die Die Die","floor":33.0},{"not_picked":["Blade Dance","Caltrops","Acrobatics"],"picked":"Footwork","floor":35.0},{"not_picked":["Terror+1","Heel Hook","Dagger Spray","Flying Knee"],"picked":"Singing Bowl","floor":35.0},{"not_picked":["Flying Knee","Blade Dance","Leg Sweep"],"picked":"Dodge and Roll","floor":38.0},{"not_picked":["Heel Hook+1","Poisoned Stab","Dagger Spray","Acrobatics+1"],"picked":"Singing Bowl","floor":38.0},{"not_picked":["Noxious Fumes","Blade Dance+1","Crippling Poison"],"picked":"Footwork+1","floor":41.0},{"not_picked":["Riddle With Holes","Heel Hook","Leg Sweep"],"picked":"Backflip+1","floor":41.0}],"player_experience":1067134,"relics_obtained":[{"floor":4.0,"key":"Singing Bowl"},{"floor":8.0,"key":"Shuriken"},{"floor":9.0,"key":"PreservedInsect"},{"floor":13.0,"key":"Omamori"},{"floor":14.0,"key":"Orichalcum"},{"floor":17.0,"key":"Snake Skull"},{"floor":17.0,"key":"Question Card"},{"floor":17.0,"key":"Prayer Wheel"},{"floor":20.0,"key":"Potion Belt"},{"floor":22.0,"key":"Dodecahedron"},{"floor":23.0,"key":"Ninja Scroll"},{"floor":26.0,"key":"Vajra"}],"event_choices":[{"damage_healed":0.0,"max_hp_gain":0.0,"max_hp_loss":0.0,"gold_gain":0.0,"event_name":"Liars Game","player_choice":"Ignored","floor":2.0,"gold_loss":0.0,"damage_taken":0.0},{"cards_removed":["Strike_G"],"damage_healed":0.0,"max_hp_gain":0.0,"max_hp_loss":0.0,"gold_gain":0.0,"event_name":"Golden Wing","player_choice":"Card Removal","floor":3.0,"gold_loss":0.0,"damage_taken":7.0},{"damage_healed":0.0,"max_hp_gain":0.0,"max_hp_loss":0.0,"gold_gain":0.0,"event_name":"Living Wall","player_choice":"Grow","floor":7.0,"gold_loss":0.0,"damage_taken":0.0,"cards_upgraded":["Well Laid Plans"]},{"cards_removed":["Strike_G"],"damage_healed":0.0,"max_hp_gain":0.0,"max_hp_loss":0.0,"gold_gain":0.0,"event_name":"Beggar","player_choice":"Gave Gold","floor":19.0,"gold_loss":75.0,"damage_taken":0.0},{"damage_healed":0.0,"max_hp_gain":0.0,"max_hp_loss":0.0,"gold_gain":0.0,"event_name":"The Mausoleum","player_choice":"Ignored","floor":21.0,"gold_loss":0.0,"damage_taken":0.0},{"damage_healed":0.0,"max_hp_gain":0.0,"max_hp_loss":0.0,"gold_gain":0.0,"event_name":"Back to Basics","player_choice":"Simplicity","floor":29.0,"gold_loss":0.0,"damage_taken":0.0,"cards_upgraded":["Defend_G","Defend_G","Defend_G","Defend_G","Defend_G","Strike_G","Strike_G"]},{"damage_healed":0.0,"max_hp_gain":0.0,"max_hp_loss":0.0,"gold_gain":0.0,"event_name":"SecretPortal","player_choice":"Ignored","floor":36.0,"gold_loss":0.0,"damage_taken":0.0}],"is_beta":false,"boss_relics":[{"not_picked":["Tiny House","Coffee Dripper"],"picked":"Calling Bell"},{"not_picked":["Pandora\u0027s Box","Runic Pyramid"],"picked":"Cursed Key"}],"items_purged_floors":[12,24],"is_endless":false,"potions_floor_spawned":[1,8,13,18,31],"killed_by":"Reptomancer","ascension_level":20}