{"gold_per_floor":[110,42,62,76,93,93,112,112,135,165,165,236,39,57,57,156,156,173,173,189,189,189,220,220,220],"floor_reached":25,"playtime":1514,"items_purged":["Strike_R"],"score":285,"play_id":"0d6bd8f0-7b19-48e4-b36f-446696933e51","local_time":"20181217195244","is_ascension_mode":true,"campfire_choices":[{"data":"Bash","floor":6,"key":"SMITH"},{"data":"Iron Wave","floor":8,"key":"SMITH"},{"data":"Demon Form","floor":11,"key":"SMITH"},{"data":"Heavy Blade","floor":15,"key":"SMITH"},{"floor":24,"key":"REST"}],"neow_cost":"NONE","seed_source_timestamp":2843757459246968,"circlet_count":0,"master_deck":["Strike_R","Strike_R","Strike_R","Strike_R","Defend_R","Defend_R+1","Defend_R","Defend_R","Bash+1","Iron Wave+1","Spot Weakness+1","Anger","Cleave","Clothesline","Sword Boomerang","Demon Form+1","Heavy Blade+1","Inflame","Dark Embrace","Twin Strike","Ghostly Armor","Sword Boomerang+1","RitualDagger","Decay","Flame Barrier"],"relics":["Burning Blood","NeowsBlessing","Potion Belt","Lantern","Nloth\u0027s Gift","War Paint"],"potions_floor_usage":[20,23],"damage_taken":[{"damage":0,"enemies":"Small Slimes","floor":1,"turns":1},{"damage":0,"enemies":"2 Louse","floor":3,"turns":1},{"damage":0,"enemies":"Cultist","floor":4,"turns":1},{"damage":23,"enemies":"Exordium Wildlife","floor":5,"turns":4},{"damage":16,"enemies":"Large Slime","floor":7,"turns":6},{"damage":26,"enemies":"Gremlin Nob","floor":10,"turns":4},{"damage":0,"enemies":"Looter","floor":14,"turns":4},{"damage":0,"enemies":"Slime Boss","floor":16,"turns":5},{"damage":19,"enemies":"Shell Parasite","floor":18,"turns":6},{"damage":9,"enemies":"Chosen","floor":20,"turns":6},{"damage":49,"enemies":"Slavers","floor":23,"turns":4},{"damage":45,"enemies":"Gremlin Leader","floor":25,"turns":4}],"seed_played":"6997199528450461697","potions_obtained":[{"floor":5,"key":"SpeedPotion"},{"floor":7,"key":"Strength Potion"},{"floor":10,"key":"SkillPotion"},{"floor":16,"key":"Dexterity Potion"},{"floor":20,"key":"Swift Potion"}],"is_trial":false,"path_per_floor":["M","$","M","M","M","R","M","R","T","E","R","?","$","M","R","B",null,"M","?","M","?","?","E","R","E"],"character_chosen":"IRONCLAD","items_purchased":["Spot Weakness","Heavy Blade","Inflame"],"campfire_rested":1,"item_purchase_floors":[2,13,13],"current_hp_per_floor":[80,80,80,80,63,63,53,53,53,33,33,33,33,39,39,45,80,67,67,64,58,58,15,39,0],"gold":220,"neow_bonus":"THREE_ENEMY_KILL","is_prod":false,"is_daily":false,"chose_seed":false,"campfire_upgraded":4,"win_rate":0,"timestamp":1545097964,"path_taken":["M","$","M","M","M","R","M","R","T","E","R","?","$","M","R","BOSS","M","?","?","?","?","E","R","E"],"build_version":"2018-12-13","purchased_purges":1,"victory":false,"max_hp_per_floor":[80,80,80,80,80,80,80,80,80,80,80,80,80,80,80,80,80,80,80,80,80,80,80,80,80],"card_choices":[{"not_picked":["Clash","Warcry"],"picked":"Iron Wave","floor":1},{"not_picked":["Armaments","Clash"],"picked":"Anger","floor":3},{"not_picked":["Dropkick","Rampage"],"picked":"Cleave","floor":4},{"not_picked":["Body Slam","Sentinel"],"picked":"Clothesline","floor":5},{"not_picked":["Fire Breathing","Combust"],"picked":"Sword Boomerang","floor":7},{"not_picked":["Anger","Warcry"],"picked":"Demon Form","floor":10},{"not_picked":["Perfected Strike","Blood for Blood","Thunderclap"],"picked":"SKIP","floor":14},{"not_picked":["Demon Form","Reaper"],"picked":"Dark Embrace","floor":16},{"not_picked":["Searing Blow","Corruption"],"picked":"Twin Strike","floor":17},{"not_picked":["Evolve","Twin Strike"],"picked":"Ghostly Armor","floor":17},{"not_picked":["Twin Strike","Demon Form"],"picked":"Sword Boomerang+1","floor":18},{"not_picked":["Bloodletting","Body Slam+1","Sword Boomerang+1"],"picked":"SKIP","floor":20},{"not_picked":["Clash","Anger"],"picked":"Flame Barrier","floor":23}],"player_experience":218485,"relics_obtained":[{"floor":9,"key":"Potion Belt"},{"floor":10,"key":"Lantern"},{"floor":23,"key":"War Paint"}],"event_choices":[{"damage_healed":0,"gold_gain":71,"player_choice":"Gained Gold","damage_taken":0,"max_hp_gain":0,"max_hp_loss":0,"event_name":"Golden Wing","floor":12,"gold_loss":0},{"damage_healed":0,"gold_gain":0,"player_choice":"Traded Relic","damage_taken":0,"relics_obtained":["Nloth\u0027s Gift"],"max_hp_gain":0,"max_hp_loss":0,"event_name":"N\u0027loth","floor":19,"relics_lost":["Orrery"],"gold_loss":0},{"damage_healed":0,"gold_gain":0,"player_choice":"Joined the Cult","damage_taken":6,"max_hp_gain":0,"max_hp_loss":0,"event_name":"Nest","floor":21,"gold_loss":0,"cards_obtained":["RitualDagger"]},{"damage_healed":0,"gold_gain":0,"player_choice":"Smashed Altar","damage_taken":0,"max_hp_gain":0,"max_hp_loss":0,"event_name":"Forgotten Altar","floor":22,"gold_loss":0,"cards_obtained":["Decay"]}],"is_beta":false,"boss_relics":[{"not_picked":["Coffee Dripper","Black Star"],"picked":"Orrery"}],"items_purged_floors":[13],"is_endless":false,"potions_floor_spawned":[5,7,10,16,20],"killed_by":"Gremlin Leader","ascension_level":1}