{"gold_per_floor":[113,124,124,0,0,0,40,2,27,42,42,61,61,102,102,195,195,213,43,43,43,67,67,67],"floor_reached":24,"playtime":2678,"items_purged":["Strike_B","Strike_B"],"score":354,"play_id":"e79dd52d-580b-4403-a8d6-468831005c13","local_time":"20190203151823","is_ascension_mode":true,"campfire_choices":[{"floor":6.0,"key":"REST"},{"data":"Zap","floor":11.0,"key":"SMITH"},{"floor":15.0,"key":"REST"},{"data":"Electrodynamics","floor":23,"key":"SMITH"}],"neow_cost":"PERCENT_DAMAGE","seed_source_timestamp":0,"circlet_count":0,"master_deck":["AscendersBane","Strike_B+1","Strike_B","Defend_B","Defend_B","Defend_B","Defend_B","Zap+1","Dualcast","Reinforced Body","Cold Snap+1","Cold Snap","Coolheaded","Doom and Gloom+1","Compile Driver","Recycle","Electrodynamics+1","Conserve Battery","Tempest"],"special_seed":0,"relics":["Cracked Core","Unceasing Top","Golden Idol","The Courier","Juzu Bracelet","Blood Vial","Sozu","Tiny Chest"],"potions_floor_usage":[],"damage_taken":[{"damage":7.0,"enemies":"Jaw Worm","floor":1.0,"turns":3.0},{"damage":0.0,"enemies":"2 Louse","floor":2.0,"turns":3.0},{"damage":17.0,"enemies":"Lagavulin","floor":7.0,"turns":7.0},{"damage":0.0,"enemies":"Cultist","floor":10.0,"turns":4.0},{"damage":1.0,"enemies":"Blue Slaver","floor":12.0,"turns":4.0},{"damage":3.0,"enemies":"3 Sentries","floor":14.0,"turns":4.0},{"damage":36.0,"enemies":"Hexaghost","floor":16.0,"turns":15.0},{"damage":19.0,"enemies":"3 Byrds","floor":18.0,"turns":4.0},{"damage":6,"enemies":"Spheric Guardian","floor":22,"turns":3},{"damage":48,"enemies":"Book of Stabbing","floor":24,"turns":5}],"seed_played":"-1525560570681095134","potions_obtained":[{"floor":2.0,"key":"Weak Potion"},{"floor":10.0,"key":"SteroidPotion"},{"floor":14.0,"key":"FearPotion"}],"is_trial":false,"path_per_floor":["M","M","?","$","?","R","E","$","T","M","R","M","?","E","R","B",null,"M","$","?","?","M","R","E"],"character_chosen":"DEFECT","items_purchased":["Cold Snap","Fire Potion","Tiny Chest"],"campfire_rested":2,"item_purchase_floors":[4,8,19],"current_hp_per_floor":[39,39,39,39,20,39,22,22,22,22,22,21,21,18,37,3,49,32,32,32,45,41,41,0],"gold":67,"neow_bonus":"ONE_RARE_RELIC","is_prod":false,"is_daily":false,"chose_seed":false,"campfire_upgraded":2,"win_rate":0,"timestamp":1549203503,"path_taken":["M","M","?","$","?","R","E","$","T","M","R","M","?","E","R","BOSS","M","$","?","?","M","R","E"],"build_version":"2019-01-23","purchased_purges":2,"victory":false,"max_hp_per_floor":[71,71,64,64,64,64,64,64,64,64,64,64,64,64,64,64,64,64,64,64,64,64,64,64],"card_choices":[{"not_picked":["Coolheaded","Melter"],"picked":"Reinforced Body","floor":1.0},{"not_picked":["Leap","Barrage"],"picked":"Cold Snap","floor":2.0},{"not_picked":["Go for the Eyes","Hello World"],"picked":"Coolheaded","floor":7.0},{"not_picked":["Go for the Eyes","Skim"],"picked":"Doom and Gloom","floor":10.0},{"not_picked":["All For One","Turbo"],"picked":"Compile Driver","floor":12.0},{"not_picked":["Turbo","Sunder"],"picked":"Recycle","floor":14.0},{"not_picked":["Buffer","Rainbow"],"picked":"Electrodynamics","floor":16.0},{"not_picked":["Stack","Auto Shields"],"picked":"Conserve Battery","floor":18.0},{"not_picked":["Rip and Tear","Sweeping Beam"],"picked":"Tempest","floor":22}],"player_experience":1165354,"relics_obtained":[{"floor":7.0,"key":"The Courier"},{"floor":9.0,"key":"Juzu Bracelet"},{"floor":14.0,"key":"Blood Vial"}],"event_choices":[{"damage_healed":0.0,"max_hp_gain":0.0,"max_hp_loss":7.0,"gold_gain":0.0,"event_name":"Golden Idol","player_choice":"Lose Max HP","floor":3.0,"gold_loss":0.0,"damage_taken":0.0,"relics_obtained":["Golden Idol"]},{"damage_healed":0.0,"max_hp_gain":0.0,"max_hp_loss":0.0,"gold_gain":0.0,"event_name":"Shining Light","player_choice":"Entered Light","floor":5.0,"gold_loss":0.0,"damage_taken":19.0,"cards_upgraded":["Strike_B","Cold Snap"]},{"damage_healed":0.0,"max_hp_gain":0.0,"max_hp_loss":0.0,"gold_gain":0.0,"event_name":"Living Wall","player_choice":"Grow","floor":13.0,"gold_loss":0.0,"damage_taken":0.0,"cards_upgraded":["Doom and Gloom"]},{"damage_healed":13.0,"max_hp_gain":0.0,"max_hp_loss":0.0,"gold_gain":0.0,"event_name":"The Library","player_choice":"Heal","floor":21.0,"gold_loss":0.0,"damage_taken":0.0}],"is_beta":false,"boss_relics":[{"not_picked":["Coffee Dripper","Philosopher\u0027s Stone"],"picked":"Sozu"}],"items_purged_floors":[4,19],"is_endless":false,"potions_floor_spawned":[2,10,14],"killed_by":"Book of Stabbing","ascension_level":15}