{"gold_per_floor":[113,113,63,73,93,93,109,109,109,109,125,14,14,34,34,135,135,146,146,146,71,71,71,100,118,141,41,51,51],"floor_reached":29,"playtime":1994,"items_purged":["Strike_B","Defend_B"],"score":233,"play_id":"3ccf644f-a5d4-46f4-98a5-61f03906ac31","local_time":"20180702181543","is_ascension_mode":false,"campfire_choices":[{"data":"Zap","floor":6,"key":"SMITH"},{"data":"Gash","floor":8,"key":"SMITH"},{"data":"Redo","floor":13,"key":"SMITH"},{"floor":15,"key":"REST"},{"data":"Gash","floor":23,"key":"SMITH"}],"neow_cost":"","seed_source_timestamp":755516866440,"circlet_count":0,"master_deck":["Strike_B+1","Defend_B+1","Zap+1","Dualcast","Redo","Conserve Battery","Gash+1","Redo+1","Glacier","Static Discharge","Rainbow","Gash+1"],"relics":["Cracked Core","Bottled Flame","Nuclear Battery","Singing Bowl","Regal Pillow"],"potions_floor_usage":[7,11,14,16,24,25,29],"damage_taken":[{"damage":0,"enemies":"Small Slimes","floor":1,"turns":3},{"damage":0,"enemies":"Cultist","floor":4,"turns":2},{"damage":1,"enemies":"Jaw Worm","floor":5,"turns":3},{"damage":6,"enemies":"3 Louse","floor":7,"turns":2},{"damage":2,"enemies":"Lots of Slimes","floor":11,"turns":3},{"damage":1,"enemies":"Large Slime","floor":14,"turns":5},{"damage":47,"enemies":"Slime Boss","floor":16,"turns":11},{"damage":3,"enemies":"3 Byrds","floor":18,"turns":5},{"damage":39,"enemies":"Slavers","floor":24,"turns":6},{"damage":3,"enemies":"Shell Parasite","floor":25,"turns":5},{"damage":20,"enemies":"Snecko","floor":28,"turns":5},{"damage":17,"enemies":"Slaver and Parasite","floor":29,"turns":4}],"seed_played":"-6545112735156236912","potions_obtained":[{"floor":1,"key":"Block Potion"},{"floor":4,"key":"Explosive Potion"},{"floor":5,"key":"Block Potion"},{"floor":7,"key":"SteroidPotion"},{"floor":20,"key":"FearPotion"},{"floor":20,"key":"GamblersBrew"},{"floor":20,"key":"Weak Potion"},{"floor":24,"key":"SteroidPotion"},{"floor":28,"key":"GamblersBrew"}],"is_trial":false,"path_per_floor":["M","?","?","M","M","R","M","R","T","?","M","$","R","M","R","B",null,"M","?","?","?","?","R","E","M","T","$","M"],"character_chosen":"DEFECT","items_purchased":["Glacier"],"campfire_rested":1,"item_purchase_floors":[12],"current_hp_per_floor":[75,75,75,75,74,74,68,68,68,53,51,51,51,50,72,25,75,72,72,72,72,72,72,35,34,34,34,16,0],"gold":51,"neow_bonus":"","is_prod":false,"is_daily":false,"chose_seed":false,"campfire_upgraded":4,"win_rate":1,"timestamp":1530551743,"path_taken":["M","?","?","M","M","R","M","R","T","?","M","$","R","M","R","BOSS","M","?","?","?","?","R","E","M","T","?","M","M"],"build_version":"2018-06-28","purchased_purges":2,"victory":false,"max_hp_per_floor":[75,75,75,75,75,75,75,75,75,75,75,75,75,75,75,75,75,75,75,75,75,75,75,77,79,79,79,81,81],"card_choices":[{"not_picked":["Hello World","Rebound"],"picked":"Redo","floor":1},{"not_picked":["Sweeping Beam","Heatsinks"],"picked":"Conserve Battery","floor":4},{"not_picked":["Scrape","Force Field"],"picked":"Gash","floor":5},{"not_picked":["Streamline","Hologram","Steam Power"],"picked":"SKIP","floor":7},{"not_picked":["Self Repair","Streamline"],"picked":"Redo","floor":11},{"not_picked":["Redo","Rip and Tear"],"picked":"Static Discharge","floor":14},{"not_picked":["Buffer","Reboot"],"picked":"Rainbow","floor":16},{"not_picked":["Lockon","Stack"],"picked":"Gash","floor":18},{"not_picked":["Redo","Reprogram+1","Undo"],"picked":"Singing Bowl","floor":24},{"not_picked":["Blizzard","Static Discharge","Redo"],"picked":"Singing Bowl","floor":25},{"not_picked":["Hello World","Steam Power+1","Hologram"],"picked":"Singing Bowl","floor":28}],"player_experience":207661,"relics_obtained":[{"floor":9,"key":"Bottled Flame"},{"floor":24,"key":"Singing Bowl"},{"floor":26,"key":"Regal Pillow"}],"event_choices":[{"event_name":"Purifier","player_choice":"One Purge","floor":2,"damage_taken":0},{"event_name":"The Cleric","player_choice":"Card Removal","floor":3,"damage_taken":0},{"event_name":"Shining Light","player_choice":"Entered Light","floor":10,"damage_taken":0},{"event_name":"Back to Basics","player_choice":"Elegance","floor":19,"damage_taken":0},{"event_name":"The Lab","player_choice":"Got Potions","floor":20,"damage_taken":0},{"event_name":"Beggar","player_choice":"Gave Gold","floor":21,"damage_taken":0},{"event_name":"Drug Dealer","player_choice":"Ignored","floor":22,"damage_taken":0}],"boss_relics":[{"not_picked":["Inserter","Busted Crown"],"picked":"Nuclear Battery"}],"items_purged_floors":[12,27],"is_endless":false,"potions_floor_spawned":[1,4,5,7,24,28],"killed_by":"Slaver and Parasite","ascension_level":0}