{"gold_per_floor":[116,132,112,123,67,67,125,125,173,192,37,67,77,94,94,171,171,171,171,171,171,171,171,71,71,71,71,71,71,71,71],"floor_reached":31,"playtime":2059,"items_purged":["Strike_B","Strike_B"],"score":542,"play_id":"f5fc0980-c6a7-4a82-9663-080893bc7f20","local_time":"20190106121657","is_ascension_mode":true,"campfire_choices":[{"data":"Ball Lightning","floor":6.0,"key":"SMITH"},{"data":"Defragment","floor":8.0,"key":"SMITH"},{"floor":15.0,"key":"REST"},{"floor":23.0,"key":"REST"},{"floor":28.0,"key":"REST"}],"neow_cost":"PERCENT_DAMAGE","seed_source_timestamp":40850643264358,"circlet_count":0,"master_deck":["AscendersBane","Strike_B","Strike_B","Defend_B","Defend_B","Defend_B","Defend_B","Zap","Dualcast","Electrodynamics","Tempest","Go for the Eyes","Ball Lightning+1","Defragment+1","Steam","Chill","BootSequence","Coolheaded","Multi-Cast","Ghostly","Ghostly","Ghostly","Static Discharge"],"special_seed":0,"relics":["Cracked Core","Tiny Chest","Anchor","Lantern","Ectoplasm","Darkstone Periapt","Dream Catcher","Blood Vial","Strawberry"],"potions_floor_usage":[],"damage_taken":[{"damage":1.0,"enemies":"2 Louse","floor":1.0,"turns":2.0},{"damage":1.0,"enemies":"Cultist","floor":2.0,"turns":3.0},{"damage":7.0,"enemies":"Small Slimes","floor":4.0,"turns":3.0},{"damage":6.0,"enemies":"Gremlin Nob","floor":7.0,"turns":3.0},{"damage":8.0,"enemies":"Blue Slaver","floor":10.0,"turns":3.0},{"damage":24.0,"enemies":"Lagavulin","floor":12.0,"turns":6.0},{"damage":0.0,"enemies":"Red Slaver","floor":13.0,"turns":2.0},{"damage":0.0,"enemies":"Exordium Wildlife","floor":14.0,"turns":2.0},{"damage":5.0,"enemies":"Hexaghost","floor":16.0,"turns":7.0},{"damage":22.0,"enemies":"3 Byrds","floor":18.0,"turns":3.0},{"damage":16.0,"enemies":"Chosen","floor":19.0,"turns":6.0},{"damage":11.0,"enemies":"Snake Plant","floor":22.0,"turns":3.0},{"damage":4.0,"enemies":"3 Cultists","floor":25.0,"turns":4.0},{"damage":10.0,"enemies":"Book of Stabbing","floor":27.0,"turns":7.0},{"damage":15.0,"enemies":"Gremlin Leader","floor":30.0,"turns":6.0},{"damage":11,"enemies":"Cultist and Chosen","floor":31,"turns":4}],"seed_played":"-4305612933728457481","potions_obtained":[{"floor":1.0,"key":"Weak Potion"},{"floor":3.0,"key":"SneckoOil"},{"floor":10.0,"key":"Swift Potion"},{"floor":12.0,"key":"PowerPotion"},{"floor":14.0,"key":"Block Potion"},{"floor":22.0,"key":"SpeedPotion"},{"floor":25.0,"key":"Weak Potion"},{"floor":27.0,"key":"Poison Potion"},{"floor":30.0,"key":"SpeedPotion"}],"is_trial":false,"path_per_floor":["M","M","?","M","$","R","E","R","T","M","$","E","M","M","R","B",null,"M","M","?","?","M","R","$","M","T","E","R","T","E","M"],"character_chosen":"DEFECT","items_purchased":["Ball Lightning","Regen Potion"],"campfire_rested":3,"item_purchase_floors":[5,11],"current_hp_per_floor":[45,44,44,37,37,37,31,31,31,23,23,14,14,14,35,30,61,39,23,23,16,5,17,17,13,13,3,15,15,9,0],"gold":71,"neow_bonus":"THREE_RARE_CARDS","is_prod":false,"is_daily":false,"chose_seed":false,"campfire_upgraded":2,"win_rate":0,"timestamp":1546773417,"path_taken":["M","M","?","M","$","R","E","R","T","M","$","E","?","M","R","BOSS","M","M","?","?","M","R","?","?","T","E","R","?","E","M"],"build_version":"2019-01-03v4","purchased_purges":2,"victory":false,"max_hp_per_floor":[71,71,71,71,71,71,71,71,71,71,71,71,71,71,71,71,71,71,71,35,40,40,40,40,40,40,40,40,40,47,47],"card_choices":[{"not_picked":["Seek","Creative AI"],"picked":"Electrodynamics","floor":0.0},{"not_picked":["Auto Shields","Go for the Eyes"],"picked":"Tempest","floor":1.0},{"not_picked":["Leap","Chill","Conserve Battery"],"picked":"SKIP","floor":2.0},{"not_picked":["BootSequence","Double Energy"],"picked":"Go for the Eyes","floor":4.0},{"not_picked":["All For One","Consume"],"picked":"Defragment","floor":7.0},{"not_picked":["Melter","Turbo"],"picked":"Steam","floor":10.0},{"not_picked":["Rebound","Creative AI"],"picked":"Chill","floor":12.0},{"not_picked":["Force Field","Consume"],"picked":"BootSequence","floor":13.0},{"not_picked":["Glacier","Leap"],"picked":"Coolheaded","floor":14.0},{"not_picked":["Reboot","Electrodynamics"],"picked":"Multi-Cast","floor":16.0},{"not_picked":["Beam Cell","Compile Driver","Rebound"],"picked":"SKIP","floor":18.0},{"not_picked":["Go for the Eyes","Compile Driver","Steam"],"picked":"SKIP","floor":19.0},{"not_picked":["Beam Cell+1","Sweeping Beam","Turbo"],"picked":"SKIP","floor":22.0},{"not_picked":["Stack+1","Heatsinks","Chaos+1"],"picked":"SKIP","floor":25.0},{"not_picked":["Barrage","Genetic Algorithm","Ball Lightning"],"picked":"SKIP","floor":27.0},{"not_picked":["Rainbow","Chaos"],"picked":"Static Discharge","floor":30.0}],"player_experience":745024,"relics_obtained":[{"floor":7.0,"key":"Tiny Chest"},{"floor":9.0,"key":"Anchor"},{"floor":12.0,"key":"Lantern"},{"floor":26.0,"key":"Darkstone Periapt"},{"floor":27.0,"key":"Dream Catcher"},{"floor":29.0,"key":"Blood Vial"},{"floor":30.0,"key":"Strawberry"}],"event_choices":[{"damage_healed":0.0,"max_hp_gain":0.0,"max_hp_loss":0.0,"gold_gain":0.0,"event_name":"The Woman in Blue","player_choice":"Bought 1 Potion","floor":3.0,"gold_loss":0.0,"damage_taken":0.0},{"damage_healed":0.0,"max_hp_gain":0.0,"max_hp_loss":36.0,"gold_gain":0.0,"event_name":"Ghosts","player_choice":"Became a Ghost","floor":20.0,"gold_loss":0.0,"damage_taken":0.0,"cards_obtained":["Ghostly","Ghostly","Ghostly"]},{"damage_healed":0.0,"max_hp_gain":5.0,"max_hp_loss":0.0,"gold_gain":0.0,"event_name":"Forgotten Altar","player_choice":"Shed Blood","floor":21.0,"gold_loss":0.0,"damage_taken":12.0}],"is_beta":false,"boss_relics":[{"not_picked":["Fusion Hammer","Orrery"],"picked":"Ectoplasm"}],"items_purged_floors":[11,24],"is_endless":false,"potions_floor_spawned":[1,10,12,13,14,22,25,27,30],"killed_by":"Cultist and Chosen","ascension_level":18}