{"gold_per_floor":[112,187,8,8,8,8,41,41,67,82,82,114,114,134,134,134],"floor_reached":16,"playtime":508,"items_purged":["Defend_G"],"score":131,"play_id":"d884a4fa-a284-43b1-a2c8-3b1b90f807d7","local_time":"20190201211026","is_ascension_mode":false,"campfire_choices":[{"data":"Dagger Spray","floor":6,"key":"SMITH"},{"data":"After Image","floor":8,"key":"SMITH"},{"floor":15,"key":"REST"}],"neow_cost":"NONE","seed_source_timestamp":413840690677972,"circlet_count":0,"master_deck":["Defend_G+1","Defend_G","Defend_G+1","Defend_G","Strike_G","Strike_G","Strike_G","Strike_G","Strike_G","Survivor","Neutralize","Footwork","Dagger Spray+1","Dodge and Roll","Regret","After Image+1","Dagger Spray"],"relics":["Ring of the Snake","NeowsBlessing","Calipers","Incense Burner","Bag of Marbles","Bag of Preparation","Regal Pillow"],"potions_floor_usage":[16],"damage_taken":[{"damage":0,"enemies":"Cultist","floor":1,"turns":1},{"damage":0,"enemies":"Gremlin Nob","floor":7,"turns":1},{"damage":0,"enemies":"Small Slimes","floor":10,"turns":1},{"damage":33,"enemies":"Lagavulin","floor":12,"turns":10},{"damage":0,"enemies":"2 Louse","floor":14,"turns":1},{"damage":50,"enemies":"Hexaghost","floor":16,"turns":16}],"seed_played":"-8932578546465593840","potions_obtained":[{"floor":14,"key":"Ancient Potion"}],"is_trial":false,"path_per_floor":["M","?","$","?","?","R","E","R","T","M","?","E","T","M","R","B"],"character_chosen":"THE_SILENT","items_purchased":["Dagger Spray","Dodge and Roll"],"campfire_rested":1,"item_purchase_floors":[3,3],"current_hp_per_floor":[70,59,59,59,59,59,59,59,59,59,45,12,12,12,48,0],"gold":134,"neow_bonus":"THREE_ENEMY_KILL","is_prod":false,"is_daily":false,"chose_seed":false,"campfire_upgraded":2,"win_rate":0,"timestamp":1549073426,"path_taken":["M","?","$","?","?","R","E","R","T","M","?","E","?","M","R","BOSS"],"build_version":"2019-01-23","purchased_purges":1,"victory":false,"max_hp_per_floor":[70,70,70,70,70,70,70,70,70,70,70,70,70,70,70,70],"card_choices":[{"not_picked":["Backflip","Finisher"],"picked":"Footwork","floor":1},{"not_picked":["Outmaneuver","Underhanded Strike"],"picked":"After Image","floor":7},{"not_picked":["Predator","Prepared","Distraction"],"picked":"SKIP","floor":10},{"not_picked":["Doppelganger","Acrobatics","Outmaneuver"],"picked":"SKIP","floor":12},{"not_picked":["Endless Agony","Sucker Punch"],"picked":"Dagger Spray","floor":14}],"player_experience":24960,"relics_obtained":[{"floor":7,"key":"Incense Burner"},{"floor":9,"key":"Bag of Marbles"},{"floor":12,"key":"Bag of Preparation"},{"floor":13,"key":"Regal Pillow"}],"event_choices":[{"damage_healed":0,"gold_gain":75,"player_choice":"Gather Gold","damage_taken":11,"max_hp_gain":0,"max_hp_loss":0,"event_name":"World of Goop","floor":2,"gold_loss":0},{"damage_healed":0,"gold_gain":0,"player_choice":"Box","damage_taken":0,"relics_obtained":["Calipers"],"max_hp_gain":0,"max_hp_loss":0,"event_name":"Big Fish","floor":4,"gold_loss":0,"cards_obtained":["Regret"]},{"damage_healed":0,"gold_gain":0,"player_choice":"Ignored","damage_taken":0,"max_hp_gain":0,"max_hp_loss":0,"event_name":"Liars Game","floor":5,"gold_loss":0},{"damage_healed":0,"gold_gain":0,"player_choice":"Entered Light","damage_taken":14,"max_hp_gain":0,"max_hp_loss":0,"event_name":"Shining Light","floor":11,"gold_loss":0,"cards_upgraded":["Defend_G","Defend_G"]}],"is_beta":false,"boss_relics":[],"items_purged_floors":[3],"is_endless":false,"potions_floor_spawned":[14],"killed_by":"Hexaghost","ascension_level":0}