{"path_per_floor":["M","?","?","M","$","E","M","R","T","M","R","M","M","M","R","B",null,"M","$","M","M","M","R","M","T","T","M","M","M","R","M","R"],"character_chosen":"IRONCLAD","items_purchased":["Apotheosis","Twin Strike","Master of Strategy","Dual Wield"],"gold_per_floor":[118,118,193,212,9,40,59,59,84,104,104,120,136,151,151,255,255,274,19,39,58,71,71,86,111,111,126,139,149,149,162,162],"floor_reached":33,"campfire_rested":5,"playtime":3798,"current_hp_per_floor":[80,80,69,66,66,55,58,58,58,62,89,70,76,77,90,58,90,78,78,69,53,41,69,30,37,37,36,22,19,52,13,47],"items_purged":[],"gold":162,"score":307,"play_id":"3aa2b0e7-fd56-4853-9802-464fce29a42d","is_prod":false,"is_daily":false,"is_ascension_mode":false,"campfire_upgraded":1,"path_taken":["M","?","?","M","$","E","M","R","T","M","R","M","M","M","R","BOSS","M","$","M","M","M","R","M","?","T","M","M","M","R","M","R","BOSS"],"build_version":"2018-02-12-PROD1","purchased_purges":0,"victory":false,"master_deck":["Strike_R","Strike_R","Strike_R","Strike_R","Strike_R","Defend_R","Defend_R","Defend_R","Defend_R","Bash","Whirlwind","Perfected Strike","Apotheosis+1","Twin Strike","Spot Weakness","Flex","Infernal Blade","Rage","Blood for Blood","Pommel Strike","Feed","Clash","Master of Strategy","Dual Wield","Shrug It Off","Feed","Flex","Shrug It Off+1","Searing Blow","Infernal Blade","Flex","Corruption"],"max_hp_per_floor":[80,80,80,80,80,90,90,90,90,90,90,90,90,90,90,90,90,90,90,90,90,94,94,97,104,104,107,107,110,110,114,114],"relics":["Burning Blood","Pear","Lantern","Runic Cube","Strawberry","Kunai"],"card_choices":[{"not_picked":["Searing Blow","Armaments"],"picked":"Whirlwind"},{"not_picked":["Corruption","Pummel"],"picked":"Perfected Strike"},{"not_picked":["Corruption","Thunderclap"],"picked":"Spot Weakness"},{"not_picked":["Shockwave","Rage"],"picked":"Flex"},{"not_picked":["Battle Trance","Perfected Strike"],"picked":"Infernal Blade"},{"not_picked":["Perfected Strike","Twin Strike"],"picked":"Rage"},{"not_picked":["Combust","Body Slam"],"picked":"Blood for Blood"},{"not_picked":["Searing Blow","Clothesline"],"picked":"Pommel Strike"},{"not_picked":["Dark Embrace","Demon Form"],"picked":"Feed"},{"not_picked":["Body Slam","Feel No Pain"],"picked":"Clash"},{"not_picked":["Reckless Charge","Feel No Pain"],"picked":"Shrug It Off"},{"not_picked":["Armaments","True Grit"],"picked":"Feed"},{"not_picked":["Clothesline","Pommel Strike"],"picked":"Flex"},{"not_picked":["Shockwave","Iron Wave"],"picked":"Shrug It Off"},{"not_picked":["Perfected Strike","Seeing Red"],"picked":"Searing Blow"},{"not_picked":["Battle Trance","Fire Breathing"],"picked":"Infernal Blade"},{"not_picked":["Twin Strike","Clash"],"picked":"Flex"},{"not_picked":["Anger","Cleave"],"picked":"Corruption"}],"player_experience":23205,"potions_floor_usage":[16,16,29,33,33],"damage_taken":[{"damage":3,"enemies":"Small Slimes","floor":1,"turns":4},{"damage":9,"enemies":"Cultist","floor":4,"turns":4},{"damage":27,"enemies":"Lagavulin","floor":6,"turns":7},{"damage":3,"enemies":"Jaw Worm","floor":7,"turns":4},{"damage":2,"enemies":"Looter","floor":10,"turns":2},{"damage":25,"enemies":"Exordium Thugs","floor":12,"turns":3},{"damage":0,"enemies":"Lots of Slimes","floor":13,"turns":2},{"damage":5,"enemies":"3 Louse","floor":14,"turns":2},{"damage":50,"enemies":"Hexaghost","floor":16,"turns":7},{"damage":18,"enemies":"Chosen","floor":18,"turns":5},{"damage":15,"enemies":"3 Byrds","floor":20,"turns":4},{"damage":22,"enemies":"Centurion and Healer","floor":21,"turns":6},{"damage":22,"enemies":"Snake Plant","floor":22,"turns":4},{"damage":48,"enemies":"Sentry and Sphere","floor":24,"turns":6},{"damage":10,"enemies":"Centurion and Healer","floor":27,"turns":7},{"damage":20,"enemies":"Snake Plant","floor":28,"turns":4},{"damage":12,"enemies":"Slaver and Parasite","floor":29,"turns":6},{"damage":58,"enemies":"Cultist and Chosen","floor":31,"turns":7},{"damage":61,"enemies":"Collector","floor":33,"turns":7}],"event_choices":[{"event_name":"The Cleric","player_choice":"Leave","floor":2,"damage_taken":0},{"event_name":"World of Goop","player_choice":"Gather Gold","floor":3,"damage_taken":0}],"boss_relics":[{"not_picked":["Runic Dome","Ectoplasm"],"picked":"Runic Cube"}],"potions_floor_spawned":[1,4,6,12,27,29],"seed_played":"8825894342808766770","killed_by":"Collector","ascension_level":0,"is_trial":false}