{"gold_per_floor":[10,10,22,36,46,46,72,85,136,146,146,166,177,211,211,316,316,336,350,363,382,196,196,222,222,222,238,238,250,250,8,8,111,111,128,78,88,88,100,100,25,25,49,49,49,60,10,22,22,22],"floor_reached":51,"playtime":3611,"items_purged":["Strike_R","Strike_R","Strike_R","Hemokinesis"],"score":1020,"play_id":"bdb65aa2-378a-46cc-a0a7-8b2f0f17de30","local_time":"20181114143103","is_ascension_mode":true,"campfire_choices":[{"data":"Bash","floor":6.0,"key":"SMITH"},{"data":"Body Slam","floor":11.0,"key":"SMITH"},{"data":"Shockwave","floor":15.0,"key":"SMITH"},{"data":"Demon Form","floor":23.0,"key":"SMITH"},{"data":"Body Slam","floor":25.0,"key":"SMITH"},{"data":"Exhume","floor":28.0,"key":"SMITH"},{"floor":32.0,"key":"REST"},{"data":"Impervious","floor":40.0,"key":"SMITH"},{"data":"Fiend Fire","floor":42.0,"key":"SMITH"},{"data":"Uppercut","floor":45.0,"key":"SMITH"},{"data":"Shrug It Off","floor":49.0,"key":"SMITH"}],"neow_cost":"NO_GOLD","seed_source_timestamp":309212478421725,"circlet_count":0,"master_deck":["AscendersBane","Defend_R","Defend_R+1","Defend_R","Defend_R+1","Bash+1","Armaments+1","Shrug It Off+1","Impervious+1","Body Slam+1","Shockwave+1","Battle Trance","Demon Form+1","Immolate","Sword Boomerang+1","Exhume+1","Fiend Fire+1","Body Slam+1","Spot Weakness","Offering+1","True Grit+1","Ghostly Armor+1","Uppercut+1","Shrug It Off+1","Second Wind+1","Shrug It Off+1","Warcry+1"],"special_seed":0,"relics":["Burning Blood","Du-Vu Doll","Centennial Puzzle","Smiling Mask","Bottled Flame","Velvet Choker","War Paint","Shuriken","Toxic Egg 2","Eternal Feather","Happy Flower"],"potions_floor_usage":[],"damage_taken":[{"damage":11.0,"enemies":"Cultist","floor":1.0,"turns":4.0},{"damage":3.0,"enemies":"2 Louse","floor":3.0,"turns":3.0},{"damage":3.0,"enemies":"Small Slimes","floor":4.0,"turns":3.0},{"damage":11.0,"enemies":"3 Louse","floor":5.0,"turns":6.0},{"damage":23.0,"enemies":"Gremlin Nob","floor":7.0,"turns":4.0},{"damage":6.0,"enemies":"Looter","floor":8.0,"turns":3.0},{"damage":7.0,"enemies":"Exordium Thugs","floor":10.0,"turns":6.0},{"damage":3.0,"enemies":"Blue Slaver","floor":12.0,"turns":3.0},{"damage":7.0,"enemies":"Red Slaver","floor":13.0,"turns":3.0},{"damage":10.0,"enemies":"Lagavulin","floor":14.0,"turns":5.0},{"damage":25.0,"enemies":"The Guardian","floor":16.0,"turns":10.0},{"damage":20.0,"enemies":"2 Thieves","floor":18.0,"turns":4.0},{"damage":3.0,"enemies":"Spheric Guardian","floor":19.0,"turns":3.0},{"damage":10.0,"enemies":"Chosen and Byrds","floor":20.0,"turns":5.0},{"damage":4.0,"enemies":"Centurion and Healer","floor":21.0,"turns":7.0},{"damage":29.0,"enemies":"Gremlin Leader","floor":24.0,"turns":5.0},{"damage":4.0,"enemies":"Cultist and Chosen","floor":27.0,"turns":4.0},{"damage":7.0,"enemies":"Shelled Parasite and Fungi","floor":29.0,"turns":5.0},{"damage":49.0,"enemies":"Champ","floor":33.0,"turns":9.0},{"damage":11.0,"enemies":"3 Darklings","floor":35.0,"turns":3.0},{"damage":14.0,"enemies":"Orb Walker","floor":37.0,"turns":3.0},{"damage":15.0,"enemies":"Spire Growth","floor":39.0,"turns":6.0},{"damage":25.0,"enemies":"Transient","floor":46.0,"turns":5.0},{"damage":15.0,"enemies":"Maw","floor":48.0,"turns":8.0},{"damage":60,"enemies":"Donu and Deca","floor":50,"turns":9}],"seed_played":"9146046238810094893","potions_obtained":[{"floor":3.0,"key":"SpeedPotion"},{"floor":5.0,"key":"BloodPotion"},{"floor":7.0,"key":"Regen Potion"},{"floor":12.0,"key":"Strength Potion"},{"floor":16.0,"key":"Strength Potion"},{"floor":18.0,"key":"Swift Potion"},{"floor":20.0,"key":"Swift Potion"},{"floor":46.0,"key":"Block Potion"}],"is_trial":false,"path_per_floor":["M","?","M","M","M","R","E","M","T","M","R","M","M","E","R","B",null,"M","M","M","M","$","R","E","R","T","M","R","M","?","$","R","B",null,"M","$","M","?","M","R","$","R","T","?","R","M","$","M","R","B",null],"character_chosen":"IRONCLAD","items_purchased":["Fiend Fire","Toxic Egg 2","Shrug It Off+1"],"campfire_rested":1,"item_purchase_floors":[22,31,41],"current_hp_per_floor":[67,67,70,73,68,68,59,59,59,58,58,61,60,56,56,52,73,59,62,58,60,60,60,37,37,37,39,39,38,38,38,62,19,65,60,60,52,52,43,58,58,73,73,73,80,61,61,52,67,13],"gold":22,"neow_bonus":"ONE_RARE_RELIC","is_prod":false,"is_daily":false,"chose_seed":false,"campfire_upgraded":10,"win_rate":0,"timestamp":1542202263,"path_taken":["M","?","M","M","M","R","E","M","T","M","R","?","M","E","R","BOSS","M","M","M","M","$","R","E","R","T","M","R","M","?","$","R","BOSS","M","$","M","?","M","R","?","R","T","?","R","?","$","M","R","BOSS"],"build_version":"2018-11-08","purchased_purges":4,"victory":true,"max_hp_per_floor":[80,80,80,80,80,80,80,80,80,80,80,80,80,80,80,80,80,80,80,80,80,80,80,80,80,80,80,80,80,80,80,80,80,80,80,80,80,80,80,80,80,80,80,80,80,80,80,80,80,80],"card_choices":[{"not_picked":["Iron Wave","Twin Strike"],"picked":"Armaments","floor":1.0},{"not_picked":["Clash","Havoc","Sword Boomerang"],"picked":"SKIP","floor":3.0},{"not_picked":["Headbutt","Flame Barrier"],"picked":"Shrug It Off","floor":4.0},{"not_picked":["Clothesline","Havoc"],"picked":"Hemokinesis","floor":5.0},{"not_picked":["Pummel","True Grit"],"picked":"Impervious","floor":7.0},{"not_picked":["Clash","Sword Boomerang"],"picked":"Body Slam","floor":8.0},{"not_picked":["Clothesline","Iron Wave","Blood for Blood"],"picked":"SKIP","floor":10.0},{"not_picked":["Cleave","Havoc"],"picked":"Shockwave","floor":12.0},{"not_picked":["Pommel Strike","Searing Blow"],"picked":"Battle Trance","floor":13.0},{"not_picked":["Thunderclap","Infernal Blade"],"picked":"Demon Form","floor":14.0},{"not_picked":["Bludgeon","Brutality"],"picked":"Immolate","floor":16.0},{"not_picked":["Bloodletting","Clash","Heavy Blade"],"picked":"SKIP","floor":18.0},{"not_picked":["Sever Soul","Heavy Blade"],"picked":"Sword Boomerang+1","floor":19.0},{"not_picked":["Disarm","Reckless Charge"],"picked":"Exhume","floor":20.0},{"not_picked":["Sentinel","Flex","Warcry"],"picked":"SKIP","floor":21.0},{"not_picked":["Heavy Blade","Iron Wave"],"picked":"Body Slam","floor":24.0},{"not_picked":["Infernal Blade","Sentinel+1","Dual Wield"],"picked":"SKIP","floor":27.0},{"not_picked":["Perfected Strike+1","Flex"],"picked":"Spot Weakness","floor":29.0},{"not_picked":["Berserk","Demon Form"],"picked":"Offering+1","floor":33.0},{"not_picked":["Thunderclap","Twin Strike"],"picked":"True Grit+1","floor":35.0},{"not_picked":["Bloodletting+1","Iron Wave+1"],"picked":"Ghostly Armor+1","floor":37.0},{"not_picked":["Evolve+1","Heavy Blade","Power Through+1"],"picked":"SKIP","floor":39.0},{"not_picked":["Wild Strike","Pommel Strike"],"picked":"Shrug It Off+1","floor":46.0},{"not_picked":["Clothesline+1","Wild Strike+1"],"picked":"Warcry+1","floor":48.0}],"player_experience":517347,"relics_obtained":[{"floor":7.0,"key":"Centennial Puzzle"},{"floor":9.0,"key":"Smiling Mask"},{"floor":14.0,"key":"Bottled Flame"},{"floor":24.0,"key":"War Paint"},{"floor":26.0,"key":"Shuriken"},{"floor":43.0,"key":"Happy Flower"}],"event_choices":[{"damage_healed":0.0,"max_hp_gain":0.0,"max_hp_loss":0.0,"gold_gain":0.0,"event_name":"Upgrade Shrine","player_choice":"Upgraded","floor":2.0,"gold_loss":0.0,"damage_taken":0.0,"cards_upgraded":["Armaments"]},{"damage_healed":0.0,"max_hp_gain":0.0,"max_hp_loss":0.0,"gold_gain":0.0,"cards_transformed":["Strike_R"],"event_name":"Transmorgrifier","player_choice":"Transformed","floor":38.0,"gold_loss":0.0,"damage_taken":0.0,"cards_obtained":["Uppercut"]},{"damage_healed":0.0,"max_hp_gain":0.0,"max_hp_loss":0.0,"gold_gain":0.0,"cards_transformed":["Strike_R"],"event_name":"Transmorgrifier","player_choice":"Transformed","floor":44.0,"gold_loss":0.0,"damage_taken":0.0,"cards_obtained":["Second Wind"]}],"is_beta":false,"boss_relics":[{"not_picked":["Sozu","Black Blood"],"picked":"Velvet Choker"},{"not_picked":["Empty Cage","Pandora\u0027s Box"],"picked":"Eternal Feather"}],"items_purged_floors":[22,36,41,47],"is_endless":false,"potions_floor_spawned":[3,5,7,12,13,16,18,20,27,46],"ascension_level":11}