{"gold_per_floor":[113,132,132,132,142,168,168,196,196,214,214,214,229,229,229,330,330,350,360,88,3,3,3,23,41,41,41,54,54,67,166,166,266,266,281,281,297,297],"floor_reached":38,"playtime":2822,"items_purged":["Strike_B"],"score":469,"play_id":"0e85b495-6654-4839-ba59-61dec2a0501d","local_time":"20190203090136","is_ascension_mode":true,"campfire_choices":[{"data":"Defragment","floor":7,"key":"SMITH"},{"floor":11,"key":"REST"},{"floor":15,"key":"REST"},{"data":"Ghostly","floor":23,"key":"SMITH"},{"floor":32,"key":"REST"}],"neow_cost":"NONE","seed_source_timestamp":157225305858345,"circlet_count":0,"master_deck":["Strike_B","Defend_B","Defend_B","Defend_B","Defend_B","Zap","Dualcast","Panacea","Defragment+1","Conserve Battery","Rainbow","Sweeping Beam","Rebound","Echo Form","Coolheaded","Static Discharge","Multi-Cast","Go for the Eyes","Defragment","Hello World","Hologram","Conserve Battery","Cold Snap","Ghostly+1","Ghostly","Ghostly","Ghostly","Ghostly","Steam","Redo+1","Self Repair","Meteor Strike"],"relics":["Cracked Core","GremlinMask","Letter Opener","Pantograph","Bottled Flame","Nuclear Battery","Blue Candle","Toxic Egg 2","Busted Crown"],"potions_floor_usage":[33,33,33,37],"damage_taken":[{"damage":2,"enemies":"Jaw Worm","floor":1,"turns":3},{"damage":0,"enemies":"Small Slimes","floor":2,"turns":3},{"damage":0,"enemies":"Cultist","floor":5,"turns":4},{"damage":25,"enemies":"Lagavulin","floor":6,"turns":8},{"damage":36,"enemies":"3 Sentries","floor":8,"turns":6},{"damage":2,"enemies":"3 Louse","floor":10,"turns":3},{"damage":0,"enemies":"Looter","floor":13,"turns":3},{"damage":46,"enemies":"The Guardian","floor":16,"turns":10},{"damage":12,"enemies":"Shell Parasite","floor":18,"turns":5},{"damage":20,"enemies":"Spheric Guardian","floor":19,"turns":6},{"damage":1,"enemies":"Snecko","floor":24,"turns":6},{"damage":14,"enemies":"Snake Plant","floor":25,"turns":6},{"damage":2,"enemies":"Sentry and Sphere","floor":28,"turns":8},{"damage":9,"enemies":"Shelled Parasite and Fungi","floor":30,"turns":8},{"damage":21,"enemies":"Automaton","floor":33,"turns":14},{"damage":39,"enemies":"3 Darklings","floor":35,"turns":4},{"damage":2,"enemies":"3 Shapes","floor":37,"turns":6},{"damage":21,"enemies":"Transient","floor":38,"turns":3}],"seed_played":"4926224691352765524","potions_obtained":[{"floor":2,"key":"AttackPotion"},{"floor":5,"key":"Regen Potion"},{"floor":8,"key":"Explosive Potion"},{"floor":16,"key":"Block Potion"},{"floor":18,"key":"SteroidPotion"},{"floor":24,"key":"AttackPotion"},{"floor":30,"key":"Dexterity Potion"},{"floor":35,"key":"EssenceOfSteel"}],"is_trial":false,"path_per_floor":["M","M","?","?","M","E","R","E","T","M","R","?","M","?","R","B",null,"M","M","$","?","?","R","M","M","T","?","M","?","M","?","R","B",null,"M","?","M","M"],"character_chosen":"DEFECT","items_purchased":["Hello World","Hologram","Conserve Battery","Cold Snap"],"campfire_rested":3,"item_purchase_floors":[20,20,20,20],"current_hp_per_floor":[73,73,73,73,73,48,48,12,12,10,32,37,37,37,61,34,80,68,48,48,48,40,40,39,25,25,25,23,23,14,14,26,40,40,8,8,13,0],"gold":297,"neow_bonus":"RANDOM_COLORLESS","is_prod":false,"is_daily":false,"chose_seed":false,"campfire_upgraded":2,"win_rate":0,"timestamp":1549180896,"path_taken":["M","M","?","?","M","E","R","E","T","?","R","?","M","?","R","BOSS","M","M","$","?","?","R","M","M","T","?","M","?","?","?","R","BOSS","M","?","M","?"],"build_version":"2019-01-23","purchased_purges":1,"victory":false,"max_hp_per_floor":[75,75,75,75,75,75,75,75,75,75,75,80,80,80,80,80,80,80,80,80,80,40,40,40,40,40,40,40,40,40,40,40,40,40,40,40,40,40],"card_choices":[{"not_picked":["Rebound","Sweeping Beam"],"picked":"Defragment","floor":1},{"not_picked":["Streamline","Sweeping Beam"],"picked":"Conserve Battery","floor":2},{"not_picked":["Barrage","Reinforced Body"],"picked":"Sweeping Beam","floor":5},{"not_picked":["Recycle","Turbo"],"picked":"Rebound","floor":6},{"not_picked":["BootSequence","Heatsinks"],"picked":"Echo Form","floor":8},{"not_picked":["Tempest","Gash"],"picked":"Coolheaded","floor":10},{"not_picked":["Sweeping Beam","Conserve Battery"],"picked":"Static Discharge","floor":13},{"not_picked":["Seek","Thunder Strike"],"picked":"Multi-Cast","floor":16},{"not_picked":["Rebound","Barrage"],"picked":"Go for the Eyes","floor":18},{"not_picked":["Sweeping Beam","Heatsinks"],"picked":"Defragment","floor":19},{"not_picked":["Cold Snap","Stack+1","Go for the Eyes"],"picked":"SKIP","floor":24},{"not_picked":["Hologram+1","All For One"],"picked":"Steam","floor":25},{"not_picked":["Consume+1","Heatsinks"],"picked":"Redo+1","floor":28},{"not_picked":["Sweeping Beam+1","Beam Cell"],"picked":"Self Repair","floor":30},{"not_picked":["Echo Form","Multi-Cast+1"],"picked":"Meteor Strike","floor":33},{"not_picked":["Compile Driver+1"],"picked":"SKIP","floor":35},{"not_picked":["Static Discharge"],"picked":"SKIP","floor":37}],"player_experience":508561,"relics_obtained":[{"floor":6,"key":"Letter Opener"},{"floor":8,"key":"Pantograph"},{"floor":9,"key":"Bottled Flame"},{"floor":26,"key":"Toxic Egg 2"}],"event_choices":[{"damage_healed":0,"gold_gain":0,"cards_transformed":["Strike_B"],"player_choice":"Change","damage_taken":0,"max_hp_gain":0,"max_hp_loss":0,"event_name":"Living Wall","floor":3,"gold_loss":0,"cards_obtained":["Rainbow"]},{"damage_healed":0,"gold_gain":0,"player_choice":"Trade","damage_taken":0,"relics_obtained":["GremlinMask"],"max_hp_gain":0,"max_hp_loss":0,"event_name":"FaceTrader","floor":4,"gold_loss":0},{"damage_healed":0,"gold_gain":0,"player_choice":"Donut","damage_taken":0,"max_hp_gain":5,"max_hp_loss":0,"event_name":"Big Fish","floor":12,"gold_loss":0},{"damage_healed":0,"gold_gain":0,"player_choice":"Ignored","damage_taken":0,"max_hp_gain":0,"max_hp_loss":0,"event_name":"Liars Game","floor":14,"gold_loss":0},{"damage_healed":0,"gold_gain":0,"player_choice":"Obtained Relic","damage_taken":0,"relics_obtained":["Blue Candle"],"max_hp_gain":0,"max_hp_loss":0,"event_name":"Addict","floor":21,"gold_loss":85},{"damage_healed":0,"gold_gain":0,"player_choice":"Became a Ghost","damage_taken":0,"max_hp_gain":0,"max_hp_loss":40,"event_name":"Ghosts","floor":22,"gold_loss":0,"cards_obtained":["Ghostly","Ghostly","Ghostly","Ghostly","Ghostly"]},{"damage_healed":0,"gold_gain":0,"player_choice":"Ignored","damage_taken":0,"max_hp_gain":0,"max_hp_loss":0,"event_name":"Vampires","floor":27,"gold_loss":0},{"damage_healed":0,"gold_gain":0,"player_choice":"Bought 0 Potions","damage_taken":0,"max_hp_gain":0,"max_hp_loss":0,"event_name":"The Woman in Blue","floor":29,"gold_loss":0},{"damage_healed":0,"gold_gain":99,"player_choice":"Stole From Cult","damage_taken":0,"max_hp_gain":0,"max_hp_loss":0,"event_name":"Nest","floor":31,"gold_loss":0},{"cards_removed":["Strike_B"],"damage_healed":0,"gold_gain":0,"player_choice":"Purged","damage_taken":0,"max_hp_gain":0,"max_hp_loss":0,"event_name":"Purifier","floor":36,"gold_loss":0}],"is_beta":false,"boss_relics":[{"not_picked":["Sozu","White Beast Statue"],"picked":"Nuclear Battery"},{"not_picked":["Lizard Tail","Runic Pyramid"],"picked":"Busted Crown"}],"items_purged_floors":[20],"is_endless":false,"potions_floor_spawned":[2,5,8,16,18,24,30,35],"killed_by":"Transient","ascension_level":3}