{"gold_per_floor":[117,117,42,42,61,61,95,105,128,188,208,225,259,132,132,233,233,251,251,45,65,80,180,180,210,237,237,237,266,266,282,282,380,380,398,248,268,268,268,11,23,34,81,436,436,469,469,469,469,469],"floor_reached":51,"playtime":5196,"items_purged":["Strike_R","Strike_R","Pain","Pain"],"score":746,"play_id":"c99ffa81-4755-4bfb-9372-d4a615e68372","local_time":"20181019182853","is_ascension_mode":false,"campfire_choices":[{"data":"Armaments","floor":6,"key":"SMITH"},{"data":"Fire Breathing","floor":15,"key":"SMITH"},{"floor":24,"key":"REST"},{"data":"Rage","floor":28,"key":"SMITH"},{"floor":32,"key":"REST"},{"data":"Rage","floor":45,"key":"SMITH"},{"floor":47,"key":"REST"},{"data":"Shrug It Off","floor":49,"key":"SMITH"}],"neow_cost":"NONE","seed_source_timestamp":95432918273930,"circlet_count":0,"master_deck":["Strike_R","Strike_R","Defend_R","Defend_R","Defend_R","Defend_R","Bash","Seeing Red+1","Pommel Strike","Armaments+1","Body Slam","Rage+1","Fire Breathing+1","Headbutt","Demon Form","Injury","Whirlwind+1","Metallicize","Rage+1","Reaper+1","Iron Wave+1","Warcry+1","Rage+1","Shrug It Off+1","Warcry+1","Deep Breath"],"relics":["Burning Blood","Happy Flower","Red Skull","Mango","Vajra","Calling Bell","Juzu Bracelet","Molten Egg 2","Du-Vu Doll","Ginger","Strawberry","Incense Burner","Bottled Lightning","Sozu","Calipers","HandDrill","Regal Pillow","Old Coin","Anchor"],"potions_floor_usage":[7,12,18,21,22,31,31],"damage_taken":[{"damage":6,"enemies":"Jaw Worm","floor":1,"turns":3},{"damage":2,"enemies":"2 Louse","floor":5,"turns":3},{"damage":32,"enemies":"Gremlin Nob","floor":7,"turns":5},{"damage":4,"enemies":"Small Slimes","floor":8,"turns":4},{"damage":24,"enemies":"Gremlin Nob","floor":10,"turns":4},{"damage":7,"enemies":"Looter","floor":11,"turns":4},{"damage":0,"enemies":"Gremlin Gang","floor":12,"turns":6},{"damage":13,"enemies":"Lagavulin","floor":13,"turns":6},{"damage":7,"enemies":"Slime Boss","floor":16,"turns":10},{"damage":25,"enemies":"3 Byrds","floor":18,"turns":6},{"damage":19,"enemies":"Spheric Guardian","floor":21,"turns":5},{"damage":13,"enemies":"Snecko","floor":22,"turns":4},{"damage":34,"enemies":"Gremlin Leader","floor":25,"turns":7},{"damage":3,"enemies":"Slavers","floor":29,"turns":1},{"damage":27,"enemies":"3 Cultists","floor":31,"turns":4},{"damage":60,"enemies":"Collector","floor":33,"turns":7},{"damage":2,"enemies":"3 Darklings","floor":35,"turns":1},{"damage":17,"enemies":"Orb Walker","floor":37,"turns":5},{"damage":9,"enemies":"Mind Bloom Boss Battle","floor":39,"turns":8},{"damage":18,"enemies":"Spire Growth","floor":41,"turns":5},{"damage":18,"enemies":"4 Shapes","floor":42,"turns":5},{"damage":56,"enemies":"2 Orb Walkers","floor":44,"turns":5},{"damage":20,"enemies":"Reptomancer","floor":46,"turns":6},{"damage":89,"enemies":"Donu and Deca","floor":50,"turns":11}],"seed_played":"2142802070626883837","potions_obtained":[{"floor":1,"key":"Regen Potion"},{"floor":10,"key":"AttackPotion"},{"floor":12,"key":"SteroidPotion"},{"floor":13,"key":"Dexterity Potion"},{"floor":16,"key":"PowerPotion"},{"floor":21,"key":"Regen Potion"},{"floor":25,"key":"FearPotion"},{"floor":31,"key":"Dexterity Potion"}],"is_trial":false,"path_per_floor":["M","?","$","?","M","R","E","M","T","?","M","M","E","$","R","B",null,"M","?","$","M","M","?","R","E","T","?","R","E","T","M","R","B",null,"M","$","M","?","?","$","M","M","T","?","R","E","R","?","R","B"],"character_chosen":"IRONCLAD","items_purchased":["Headbutt","Whirlwind+1","HandDrill","Shrug It Off"],"campfire_rested":3,"item_purchase_floors":[14,20,40,40],"current_hp_per_floor":[80,73,73,73,77,77,61,63,63,59,58,64,57,57,57,56,94,75,56,56,43,48,48,77,49,56,56,56,59,59,38,69,15,106,106,106,95,95,101,101,95,85,85,49,49,35,81,81,81,14],"gold":469,"neow_bonus":"THREE_CARDS","is_prod":false,"is_daily":false,"chose_seed":false,"campfire_upgraded":5,"win_rate":0.0,"timestamp":1539991733,"path_taken":["M","?","$","?","M","R","E","M","T","?","M","M","E","?","R","BOSS","M","?","$","M","M","?","R","E","T","?","R","E","?","M","R","BOSS","M","$","M","?","?","$","M","M","T","?","R","E","R","?","R","BOSS"],"build_version":"2018-10-18","purchased_purges":4,"victory":true,"max_hp_per_floor":[80,80,80,80,80,80,80,80,80,94,94,94,94,94,94,94,94,94,99,99,99,99,99,99,99,106,106,106,106,106,106,106,106,106,106,106,106,106,106,106,106,106,106,106,106,106,106,106,106,106],"card_choices":[{"not_picked":["Body Slam","Anger"],"picked":"Seeing Red","floor":0},{"not_picked":["Corruption","Metallicize"],"picked":"Pommel Strike","floor":1},{"not_picked":["Headbutt","Clothesline"],"picked":"Armaments","floor":5},{"not_picked":["Burning Pact","Iron Wave"],"picked":"Body Slam","floor":7},{"not_picked":["Searing Blow","Warcry"],"picked":"Rage","floor":8},{"not_picked":["Entrench","Twin Strike","Carnage"],"picked":"SKIP","floor":11},{"not_picked":["Sever Soul","True Grit","Armaments"],"picked":"SKIP","floor":12},{"not_picked":["Pommel Strike","Corruption"],"picked":"Fire Breathing","floor":13},{"not_picked":["Bludgeon","Reaper"],"picked":"Demon Form","floor":16},{"not_picked":["Rage","Disarm","Iron Wave+1"],"picked":"SKIP","floor":18},{"not_picked":["Reckless Charge+1","Rupture+1","Carnage+1"],"picked":"SKIP","floor":21},{"not_picked":["Corruption","Clash+1","Twin Strike+1"],"picked":"SKIP","floor":22},{"not_picked":["Demon Form","Rupture"],"picked":"Metallicize","floor":25},{"not_picked":["Sword Boomerang+1","Double Tap"],"picked":"Rage+1","floor":29},{"not_picked":["Carnage+1","Cleave+1","Infernal Blade"],"picked":"SKIP","floor":31},{"not_picked":["Dark Embrace","Demon Form"],"picked":"Reaper+1","floor":33},{"not_picked":["Clash+1","Anger+1"],"picked":"Iron Wave+1","floor":35},{"not_picked":["Infernal Blade","Shrug It Off"],"picked":"Warcry+1","floor":37},{"not_picked":["Perfected Strike+1","Rampage+1"],"picked":"Rage","floor":39},{"not_picked":["Infernal Blade","Disarm+1"],"picked":"Warcry+1","floor":41},{"not_picked":["Inflame+1","Metallicize","Carnage+1"],"picked":"SKIP","floor":42},{"not_picked":["Double Tap","Burning Pact","Shrug It Off"],"picked":"SKIP","floor":46},{"not_picked":["Mind Blast+1","Panacea"],"picked":"Deep Breath","floor":48}],"player_experience":28756,"relics_obtained":[{"floor":7,"key":"Happy Flower"},{"floor":9,"key":"Red Skull"},{"floor":10,"key":"Mango"},{"floor":13,"key":"Vajra"},{"floor":17,"key":"Juzu Bracelet"},{"floor":17,"key":"Molten Egg 2"},{"floor":17,"key":"Du-Vu Doll"},{"floor":25,"key":"Ginger"},{"floor":26,"key":"Strawberry"},{"floor":29,"key":"Incense Burner"},{"floor":30,"key":"Bottled Lightning"},{"floor":39,"key":"Calipers"},{"floor":43,"key":"Regal Pillow"},{"floor":44,"key":"Old Coin"},{"floor":46,"key":"Anchor"}],"event_choices":[{"cards_removed":["Strike_R"],"damage_healed":0,"gold_gain":0,"player_choice":"Card Removal","damage_taken":7,"max_hp_gain":0,"max_hp_loss":0,"event_name":"Golden Wing","floor":2,"gold_loss":0},{"damage_healed":0,"gold_gain":0,"player_choice":"Forge","damage_taken":0,"max_hp_gain":0,"max_hp_loss":0,"event_name":"Accursed Blacksmith","floor":4,"gold_loss":0,"cards_upgraded":["Seeing Red"]},{"damage_healed":0,"gold_gain":0,"player_choice":"Searched \u00271\u0027 times","damage_taken":0,"max_hp_gain":0,"max_hp_loss":0,"event_name":"Dead Adventurer","floor":10,"gold_loss":0},{"damage_healed":0,"gold_gain":0,"player_choice":"Shed Blood","damage_taken":24,"max_hp_gain":5,"max_hp_loss":0,"event_name":"Forgotten Altar","floor":19,"gold_loss":0},{"damage_healed":0,"gold_gain":100,"player_choice":"Pray","damage_taken":0,"max_hp_gain":0,"max_hp_loss":0,"event_name":"Golden Shrine","floor":23,"gold_loss":0},{"damage_healed":0,"gold_gain":0,"player_choice":"Ignored","damage_taken":0,"max_hp_gain":0,"max_hp_loss":0,"event_name":"Ghosts","floor":27,"gold_loss":0},{"damage_healed":0,"gold_gain":0,"player_choice":"Ignored","damage_taken":0,"max_hp_gain":0,"max_hp_loss":0,"event_name":"Tomb of Lord Red Mask","floor":38,"gold_loss":0},{"damage_healed":0,"gold_gain":0,"player_choice":"Fight","damage_taken":0,"max_hp_gain":0,"max_hp_loss":0,"event_name":"MindBloom","floor":39,"gold_loss":0},{"damage_healed":0,"gold_gain":0,"player_choice":"Fight","damage_taken":0,"max_hp_gain":0,"max_hp_loss":0,"event_name":"Mysterious Sphere","floor":44,"gold_loss":0},{"damage_healed":0,"gold_gain":0,"player_choice":"Memory 1","damage_taken":0,"max_hp_gain":0,"max_hp_loss":0,"event_name":"SensoryStone","floor":48,"gold_loss":0}],"is_beta":false,"boss_relics":[{"not_picked":["Runic Pyramid","Lizard Tail"],"picked":"Calling Bell"},{"not_picked":["Philosopher\u0027s Stone","Snecko Eye"],"picked":"Sozu"}],"items_purged_floors":[3,14,20,36],"is_endless":false,"potions_floor_spawned":[1,10,12,13,16,21,25,31,42,44],"ascension_level":0}