{"gold_per_floor":[109,109,128,128,141,141,176,176,203,237,237,257,275,309,309,406,406,423,443,493,128,143,170,170,196,196,224,238,256,285,301,301,405,405,423,433,451,73,85,85,119,134,161,186,186,186,107,117,117,117,117,117,37,72,72],"floor_reached":56,"playtime":5276,"items_purged":["Strike_G","Strike_G"],"score":1641,"play_id":"ab9f1607-466c-45e1-a82c-1081a347ef53","local_time":"20190202173519","is_ascension_mode":true,"campfire_choices":[{"data":"Dodge and Roll","floor":6,"key":"SMITH"},{"data":"Crippling Poison","floor":8,"key":"SMITH"},{"floor":15,"key":"REST"},{"data":"Noxious Fumes","floor":24,"key":"SMITH"},{"floor":32,"key":"REST"},{"data":"Crippling Poison","floor":40,"key":"SMITH"},{"data":"Footwork","floor":46,"key":"SMITH"},{"floor":49,"key":"RECALL"},{"data":"Noxious Fumes","floor":52,"key":"SMITH"}],"neow_cost":"NONE","seed_source_timestamp":318428740668365,"circlet_count":0,"master_deck":["Defend_G","Defend_G","Defend_G","Defend_G","Defend_G","Survivor","Neutralize+1","Dagger Throw","Dagger Spray","Dodge and Roll+1","Crippling Poison+1","Blur","PiercingWail","Cloak And Dagger","Adrenaline","Dagger Throw+1","Noxious Fumes+1","Blur","Heel Hook","Backflip","Crippling Poison+1","Blur","Deadly Poison+1","Footwork+1","Footwork","Malaise","Noxious Fumes+1","Burst"],"relics":["Ring of the Snake","NeowsBlessing","Bag of Preparation","Boot","Mercury Hourglass","Incense Burner","Velvet Choker","Oddly Smooth Stone","Centennial Puzzle","Lantern","Potion Belt","FossilizedHelix","Empty Cage","TwistedFunnel","Vajra","Juzu Bracelet","Du-Vu Doll","Letter Opener"],"potions_floor_usage":[7,14,25,30,50,55],"damage_taken":[{"damage":0,"enemies":"Small Slimes","floor":1,"turns":1},{"damage":0,"enemies":"Cultist","floor":3,"turns":1},{"damage":0,"enemies":"Jaw Worm","floor":5,"turns":1},{"damage":15,"enemies":"Gremlin Nob","floor":7,"turns":5},{"damage":13,"enemies":"3 Sentries","floor":10,"turns":8},{"damage":2,"enemies":"Blue Slaver","floor":12,"turns":3},{"damage":9,"enemies":"Exordium Wildlife","floor":13,"turns":3},{"damage":12,"enemies":"Gremlin Nob","floor":14,"turns":3},{"damage":21,"enemies":"The Guardian","floor":16,"turns":17},{"damage":4,"enemies":"Chosen","floor":18,"turns":5},{"damage":0,"enemies":"2 Thieves","floor":19,"turns":3},{"damage":0,"enemies":"Snecko","floor":22,"turns":5},{"damage":3,"enemies":"Book of Stabbing","floor":23,"turns":7},{"damage":15,"enemies":"Slavers","floor":25,"turns":3},{"damage":7,"enemies":"Book of Stabbing","floor":27,"turns":6},{"damage":0,"enemies":"Centurion and Healer","floor":28,"turns":6},{"damage":0,"enemies":"Snake Plant","floor":29,"turns":4},{"damage":9,"enemies":"Gremlin Leader","floor":30,"turns":5},{"damage":0,"enemies":"3 Cultists","floor":31,"turns":3},{"damage":0,"enemies":"Collector","floor":33,"turns":12},{"damage":0,"enemies":"3 Darklings","floor":35,"turns":3},{"damage":0,"enemies":"3 Shapes","floor":36,"turns":4},{"damage":0,"enemies":"Transient","floor":37,"turns":5},{"damage":0,"enemies":"Sphere and 2 Shapes","floor":39,"turns":4},{"damage":0,"enemies":"Giant Head","floor":41,"turns":10},{"damage":0,"enemies":"Writhing Mass","floor":42,"turns":6},{"damage":0,"enemies":"Nemesis","floor":44,"turns":8},{"damage":0,"enemies":"4 Shapes","floor":48,"turns":3},{"damage":0,"enemies":"Donu and Deca","floor":50,"turns":10},{"damage":0,"enemies":"Shield and Spear","floor":54,"turns":7},{"damage":39,"enemies":"The Heart","floor":55,"turns":15}],"seed_played":"-5361584136710751068","potions_obtained":[{"floor":3,"key":"Ancient Potion"},{"floor":5,"key":"LiquidBronze"},{"floor":7,"key":"Regen Potion"},{"floor":13,"key":"AttackPotion"},{"floor":18,"key":"PowerPotion"},{"floor":27,"key":"LiquidBronze"},{"floor":28,"key":"Block Potion"},{"floor":30,"key":"Fire Potion"},{"floor":31,"key":"SpeedPotion"}],"is_trial":false,"path_per_floor":["M","?","M","?","M","R","E","R","T","E","?","M","M","E","R","B",null,"M","M","?","$","M","E","R","E","T","E","M","M","E","M","R","B",null,"M","M","M","$","M","R","E","M","T","E","?","R","$","M","R","B",null,"R","$","E","B",null],"character_chosen":"THE_SILENT","items_purchased":["Noxious Fumes","Oddly Smooth Stone","Blur","TwistedFunnel","Footwork","Noxious Fumes","Burst"],"campfire_rested":2,"item_purchase_floors":[21,21,21,38,38,47,53],"current_hp_per_floor":[70,70,70,70,70,70,55,55,55,42,42,40,31,28,49,28,70,66,66,66,66,66,63,63,48,48,41,41,41,32,32,53,53,70,70,70,70,70,70,70,70,70,70,70,70,70,70,70,70,70,70,70,70,70,31],"gold":72,"neow_bonus":"THREE_ENEMY_KILL","is_prod":false,"is_daily":false,"chose_seed":false,"campfire_upgraded":6,"win_rate":0,"timestamp":1549150519,"path_taken":["M","?","?","?","M","R","E","R","T","E","?","M","M","E","R","BOSS","M","M","?","$","M","E","R","E","T","E","M","M","E","M","R","BOSS","M","M","M","$","?","R","E","M","T","E","?","R","?","M","R","BOSS","R","$","E","BOSS"],"build_version":"2019-01-23","purchased_purges":2,"victory":true,"max_hp_per_floor":[70,70,70,70,70,70,70,70,70,70,70,70,70,70,70,70,70,70,70,70,70,70,70,70,70,70,70,70,70,70,70,70,70,70,70,70,70,70,70,70,70,70,70,70,70,70,70,70,70,70,70,70,70,70,70],"card_choices":[{"not_picked":["Backflip","Bane"],"picked":"Dagger Throw","floor":1},{"not_picked":["PiercingWail","Cloak And Dagger"],"picked":"Dagger Spray","floor":3},{"not_picked":["Well Laid Plans","Sucker Punch"],"picked":"Dodge and Roll","floor":5},{"not_picked":["Choke","Tools of the Trade"],"picked":"Crippling Poison","floor":7},{"not_picked":["Phantasmal Killer","Slice","Dodge and Roll"],"picked":"SKIP","floor":10},{"not_picked":["Phantasmal Killer","Slice","Dodge and Roll"],"picked":"SKIP","floor":10},{"not_picked":["Expertise","Backflip"],"picked":"Blur","floor":12},{"not_picked":["Dagger Throw","Deflect"],"picked":"PiercingWail","floor":13},{"not_picked":["After Image","PiercingWail"],"picked":"Cloak And Dagger","floor":14},{"not_picked":["Venomology","Night Terror"],"picked":"Adrenaline","floor":16},{"not_picked":["Deflect","All Out Attack","Prepared"],"picked":"SKIP","floor":18},{"not_picked":["Riddle With Holes","Flying Knee"],"picked":"Dagger Throw+1","floor":19},{"not_picked":["Sucker Punch","Calculated Gamble","Distraction+1"],"picked":"SKIP","floor":22},{"not_picked":["Dash","Riddle With Holes+1"],"picked":"Heel Hook","floor":23},{"not_picked":["Slice","Heel Hook+1","Caltrops"],"picked":"SKIP","floor":25},{"not_picked":["Underhanded Strike","Grand Finale"],"picked":"Backflip","floor":27},{"not_picked":["Dagger Spray","Blade Dance"],"picked":"Crippling Poison","floor":28},{"not_picked":["Cloak And Dagger","Dash","Flechettes+1"],"picked":"SKIP","floor":29},{"not_picked":["Dagger Throw","Die Die Die"],"picked":"Blur","floor":30},{"not_picked":["Dagger Throw","Blade Dance","Sucker Punch"],"picked":"SKIP","floor":31},{"not_picked":["Flying Knee+1","Sucker Punch"],"picked":"Deadly Poison+1","floor":35},{"not_picked":["Dagger Throw+1","Dodge and Roll"],"picked":"Footwork","floor":36},{"not_picked":["Deadly Poison","Cloak And Dagger+1","Accuracy"],"picked":"SKIP","floor":37},{"not_picked":["Bane+1","Blade Dance","Dagger Throw+1"],"picked":"SKIP","floor":39},{"not_picked":["Dagger Spray","Flechettes"],"picked":"Malaise","floor":41},{"not_picked":["Underhanded Strike+1","Dodge and Roll","Deadly Poison+1"],"picked":"SKIP","floor":42},{"not_picked":["Prepared","Quick Slash+1","Dodge and Roll"],"picked":"SKIP","floor":44},{"not_picked":["Dagger Throw+1","Blade Dance+1","Outmaneuver+1"],"picked":"SKIP","floor":48},{"not_picked":["Flying Knee+1","Acrobatics+1","Setup"],"picked":"SKIP","floor":54}],"player_experience":444643,"relics_obtained":[{"floor":7,"key":"Bag of Preparation"},{"floor":9,"key":"Boot"},{"floor":10,"key":"Mercury Hourglass"},{"floor":14,"key":"Incense Burner"},{"floor":23,"key":"Centennial Puzzle"},{"floor":25,"key":"Lantern"},{"floor":27,"key":"Potion Belt"},{"floor":30,"key":"FossilizedHelix"},{"floor":41,"key":"Vajra"},{"floor":43,"key":"Juzu Bracelet"},{"floor":44,"key":"Du-Vu Doll"},{"floor":54,"key":"Letter Opener"}],"event_choices":[{"damage_healed":0,"gold_gain":0,"player_choice":"Upgraded","damage_taken":0,"max_hp_gain":0,"max_hp_loss":0,"event_name":"Upgrade Shrine","floor":2,"gold_loss":0,"cards_upgraded":["Neutralize"]},{"cards_removed":["Strike_G"],"damage_healed":0,"gold_gain":0,"player_choice":"Forget","damage_taken":0,"max_hp_gain":0,"max_hp_loss":0,"event_name":"Living Wall","floor":4,"gold_loss":0},{"damage_healed":0,"gold_gain":0,"player_choice":"Ignored","damage_taken":0,"max_hp_gain":0,"max_hp_loss":0,"event_name":"Golden Idol","floor":11,"gold_loss":0},{"damage_healed":0,"gold_gain":100,"player_choice":"Bet on Murderer","damage_taken":0,"max_hp_gain":0,"max_hp_loss":0,"event_name":"The Joust","floor":20,"gold_loss":50},{"damage_healed":0,"gold_gain":0,"player_choice":"Ignored","damage_taken":0,"max_hp_gain":0,"max_hp_loss":0,"event_name":"Tomb of Lord Red Mask","floor":45,"gold_loss":0}],"is_beta":false,"boss_relics":[{"not_picked":["Cursed Key","Runic Dome"],"picked":"Velvet Choker"},{"not_picked":["Coffee Dripper","Sozu"],"picked":"Empty Cage"}],"items_purged_floors":[21,38],"is_endless":false,"potions_floor_spawned":[3,5,7,13,18,19,27,28,30,31,35,36,42],"ascension_level":4}