{"gold_per_floor":[115,115,115,290,250,250,264,299,347,347,365,365,403,424,424,554,554,579,594,594,608,251,251,376,396,396,419,455,455,554,575,575,703,703,718,375,375,395,270,270,291,291,340,374,388,409,445,458,458,458],"floor_reached":51,"playtime":4013,"items_purged":["Injury","Normality","Pain"],"score":807,"play_id":"d515885e-0493-4b4a-b9ab-0df18067292f","local_time":"20190201111619","is_ascension_mode":false,"campfire_choices":[{"data":"Shrug It Off","floor":6.0,"key":"SMITH"},{"data":"Body Slam","floor":10.0,"key":"SMITH"},{"data":"Power Through","floor":12.0,"key":"SMITH"},{"floor":15.0,"key":"REST"},{"data":"Barricade","floor":23.0,"key":"SMITH"},{"floor":32.0,"key":"REST"},{"floor":40.0,"key":"DIG"},{"floor":42.0,"key":"DIG"},{"floor":49,"key":"REST"}],"neow_cost":"NONE","seed_source_timestamp":0,"circlet_count":0,"master_deck":["Strike_R","Strike_R","Strike_R","Strike_R","Strike_R","Defend_R","Defend_R","Defend_R","Defend_R","Bash+1","Shrug It Off+1","Body Slam+1","Power Through+1","Spot Weakness","Armaments","Barricade+1","Shrug It Off","Cleave","Shrug It Off","Shrug It Off+1","Armaments+1","Iron Wave","Double Tap","Body Slam+1","Heavy Blade+1","Normality","Metallicize+1","Parasite","Ghostly Armor+1"],"special_seed":0,"relics":["Burning Blood","Golden Idol","Odd Mushroom","Vajra","Ornamental Fan","Cursed Key","Mercury Hourglass","Shovel","Frozen Egg 2","Du-Vu Doll","Red Mask","Fusion Hammer","Bronze Scales","WarpedTongs","Pear","Blood Vial","Potion Belt","Molten Egg 2","Bottled Lightning"],"potions_floor_usage":[50,50,50],"damage_taken":[{"damage":9.0,"enemies":"Small Slimes","floor":1.0,"turns":5.0},{"damage":5.0,"enemies":"2 Louse","floor":7.0,"turns":4.0},{"damage":53.0,"enemies":"The Mushroom Lair","floor":8.0,"turns":8.0},{"damage":10.0,"enemies":"Jaw Worm","floor":11.0,"turns":4.0},{"damage":17.0,"enemies":"3 Sentries","floor":13.0,"turns":9.0},{"damage":2.0,"enemies":"Blue Slaver","floor":14.0,"turns":3.0},{"damage":37.0,"enemies":"Slime Boss","floor":16.0,"turns":12.0},{"damage":2.0,"enemies":"Chosen","floor":18.0,"turns":6.0},{"damage":21.0,"enemies":"2 Thieves","floor":19.0,"turns":5.0},{"damage":2.0,"enemies":"3 Cultists","floor":21.0,"turns":7.0},{"damage":7.0,"enemies":"Colosseum Slavers","floor":24.0,"turns":4.0},{"damage":15.0,"enemies":"Colosseum Nobs","floor":24.0,"turns":5.0},{"damage":8.0,"enemies":"Shelled Parasite and Fungi","floor":25.0,"turns":5.0},{"damage":26.0,"enemies":"Sentry and Sphere","floor":27.0,"turns":8.0},{"damage":22.0,"enemies":"Masked Bandits","floor":28.0,"turns":4.0},{"damage":0.0,"enemies":"Snecko","floor":31.0,"turns":6.0},{"damage":0.0,"enemies":"Collector","floor":33.0,"turns":11.0},{"damage":45.0,"enemies":"3 Darklings","floor":35.0,"turns":7.0},{"damage":11.0,"enemies":"Orb Walker","floor":38.0,"turns":2.0},{"damage":0.0,"enemies":"Transient","floor":41.0,"turns":5.0},{"damage":0.0,"enemies":"Giant Head","floor":44.0,"turns":5.0},{"damage":11.0,"enemies":"Maw","floor":45.0,"turns":7.0},{"damage":3.0,"enemies":"Writhing Mass","floor":46.0,"turns":6.0},{"damage":26.0,"enemies":"Reptomancer","floor":47.0,"turns":6.0},{"damage":18.0,"enemies":"Spire Growth","floor":48.0,"turns":4.0},{"damage":10,"enemies":"Awakened One","floor":50,"turns":12}],"seed_played":"-3083761727633248473","potions_obtained":[{"floor":1.0,"key":"BloodPotion"},{"floor":13.0,"key":"Weak Potion"},{"floor":16.0,"key":"Energy Potion"},{"floor":25.0,"key":"Poison Potion"},{"floor":27.0,"key":"Strength Potion"},{"floor":33.0,"key":"Explosive Potion"},{"floor":38.0,"key":"BloodPotion"},{"floor":46.0,"key":"Fire Potion"},{"floor":48,"key":"GamblersBrew"}],"is_trial":false,"path_per_floor":["M","?","?","?","?","R","M","?","T","R","M","R","E","M","R","B",null,"M","M","?","M","$","R","?","M","T","M","?","?","?","M","R","B",null,"M","$","?","M","$","R","M","R","T","E","M","M","E","M","R","B",null],"character_chosen":"IRONCLAD","items_purchased":["Shrug It Off","Mercury Hourglass","Block Potion","Dexterity Potion","Bronze Scales"],"campfire_rested":3,"item_purchase_floors":[22,22,36,36,36],"current_hp_per_floor":[77,77,77,77,77,77,78,39,39,39,35,35,24,28,52,21,80,80,65,65,69,69,69,59,57,57,37,21,21,21,27,51,57,80,41,41,41,36,36,46,52,52,52,60,57,62,44,34,61,68],"gold":458,"neow_bonus":"THREE_SMALL_POTIONS","is_prod":false,"is_daily":false,"chose_seed":false,"campfire_upgraded":4,"win_rate":0,"timestamp":1549037779,"path_taken":["M","?","?","?","?","R","?","?","T","R","M","R","E","M","R","BOSS","M","M","?","M","$","R","?","M","T","?","?","?","?","M","R","BOSS","M","$","?","M","$","R","M","R","T","E","M","?","E","M","R","BOSS"],"build_version":"2019-01-23","purchased_purges":3,"victory":true,"max_hp_per_floor":[80,80,80,80,80,80,80,80,80,80,80,80,80,80,80,80,80,80,80,80,80,80,80,80,80,80,80,80,80,80,80,80,80,80,80,80,80,80,80,90,90,90,90,90,90,90,90,90,90,90],"card_choices":[{"not_picked":["Perfected Strike","Pommel Strike"],"picked":"Shrug It Off","floor":1.0},{"not_picked":["Reckless Charge","Clash"],"picked":"Body Slam","floor":7.0},{"not_picked":["Body Slam","Flex"],"picked":"Power Through","floor":8.0},{"not_picked":["Fire Breathing","True Grit"],"picked":"Spot Weakness","floor":11.0},{"not_picked":["Flex","Burning Pact","Warcry"],"picked":"SKIP","floor":13.0},{"not_picked":["Disarm","Sword Boomerang"],"picked":"Armaments","floor":14.0},{"not_picked":["Dark Embrace","Juggernaut"],"picked":"Barricade","floor":16.0},{"not_picked":["Twin Strike","Clothesline","Flex"],"picked":"SKIP","floor":18.0},{"not_picked":["Hemokinesis+1","Rupture"],"picked":"Shrug It Off","floor":19.0},{"not_picked":["Uppercut","Evolve"],"picked":"Cleave","floor":21.0},{"not_picked":["Sword Boomerang+1","Wild Strike"],"picked":"Shrug It Off+1","floor":24.0},{"not_picked":["Shrug It Off","Seeing Red"],"picked":"Armaments+1","floor":25.0},{"not_picked":["Shrug It Off","Pummel","Anger"],"picked":"SKIP","floor":27.0},{"not_picked":["Twin Strike","Blood for Blood"],"picked":"Iron Wave","floor":31.0},{"not_picked":["Brutality+1","Reaper"],"picked":"Double Tap","floor":33.0},{"not_picked":["Warcry+1","Evolve+1"],"picked":"Body Slam+1","floor":35.0},{"not_picked":["True Grit+1","Pommel Strike+1","Rupture+1"],"picked":"SKIP","floor":38.0},{"not_picked":["Dropkick+1","Carnage"],"picked":"Heavy Blade+1","floor":41.0},{"not_picked":["Flex","Offering","True Grit+1"],"picked":"SKIP","floor":44.0},{"not_picked":["Twin Strike+1","Flex+1"],"picked":"Metallicize+1","floor":45.0},{"not_picked":["Sword Boomerang+1","Wild Strike+1","Anger+1"],"picked":"SKIP","floor":46.0},{"not_picked":["Iron Wave+1","Infernal Blade+1","Pommel Strike+1"],"picked":"SKIP","floor":47.0},{"not_picked":["Combust+1","Spot Weakness"],"picked":"Ghostly Armor+1","floor":48}],"player_experience":17612,"relics_obtained":[{"floor":8.0,"key":"Odd Mushroom"},{"floor":9.0,"key":"Vajra"},{"floor":13.0,"key":"Ornamental Fan"},{"floor":24.0,"key":"Shovel"},{"floor":24.0,"key":"Frozen Egg 2"},{"floor":26.0,"key":"Du-Vu Doll"},{"floor":28.0,"key":"Red Mask"},{"floor":40.0,"key":"Pear"},{"floor":42.0,"key":"Blood Vial"},{"floor":43.0,"key":"Potion Belt"},{"floor":44.0,"key":"Molten Egg 2"},{"floor":47.0,"key":"Bottled Lightning"}],"event_choices":[{"damage_healed":0.0,"max_hp_gain":0.0,"max_hp_loss":0.0,"gold_gain":0.0,"event_name":"Golden Idol","player_choice":"Take Wound","floor":2.0,"gold_loss":0.0,"damage_taken":0.0,"relics_obtained":["Golden Idol"],"cards_obtained":["Injury"]},{"damage_healed":0.0,"max_hp_gain":0.0,"max_hp_loss":0.0,"gold_gain":0.0,"event_name":"Living Wall","player_choice":"Grow","floor":3.0,"gold_loss":0.0,"damage_taken":0.0,"cards_upgraded":["Bash"]},{"damage_healed":0.0,"max_hp_gain":0.0,"max_hp_loss":0.0,"gold_gain":175.0,"event_name":"Liars Game","player_choice":"AGREE","floor":4.0,"gold_loss":0.0,"damage_taken":0.0,"cards_obtained":["Doubt"]},{"damage_healed":0.0,"max_hp_gain":0.0,"max_hp_loss":0.0,"gold_gain":0.0,"event_name":"World of Goop","player_choice":"Left Gold","floor":5.0,"gold_loss":40.0,"damage_taken":0.0},{"damage_healed":0.0,"max_hp_gain":0.0,"max_hp_loss":0.0,"gold_gain":0.0,"event_name":"Mushrooms","player_choice":"Fought Mushrooms","floor":8.0,"gold_loss":0.0,"damage_taken":0.0},{"cards_removed":["Doubt"],"damage_healed":0.0,"max_hp_gain":0.0,"max_hp_loss":0.0,"gold_gain":0.0,"event_name":"Back to Basics","player_choice":"Elegance","floor":20.0,"gold_loss":0.0,"damage_taken":0.0},{"damage_healed":0.0,"max_hp_gain":0.0,"max_hp_loss":0.0,"gold_gain":0.0,"event_name":"Colosseum","player_choice":"Fight","floor":24.0,"gold_loss":0.0,"damage_taken":0.0},{"damage_healed":0.0,"max_hp_gain":0.0,"max_hp_loss":0.0,"gold_gain":0.0,"event_name":"Colosseum","player_choice":"Fought Nobs","floor":24.0,"gold_loss":0.0,"damage_taken":0.0},{"damage_healed":0.0,"max_hp_gain":0.0,"max_hp_loss":0.0,"gold_gain":0.0,"event_name":"Masked Bandits","player_choice":"Fought Bandits","floor":28.0,"gold_loss":0.0,"damage_taken":0.0},{"damage_healed":0.0,"max_hp_gain":0.0,"max_hp_loss":0.0,"gold_gain":0.0,"event_name":"Vampires","player_choice":"Ignored","floor":29.0,"gold_loss":0.0,"damage_taken":0.0},{"damage_healed":0.0,"max_hp_gain":0.0,"max_hp_loss":0.0,"gold_gain":99.0,"event_name":"Nest","player_choice":"Stole From Cult","floor":30.0,"gold_loss":0.0,"damage_taken":0.0},{"damage_healed":0.0,"max_hp_gain":0.0,"max_hp_loss":0.0,"gold_gain":0.0,"event_name":"Accursed Blacksmith","player_choice":"Rummage","floor":37.0,"gold_loss":0.0,"damage_taken":0.0,"relics_obtained":["WarpedTongs"],"cards_obtained":["Pain"]}],"is_beta":false,"boss_relics":[{"not_picked":["Runic Dome","Orrery"],"picked":"Cursed Key"},{"not_picked":["Black Star","Calling Bell"],"picked":"Fusion Hammer"}],"items_purged_floors":[22,36,39],"is_endless":false,"potions_floor_spawned":[1,13,16,24,25,27,33,38,41,46,48],"ascension_level":0}