{"gold_per_floor":[110,60,60,60,60,85,95,106,106,31,31,48,48,68,68,171,171,183,108,108,96,96,96],"floor_reached":23,"playtime":1246,"items_purged":["Strike_B"],"score":246,"play_id":"e24eef52-bcd4-4150-a1c1-b0f4b4569800","local_time":"20181102234233","is_ascension_mode":true,"campfire_choices":[{"floor":13,"key":"DIG"},{"floor":15,"key":"DIG"}],"neow_cost":"NONE","seed_source_timestamp":711770679113263,"circlet_count":0,"master_deck":["Defend_B","Defend_B","Defend_B","Defend_B","Zap+1","Dualcast","Go for the Eyes","Cold Snap","Double Energy","Darkness","Loop","Coolheaded","Fission","Coolheaded","Hologram","Conserve Battery"],"relics":["Cracked Core","NeowsBlessing","Shovel","Oddly Smooth Stone","Kunai","Bag of Preparation","Smiling Mask","Nloth\u0027s Gift"],"potions_floor_usage":[16,21,21],"damage_taken":[{"damage":0,"enemies":"Small Slimes","floor":1,"turns":1},{"damage":0,"enemies":"3 Sentries","floor":6,"turns":1},{"damage":0,"enemies":"2 Louse","floor":7,"turns":1},{"damage":0,"enemies":"Cultist","floor":8,"turns":3},{"damage":6,"enemies":"3 Louse","floor":12,"turns":3},{"damage":9,"enemies":"Large Slime","floor":14,"turns":6},{"damage":3,"enemies":"Slime Boss","floor":16,"turns":6},{"damage":20,"enemies":"Spheric Guardian","floor":18,"turns":6},{"damage":6,"enemies":"2 Thieves","floor":21,"turns":4},{"damage":45,"enemies":"Gremlin Leader","floor":23,"turns":6}],"seed_played":"5104464415625060892","potions_obtained":[{"floor":7,"key":"FearPotion"},{"floor":8,"key":"SpeedPotion"},{"floor":12,"key":"Strength Potion"},{"floor":14,"key":"FearPotion"}],"is_trial":false,"path_per_floor":["M","?","?","?","?","E","M","M","T","$","?","M","R","M","R","B",null,"M","?","?","M","?","E"],"character_chosen":"DEFECT","items_purchased":[],"campfire_rested":0,"item_purchase_floors":[],"current_hp_per_floor":[75,75,63,68,68,68,68,68,68,68,61,55,55,46,46,43,80,60,60,60,54,54,9],"gold":96,"neow_bonus":"THREE_ENEMY_KILL","is_prod":false,"is_daily":false,"chose_seed":false,"campfire_upgraded":0,"win_rate":0,"timestamp":1541220153,"path_taken":["M","?","?","?","?","E","M","M","T","$","?","?","R","M","R","BOSS","M","?","?","?","?","E"],"build_version":"2018-11-01","purchased_purges":1,"victory":false,"max_hp_per_floor":[75,75,75,80,80,80,80,80,80,80,80,80,80,80,80,80,80,80,80,80,80,80,80],"card_choices":[{"not_picked":["Gash","Compile Driver"],"picked":"Go for the Eyes","floor":1},{"not_picked":["Auto Shields","Steam"],"picked":"Cold Snap","floor":6},{"not_picked":["Hello World","Darkness"],"picked":"Double Energy","floor":7},{"not_picked":["Genetic Algorithm","Streamline"],"picked":"Darkness","floor":8},{"not_picked":["Conserve Battery","Hologram"],"picked":"Loop","floor":12},{"not_picked":["Go for the Eyes","Hologram"],"picked":"Coolheaded","floor":14},{"not_picked":["Amplify","Biased Cognition"],"picked":"Fission","floor":16},{"not_picked":["Streamline","Go for the Eyes+1"],"picked":"Coolheaded","floor":18},{"not_picked":["Streamline","Recycle"],"picked":"Hologram","floor":21}],"player_experience":91127,"relics_obtained":[{"floor":6,"key":"Oddly Smooth Stone"},{"floor":9,"key":"Kunai"},{"floor":13,"key":"Bag of Preparation"},{"floor":15,"key":"Smiling Mask"}],"event_choices":[{"cards_removed":["Strike_B"],"damage_healed":0,"gold_gain":0,"player_choice":"Card Removal","damage_taken":0,"max_hp_gain":0,"max_hp_loss":0,"event_name":"The Cleric","floor":2,"gold_loss":50},{"damage_healed":0,"gold_gain":0,"player_choice":"Success","damage_taken":12,"relics_obtained":["Shovel"],"max_hp_gain":0,"max_hp_loss":0,"event_name":"Scrap Ooze","floor":3,"gold_loss":0},{"damage_healed":0,"gold_gain":0,"player_choice":"Donut","damage_taken":0,"max_hp_gain":5,"max_hp_loss":0,"event_name":"Big Fish","floor":4,"gold_loss":0},{"damage_healed":0,"gold_gain":0,"player_choice":"Grow","damage_taken":0,"max_hp_gain":0,"max_hp_loss":0,"event_name":"Living Wall","floor":5,"gold_loss":0,"cards_upgraded":["Zap"]},{"cards_removed":["Strike_B"],"damage_healed":0,"gold_gain":0,"player_choice":"Card Removal","damage_taken":7,"max_hp_gain":0,"max_hp_loss":0,"event_name":"Golden Wing","floor":11,"gold_loss":0},{"cards_removed":["Strike_B"],"damage_healed":0,"gold_gain":0,"player_choice":"Gave Gold","damage_taken":0,"max_hp_gain":0,"max_hp_loss":0,"event_name":"Beggar","floor":19,"gold_loss":75},{"damage_healed":0,"gold_gain":0,"player_choice":"Traded Relic","damage_taken":0,"relics_obtained":["Nloth\u0027s Gift"],"max_hp_gain":0,"max_hp_loss":0,"event_name":"N\u0027loth","floor":20,"relics_lost":["Snecko Eye"],"gold_loss":0},{"damage_healed":0,"gold_gain":0,"player_choice":"Read","damage_taken":0,"max_hp_gain":0,"max_hp_loss":0,"event_name":"The Library","floor":22,"gold_loss":0,"cards_obtained":["Conserve Battery"]}],"is_beta":false,"boss_relics":[{"not_picked":["Ectoplasm","Orrery"],"picked":"Snecko Eye"}],"items_purged_floors":[10],"is_endless":false,"potions_floor_spawned":[7,8,12,14],"killed_by":"Gremlin Leader","ascension_level":3}