{"gold_per_floor":[118,118,118,43,62,62,96,96,123,30,45,45,45,79,79,175,175,156,156,81,81,81,81,108,108,132,82,100,100,100,50,50,129,129,142,161,178,178,192,192,226,253,291,303,326,338,450,487,499,511,523],"floor_reached":51,"playtime":5607,"items_purged":["Normality","Masterful Stab","Bite"],"score":1379,"play_id":"742913d3-ab99-4fd4-9550-143ffd5109be","local_time":"20190126144842","is_ascension_mode":true,"campfire_choices":[{"data":"Neutralize","floor":6.0,"key":"SMITH"},{"floor":8.0,"key":"REST"},{"floor":12.0,"key":"DIG"},{"floor":15.0,"key":"REST"},{"data":"Well Laid Plans","floor":23.0,"key":"SMITH"},{"floor":25.0,"key":"DIG"},{"floor":30.0,"key":"DIG"},{"data":"Noxious Fumes","floor":32.0,"key":"SMITH"},{"data":"Footwork","floor":40.0,"key":"SMITH"},{"data":"Malaise","floor":44.0,"key":"SMITH"},{"data":"Footwork","floor":46.0,"key":"SMITH"},{"floor":49.0,"key":"DIG"}],"neow_cost":"CURSE","seed_source_timestamp":343210561620148,"circlet_count":0,"master_deck":["AscendersBane","Defend_G+1","Defend_G","Defend_G","Defend_G","Defend_G","Survivor","Neutralize+1","Noxious Fumes","Adrenaline","Night Terror+1","Deflect","Well Laid Plans+1","Bite","Bite","Bite","Bite","Noxious Fumes+1","Malaise+1","Deadly Poison+1","Footwork+1","Backflip","Footwork+1","Backflip","Die Die Die"],"special_seed":0,"relics":["Ring of the Snake","StoneCalendar","Bloody Idol","Calipers","Shovel","Lantern","Omamori","Boot","Mercury Hourglass","Sozu","Du-Vu Doll","Smiling Mask","Art of War","Blood Vial","Tough Bandages","Lizard Tail","MawBank","War Paint","Ice Cream","Orichalcum","Happy Flower"],"potions_floor_usage":[],"damage_taken":[{"damage":3.0,"enemies":"Small Slimes","floor":1.0,"turns":4.0},{"damage":8.0,"enemies":"Jaw Worm","floor":5.0,"turns":7.0},{"damage":6.0,"enemies":"Gremlin Nob","floor":7.0,"turns":3.0},{"damage":0.0,"enemies":"2 Louse","floor":11.0,"turns":2.0},{"damage":13.0,"enemies":"3 Sentries","floor":14.0,"turns":7.0},{"damage":22.0,"enemies":"The Guardian","floor":16.0,"turns":13.0},{"damage":12.0,"enemies":"2 Thieves","floor":18.0,"turns":4.0},{"damage":11.0,"enemies":"Colosseum Slavers","floor":19.0,"turns":5.0},{"damage":14.0,"enemies":"Gremlin Leader","floor":24.0,"turns":7.0},{"damage":13.0,"enemies":"3 Byrds","floor":28.0,"turns":4.0},{"damage":54.0,"enemies":"Collector","floor":33.0,"turns":7.0},{"damage":9.0,"enemies":"Orb Walker","floor":35.0,"turns":5.0},{"damage":37.0,"enemies":"3 Darklings","floor":36.0,"turns":6.0},{"damage":11.0,"enemies":"Writhing Mass","floor":37.0,"turns":7.0},{"damage":31.0,"enemies":"4 Shapes","floor":39.0,"turns":6.0},{"damage":33.0,"enemies":"Nemesis","floor":41.0,"turns":8.0},{"damage":47.0,"enemies":"Spire Growth","floor":42.0,"turns":7.0},{"damage":20.0,"enemies":"3 Darklings","floor":45.0,"turns":6.0},{"damage":0.0,"enemies":"Mind Bloom Boss Battle","floor":47.0,"turns":9.0},{"damage":2.0,"enemies":"Giant Head","floor":48.0,"turns":12.0},{"damage":46.0,"enemies":"Donu and Deca","floor":50.0,"turns":12.0},{"damage":45,"enemies":"Awakened One","floor":51,"turns":3}],"seed_played":"5420126017249162165","potions_obtained":[{"floor":5.0,"key":"SkillPotion"},{"floor":7.0,"key":"EntropicBrew"},{"floor":11.0,"key":"Fruit Juice"}],"is_trial":false,"path_per_floor":["M","?","?","$","M","R","E","R","T","$","M","R","T","E","R","B",null,"M","?","$","?","?","R","E","R","T","$","M","T","R","$","R","B",null,"M","M","M","?","M","R","E","M","T","R","M","R","?","E","R","B","B"],"character_chosen":"THE_SILENT","items_purchased":["Explosive Potion","Noxious Fumes","Well Laid Plans"],"campfire_rested":2,"item_purchase_floors":[10,10,20],"current_hp_per_floor":[56,56,21,21,13,13,7,25,25,25,30,30,30,17,36,14,52,40,29,29,29,29,29,40,40,45,45,45,45,45,45,45,11,37,45,29,37,37,19,19,13,16,26,31,35,40,43,43,43,19,0],"gold":523,"neow_bonus":"ONE_RARE_RELIC","is_prod":false,"is_daily":false,"chose_seed":false,"campfire_upgraded":6,"win_rate":0,"timestamp":1548510522,"path_taken":["M","?","?","$","M","R","E","R","T","$","M","R","?","E","R","BOSS","M","?","$","?","?","R","E","R","T","?","M","?","R","$","R","BOSS","M","M","M","?","M","R","E","M","T","R","M","R","?","E","R","BOSS","BOSS"],"build_version":"2019-01-23","purchased_purges":3,"victory":false,"max_hp_per_floor":[66,60,60,60,60,60,60,60,60,60,65,65,65,65,65,65,65,65,65,65,45,45,45,45,45,45,45,45,45,45,45,45,45,45,45,45,45,43,43,43,43,43,43,43,43,43,43,43,43,43,43],"card_choices":[{"not_picked":["Underhanded Strike","Catalyst","Dagger Spray"],"picked":"SKIP","floor":1.0},{"not_picked":["Outmaneuver","Dagger Spray"],"picked":"Masterful Stab","floor":5.0},{"not_picked":["Dodge and Roll","Concentrate","Deadly Poison"],"picked":"SKIP","floor":7.0},{"not_picked":["Bane","Masterful Stab","Heel Hook"],"picked":"SKIP","floor":11.0},{"not_picked":["Dagger Spray","Heel Hook"],"picked":"Adrenaline","floor":14.0},{"not_picked":["Grand Finale","Tools of the Trade"],"picked":"Night Terror","floor":16.0},{"not_picked":["Tactician","Dagger Throw"],"picked":"Deflect","floor":18.0},{"not_picked":["Choke","Venomology"],"picked":"Noxious Fumes","floor":24.0},{"not_picked":["Well Laid Plans","Blade Dance","Poisoned Stab"],"picked":"SKIP","floor":28.0},{"not_picked":["Glass Knife","Night Terror"],"picked":"Malaise","floor":33.0},{"not_picked":["Bane","Skewer","Outmaneuver"],"picked":"SKIP","floor":35.0},{"not_picked":["Poisoned Stab+1","Escape Plan"],"picked":"Deadly Poison+1","floor":36.0},{"not_picked":["Backflip+1","Dagger Throw"],"picked":"Footwork","floor":37.0},{"not_picked":["Escape Plan","Blade Dance","Skewer"],"picked":"SKIP","floor":39.0},{"not_picked":["Caltrops+1","Distraction","Terror"],"picked":"SKIP","floor":41.0},{"not_picked":["Flying Knee+1","Accuracy"],"picked":"Backflip","floor":42.0},{"not_picked":["Sucker Punch+1","Prepared"],"picked":"Footwork","floor":45.0},{"not_picked":["Poisoned Stab","Terror+1"],"picked":"Backflip","floor":47.0},{"not_picked":["Poisoned Stab+1","Bullet Time"],"picked":"Die Die Die","floor":48.0}],"player_experience":1017324,"relics_obtained":[{"floor":7.0,"key":"Shovel"},{"floor":9.0,"key":"Lantern"},{"floor":12.0,"key":"Omamori"},{"floor":13.0,"key":"Boot"},{"floor":14.0,"key":"Mercury Hourglass"},{"floor":24.0,"key":"Du-Vu Doll"},{"floor":25.0,"key":"Smiling Mask"},{"floor":26.0,"key":"Art of War"},{"floor":29.0,"key":"Blood Vial"},{"floor":30.0,"key":"Tough Bandages"},{"floor":41.0,"key":"MawBank"},{"floor":43.0,"key":"War Paint"},{"floor":47.0,"key":"Ice Cream"},{"floor":48.0,"key":"Orichalcum"},{"floor":49.0,"key":"Happy Flower"}],"event_choices":[{"damage_healed":0.0,"max_hp_gain":0.0,"max_hp_loss":6.0,"gold_gain":0.0,"event_name":"Golden Idol","player_choice":"Lose Max HP","floor":2.0,"gold_loss":0.0,"damage_taken":0.0,"relics_obtained":["Golden Idol"]},{"damage_healed":0.0,"max_hp_gain":0.0,"max_hp_loss":0.0,"gold_gain":0.0,"event_name":"Scrap Ooze","player_choice":"Success","floor":3.0,"gold_loss":0.0,"damage_taken":35.0,"relics_obtained":["Calipers"]},{"damage_healed":0.0,"max_hp_gain":0.0,"max_hp_loss":0.0,"gold_gain":0.0,"event_name":"Colosseum","player_choice":"Fight","floor":19.0,"gold_loss":0.0,"damage_taken":0.0},{"damage_healed":0.0,"max_hp_gain":0.0,"max_hp_loss":0.0,"gold_gain":0.0,"event_name":"Colosseum","player_choice":"Fled From Nobs","floor":19.0,"gold_loss":0.0,"damage_taken":0.0},{"damage_healed":0.0,"max_hp_gain":0.0,"max_hp_loss":20.0,"gold_gain":0.0,"event_name":"Vampires","player_choice":"Became a vampire","floor":21.0,"gold_loss":0.0,"damage_taken":0.0,"cards_obtained":["Bite","Bite","Bite","Bite","Bite"]},{"damage_healed":0.0,"max_hp_gain":0.0,"max_hp_loss":0.0,"gold_gain":0.0,"event_name":"Forgotten Altar","player_choice":"Gave Idol","floor":22.0,"relics_lost":["Golden Idol"],"gold_loss":0.0,"damage_taken":0.0,"relics_obtained":["Bloody Idol"]},{"damage_healed":0.0,"max_hp_gain":0.0,"max_hp_loss":2.0,"gold_gain":0.0,"event_name":"Winding Halls","player_choice":"Max HP","floor":38.0,"gold_loss":0.0,"damage_taken":0.0},{"damage_healed":0.0,"max_hp_gain":0.0,"max_hp_loss":0.0,"gold_gain":0.0,"event_name":"MindBloom","player_choice":"Fight","floor":47.0,"gold_loss":0.0,"damage_taken":0.0}],"is_beta":false,"boss_relics":[{"not_picked":["Ectoplasm","Velvet Choker"],"picked":"Sozu"},{"not_picked":["Empty Cage","Runic Pyramid"],"picked":"Lizard Tail"}],"items_purged_floors":[4,27,31],"is_endless":false,"potions_floor_spawned":[5,7,11,18,24,35,41,47,48],"killed_by":"Awakened One","ascension_level":20}