{"gold_per_floor":[117,133,143,159,159,159,178,213,213,248,248,248,106,106,106,234,234,259,274,288,288,303,303,341,341,366,366,366,14,14,194,194,320,320,343,343,343,363,53,53,92,92,92,92,113,113,128,162,162,162],"floor_reached":51,"playtime":4428,"items_purged":["Strike_G"],"score":806,"play_id":"c0c6ab09-0c5a-49a0-a643-8ddc810fdf92","local_time":"20190110130310","is_ascension_mode":false,"campfire_choices":[{"data":"Predator","floor":6.0,"key":"SMITH"},{"floor":12.0,"key":"REST"},{"floor":15.0,"key":"REST"},{"data":"Doppelganger","floor":23.0,"key":"SMITH"},{"data":"Catalyst","floor":25.0,"key":"SMITH"},{"data":"Noxious Fumes","floor":27.0,"key":"SMITH"},{"data":"Footwork","floor":32.0,"key":"SMITH"},{"data":"Noxious Fumes","floor":40,"key":"SMITH"},{"data":"Noxious Fumes","floor":42,"key":"SMITH"},{"data":"Bouncing Flask","floor":44,"key":"SMITH"},{"data":"Neutralize","floor":49,"key":"SMITH"}],"neow_cost":"NONE","seed_source_timestamp":150027225903642,"circlet_count":0,"master_deck":["Defend_G+1","Defend_G+1","Defend_G+1","Defend_G+1","Defend_G+1","Survivor","Neutralize+1","Deadly Poison","Predator+1","Catalyst+1","PiercingWail","Noxious Fumes+1","Noxious Fumes+1","Leg Sweep+1","Backflip","Doppelganger+1","Noxious Fumes+1","Bouncing Flask+1","Footwork+1","Dodge and Roll+1","PiercingWail+1","Calculated Gamble+1"],"special_seed":0,"relics":["Snecko Eye","Golden Idol","Bottled Lightning","Singing Bowl","Paper Crane","Empty Cage","Juzu Bracelet","Boot","Nilry\u0027s Codex","Lee\u0027s Waffle","Lizard Tail","Thread and Needle","Potion Belt","Snake Skull","PreservedInsect"],"potions_floor_usage":[],"damage_taken":[{"damage":2.0,"enemies":"Cultist","floor":1.0,"turns":6.0},{"damage":1.0,"enemies":"Jaw Worm","floor":2.0,"turns":3.0},{"damage":0.0,"enemies":"Small Slimes","floor":3.0,"turns":2.0},{"damage":10.0,"enemies":"Gremlin Gang","floor":4.0,"turns":6.0},{"damage":5.0,"enemies":"2 Fungi Beasts","floor":7.0,"turns":4.0},{"damage":8.0,"enemies":"3 Sentries","floor":8.0,"turns":9.0},{"damage":35.0,"enemies":"Gremlin Nob","floor":10.0,"turns":5.0},{"damage":23.0,"enemies":"Slime Boss","floor":16.0,"turns":6.0},{"damage":26.0,"enemies":"2 Thieves","floor":18.0,"turns":4.0},{"damage":0.0,"enemies":"Shell Parasite","floor":19.0,"turns":5.0},{"damage":8.0,"enemies":"Snecko","floor":20.0,"turns":7.0},{"damage":7.0,"enemies":"Chosen and Byrds","floor":22.0,"turns":5.0},{"damage":0.0,"enemies":"Book of Stabbing","floor":24.0,"turns":6.0},{"damage":0.0,"enemies":"Automaton","floor":33.0,"turns":7.0},{"damage":18,"enemies":"3 Darklings","floor":35,"turns":6},{"damage":2,"enemies":"Orb Walker","floor":38,"turns":7},{"damage":9,"enemies":"Giant Head","floor":41,"turns":6},{"damage":0,"enemies":"3 Darklings","floor":45,"turns":4},{"damage":0,"enemies":"Writhing Mass","floor":47,"turns":4},{"damage":0,"enemies":"Nemesis","floor":48,"turns":5},{"damage":6,"enemies":"Time Eater","floor":50,"turns":8}],"seed_played":"-3848008433929953825","potions_obtained":[{"floor":1.0,"key":"SpeedPotion"},{"floor":3.0,"key":"Ancient Potion"},{"floor":10.0,"key":"SteroidPotion"},{"floor":19.0,"key":"Strength Potion"},{"floor":35,"key":"Swift Potion"},{"floor":41,"key":"Fire Potion"},{"floor":48,"key":"EssenceOfSteel"}],"is_trial":false,"path_per_floor":["M","M","M","M","?","R","M","E","T","E","?","R","$","?","R","B",null,"M","M","M","?","M","R","E","R","T","R","?","$","?","?","R","B",null,"M","?","?","M","$","R","E","R","T","R","M","$","M","E","R","B",null],"character_chosen":"THE_SILENT","items_purchased":["Noxious Fumes","Footwork","Lee\u0027s Waffle","GhostInAJar","Thread and Needle"],"campfire_rested":2,"item_purchase_floors":[13,29,29,29,39],"current_hp_per_floor":[68,67,67,57,57,57,52,44,44,9,9,28,28,28,47,26,67,41,41,33,33,28,28,28,28,28,28,12,76,76,55,55,57,78,62,62,67,67,67,67,58,58,58,58,58,58,58,60,60,54],"gold":162,"neow_bonus":"BOSS_RELIC","is_prod":false,"is_daily":false,"chose_seed":false,"campfire_upgraded":9,"win_rate":0,"timestamp":1547121790,"path_taken":["M","M","M","?","?","R","M","E","T","E","?","R","$","?","R","BOSS","M","M","?","?","?","R","E","R","T","R","?","$","?","?","R","BOSS","M","?","?","M","?","R","E","R","T","R","M","$","M","E","R","BOSS"],"build_version":"2019-01-03v4","purchased_purges":1,"victory":true,"max_hp_per_floor":[70,70,70,70,65,65,65,65,65,65,65,65,65,65,65,67,67,67,67,67,67,69,69,69,69,69,69,69,76,76,76,76,78,78,80,76,76,78,78,78,78,78,78,78,78,78,78,80,80,80],"card_choices":[{"not_picked":["Accuracy","Concentrate"],"picked":"Deadly Poison","floor":1.0},{"not_picked":["Escape Plan","Slice"],"picked":"Predator","floor":2.0},{"not_picked":["Accuracy","Tactician"],"picked":"Catalyst","floor":3.0},{"not_picked":["Sucker Punch","All Out Attack"],"picked":"PiercingWail","floor":4.0},{"not_picked":["Quick Slash","Blade Dance","PiercingWail"],"picked":"SKIP","floor":7.0},{"not_picked":["Escape Plan","Underhanded Strike"],"picked":"Dagger Throw","floor":8.0},{"not_picked":["PiercingWail","Quick Slash"],"picked":"Noxious Fumes","floor":10.0},{"not_picked":["Phantasmal Killer","Grand Finale","Venomology"],"picked":"Singing Bowl","floor":16.0},{"not_picked":["Acrobatics","Blur"],"picked":"Leg Sweep+1","floor":18.0},{"not_picked":["Poisoned Stab","Masterful Stab"],"picked":"Backflip","floor":19.0},{"not_picked":["Sucker Punch","Heel Hook"],"picked":"Doppelganger","floor":20.0},{"not_picked":["Blade Dance+1","Quick Slash","Dodge and Roll"],"picked":"Singing Bowl","floor":22.0},{"not_picked":["Dagger Spray","Flechettes"],"picked":"Bouncing Flask","floor":24.0},{"not_picked":["Tools of the Trade","Envenom","Die Die Die"],"picked":"Singing Bowl","floor":33.0},{"not_picked":["Prepared+1","Eviscerate","Slice"],"picked":"Singing Bowl","floor":35},{"not_picked":["Deflect+1","Concentrate+1","Slice+1"],"picked":"Singing Bowl","floor":38},{"not_picked":["Flying Knee","Unload"],"picked":"Dodge and Roll+1","floor":41},{"not_picked":["Prepared","Poisoned Stab"],"picked":"PiercingWail+1","floor":45},{"not_picked":["Concentrate","Prepared+1"],"picked":"Calculated Gamble+1","floor":47},{"not_picked":["Tactician","Dagger Spray+1","Die Die Die"],"picked":"Singing Bowl","floor":48}],"player_experience":820387,"relics_obtained":[{"floor":8.0,"key":"Bottled Lightning"},{"floor":9.0,"key":"Singing Bowl"},{"floor":10.0,"key":"Paper Crane"},{"floor":24.0,"key":"Juzu Bracelet"},{"floor":26.0,"key":"Boot"},{"floor":28.0,"key":"Nilry\u0027s Codex"},{"floor":41,"key":"Potion Belt"},{"floor":43,"key":"Snake Skull"},{"floor":48,"key":"PreservedInsect"}],"event_choices":[{"damage_healed":0.0,"max_hp_gain":0.0,"max_hp_loss":5.0,"gold_gain":0.0,"event_name":"Golden Idol","player_choice":"Lose Max HP","floor":5.0,"gold_loss":0.0,"damage_taken":0.0,"relics_obtained":["Golden Idol"]},{"cards_removed":["Strike_G"],"damage_healed":0.0,"max_hp_gain":0.0,"max_hp_loss":0.0,"gold_gain":0.0,"event_name":"Living Wall","player_choice":"Forget","floor":11.0,"gold_loss":0.0,"damage_taken":0.0},{"damage_healed":0.0,"max_hp_gain":0.0,"max_hp_loss":0.0,"gold_gain":0.0,"cards_transformed":["Strike_G"],"event_name":"Transmorgrifier","player_choice":"Transformed","floor":14.0,"gold_loss":0.0,"damage_taken":0.0,"cards_obtained":["Adrenaline"]},{"damage_healed":0.0,"max_hp_gain":0.0,"max_hp_loss":0.0,"gold_gain":0.0,"cards_transformed":["Adrenaline"],"event_name":"Transmorgrifier","player_choice":"Transformed","floor":21.0,"gold_loss":0.0,"damage_taken":0.0,"cards_obtained":["Noxious Fumes"]},{"damage_healed":0.0,"max_hp_gain":0.0,"max_hp_loss":0.0,"gold_gain":0.0,"event_name":"Cursed Tome","player_choice":"Obtained Book","floor":28.0,"gold_loss":0.0,"damage_taken":16.0},{"damage_healed":0.0,"max_hp_gain":0.0,"max_hp_loss":0.0,"gold_gain":0.0,"event_name":"Back to Basics","player_choice":"Simplicity","floor":30.0,"gold_loss":0.0,"damage_taken":0.0,"cards_upgraded":["Defend_G","Defend_G","Defend_G","Defend_G","Defend_G"]},{"damage_healed":0.0,"max_hp_gain":0.0,"max_hp_loss":0.0,"gold_gain":180.0,"event_name":"Knowing Skull","player_choice":"GOLD GOLD ","floor":31.0,"potions_obtained":[],"gold_loss":0.0,"damage_taken":21.0,"cards_obtained":[]},{"damage_healed":0,"gold_gain":0,"player_choice":"Max HP","damage_taken":0,"max_hp_gain":0,"max_hp_loss":4,"event_name":"Winding Halls","floor":36,"gold_loss":0},{"cards_removed":["Dagger Throw"],"damage_healed":5,"gold_gain":0,"player_choice":"Offered Common","damage_taken":0,"max_hp_gain":0,"max_hp_loss":0,"event_name":"Bonfire Elementals","floor":37,"gold_loss":0},{"cards_removed":["Dagger Throw"],"damage_healed":5,"gold_gain":0,"player_choice":"Offered Special","damage_taken":0,"max_hp_gain":0,"max_hp_loss":0,"event_name":"Bonfire Elementals","floor":37,"gold_loss":0}],"is_beta":false,"boss_relics":[{"not_picked":["Philosopher\u0027s Stone","Black Star"],"picked":"Empty Cage"},{"not_picked":["Astrolabe","Runic Pyramid"],"picked":"Lizard Tail"}],"items_purged_floors":[13],"is_endless":false,"potions_floor_spawned":[1,3,10,19,24,35,41,48],"ascension_level":0}