{"gold_per_floor":[112,32,45,10,10,10,28,28,54,54,83,99,133,143,143,220,220,230,32,42,42,42,42,71,71,71,30,42,42,42,56,56,56],"floor_reached":33,"playtime":2132,"items_purged":[],"score":522,"play_id":"c92fd9cf-e533-4c09-8a77-0de5a064e78e","local_time":"20190130211708","is_ascension_mode":true,"campfire_choices":[{"data":"Bash","floor":6.0,"key":"SMITH"},{"data":"Iron Wave","floor":8.0,"key":"SMITH"},{"data":"Inflame","floor":15.0,"key":"SMITH"},{"data":"Limit Break","floor":23.0,"key":"SMITH"},{"floor":30.0,"key":"REST"},{"data":"Heavy Blade","floor":32.0,"key":"SMITH"}],"neow_cost":"TEN_PERCENT_HP_LOSS","seed_source_timestamp":713215037747366,"circlet_count":0,"master_deck":["AscendersBane","Strike_R","Strike_R","Defend_R","Defend_R","Defend_R","Defend_R","Bash+1","Inflame+1","Metallicize","Iron Wave+1","Feel No Pain","Heavy Blade+1","Limit Break+1","Shrug It Off","Shrug It Off","Corruption","Corruption","Shrug It Off+1","True Grit+1"],"special_seed":0,"relics":["Burning Blood","Regal Pillow","The Courier","Omamori","Blood Vial","Sozu","Lee\u0027s Waffle","Toxic Egg 2","Darkstone Periapt","Singing Bowl","Question Card"],"potions_floor_usage":[],"damage_taken":[{"damage":4.0,"enemies":"2 Louse","floor":1.0,"turns":4.0},{"damage":5.0,"enemies":"Small Slimes","floor":3.0,"turns":5.0},{"damage":5.0,"enemies":"Jaw Worm","floor":7.0,"turns":4.0},{"damage":22.0,"enemies":"3 Sentries","floor":11.0,"turns":11.0},{"damage":12.0,"enemies":"2 Fungi Beasts","floor":12.0,"turns":5.0},{"damage":15.0,"enemies":"Lagavulin","floor":13.0,"turns":7.0},{"damage":4.0,"enemies":"Large Slime","floor":14.0,"turns":6.0},{"damage":33.0,"enemies":"Slime Boss","floor":16.0,"turns":14.0},{"damage":32.0,"enemies":"Spheric Guardian","floor":18.0,"turns":6.0},{"damage":5.0,"enemies":"Chosen","floor":20.0,"turns":7.0},{"damage":43.0,"enemies":"Slavers","floor":24.0,"turns":7.0},{"damage":14.0,"enemies":"Sentry and Sphere","floor":28.0,"turns":6.0},{"damage":17.0,"enemies":"Colosseum Slavers","floor":29.0,"turns":6.0},{"damage":9.0,"enemies":"Centurion and Healer","floor":31.0,"turns":10.0},{"damage":64,"enemies":"Automaton","floor":33,"turns":6}],"seed_played":"-2798044051384843584","potions_obtained":[{"floor":12.0,"key":"EssenceOfSteel"},{"floor":13.0,"key":"SpeedPotion"}],"is_trial":false,"path_per_floor":["M","$","M","?","?","R","M","R","T","?","E","M","E","M","R","B",null,"M","$","M","?","?","R","E","?","T","$","M","?","R","M","R","B"],"character_chosen":"IRONCLAD","items_purchased":["Metallicize","Lee\u0027s Waffle","Shrug It Off","Shrug It Off+1"],"campfire_rested":1,"item_purchase_floors":[2,19,19,27],"current_hp_per_floor":[68,68,68,68,61,61,62,62,62,62,46,40,31,35,35,10,54,30,75,75,75,75,75,38,38,38,38,32,23,60,61,61,0],"gold":56,"neow_bonus":"REMOVE_TWO","is_prod":false,"is_daily":false,"chose_seed":false,"campfire_upgraded":5,"win_rate":0,"timestamp":1548879428,"path_taken":["M","$","M","?","?","R","?","R","T","?","E","M","E","M","R","BOSS","M","$","M","?","?","R","E","?","T","$","M","?","R","M","R","BOSS"],"build_version":"2019-01-23","purchased_purges":0,"victory":false,"max_hp_per_floor":[68,68,68,68,68,68,68,68,68,68,68,68,68,68,68,68,68,68,75,75,75,75,75,75,75,75,75,75,75,75,77,77,77],"card_choices":[{"not_picked":["Pommel Strike","Havoc"],"picked":"Inflame","floor":1.0},{"not_picked":["Armaments","Perfected Strike"],"picked":"Iron Wave","floor":3.0},{"not_picked":["Clash","Twin Strike","Flame Barrier"],"picked":"SKIP","floor":7.0},{"not_picked":["Pommel Strike","Clash","Ghostly Armor"],"picked":"SKIP","floor":11.0},{"not_picked":["Twin Strike","Clash"],"picked":"Feel No Pain","floor":12.0},{"not_picked":["Clothesline","Power Through"],"picked":"Heavy Blade","floor":13.0},{"not_picked":["Clash","Perfected Strike","Second Wind"],"picked":"SKIP","floor":14.0},{"not_picked":["Bludgeon","Feed"],"picked":"Limit Break","floor":16.0},{"not_picked":["Cleave","Power Through"],"picked":"Shrug It Off","floor":18.0},{"not_picked":["Sword Boomerang","Clothesline","Heavy Blade"],"picked":"SKIP","floor":20.0},{"not_picked":["Berserk","Thunderclap"],"picked":"Corruption","floor":24.0},{"not_picked":["Clothesline","Wild Strike","Thunderclap"],"picked":"True Grit+1","floor":28.0},{"not_picked":["Clothesline","Fire Breathing","Pommel Strike","Sword Boomerang+1"],"picked":"Singing Bowl","floor":31.0}],"player_experience":1101814,"relics_obtained":[{"floor":9.0,"key":"Regal Pillow"},{"floor":11.0,"key":"Omamori"},{"floor":13.0,"key":"Blood Vial"},{"floor":24.0,"key":"Darkstone Periapt"},{"floor":26.0,"key":"Question Card"}],"event_choices":[{"damage_healed":17.0,"max_hp_gain":0.0,"max_hp_loss":0.0,"gold_gain":0.0,"event_name":"The Cleric","player_choice":"Healed","floor":4.0,"gold_loss":35.0,"damage_taken":0.0},{"cards_removed":["Strike_R"],"damage_healed":0.0,"max_hp_gain":0.0,"max_hp_loss":0.0,"gold_gain":0.0,"event_name":"Golden Wing","player_choice":"Card Removal","floor":5.0,"gold_loss":0.0,"damage_taken":7.0},{"damage_healed":0.0,"max_hp_gain":0.0,"max_hp_loss":0.0,"gold_gain":0.0,"event_name":"Dead Adventurer","player_choice":"Searched \u00271\u0027 times","floor":10.0,"gold_loss":0.0,"damage_taken":0.0,"relics_obtained":["The Courier"]},{"damage_healed":0.0,"max_hp_gain":0.0,"max_hp_loss":0.0,"gold_gain":0.0,"event_name":"The Library","player_choice":"Read","floor":21.0,"gold_loss":0.0,"damage_taken":0.0,"cards_obtained":["Corruption"]},{"damage_healed":0.0,"max_hp_gain":0.0,"max_hp_loss":0.0,"gold_gain":0.0,"event_name":"Addict","player_choice":"Stole Relic","floor":22.0,"gold_loss":0.0,"damage_taken":0.0,"relics_obtained":["Toxic Egg 2"],"cards_obtained":["Shame"]},{"damage_healed":0.0,"max_hp_gain":0.0,"max_hp_loss":0.0,"gold_gain":0.0,"event_name":"The Mausoleum","player_choice":"Opened","floor":25.0,"gold_loss":0.0,"damage_taken":0.0,"relics_obtained":["Singing Bowl"],"cards_obtained":["Writhe"]},{"damage_healed":0.0,"max_hp_gain":0.0,"max_hp_loss":0.0,"gold_gain":0.0,"event_name":"Colosseum","player_choice":"Fight","floor":29.0,"gold_loss":0.0,"damage_taken":0.0},{"damage_healed":0.0,"max_hp_gain":0.0,"max_hp_loss":0.0,"gold_gain":0.0,"event_name":"Colosseum","player_choice":"Fled From Nobs","floor":29.0,"gold_loss":0.0,"damage_taken":0.0}],"is_beta":false,"boss_relics":[{"not_picked":["Philosopher\u0027s Stone","Tiny House"],"picked":"Sozu"}],"items_purged_floors":[],"is_endless":false,"potions_floor_spawned":[12,13,18],"killed_by":"Automaton","ascension_level":15}