{"gold_per_floor":[11,31,43,58,58,58,88,103,103,103,132,132,207,225,225,300,300,320,235,235,103,103,129,129,129],"floor_reached":25,"playtime":3566,"items_purged":["Strike_R"],"score":424,"play_id":"b14fe73c-0b5e-4e09-933f-83edbfd1546c","local_time":"20190106220927","is_ascension_mode":true,"campfire_choices":[{"floor":6.0,"key":"REST"},{"data":"Uppercut","floor":10.0,"key":"SMITH"},{"floor":12.0,"key":"REST"},{"data":"Demon Form","floor":15.0,"key":"SMITH"},{"data":"Fiend Fire","floor":24,"key":"SMITH"}],"neow_cost":"NO_GOLD","seed_source_timestamp":75272857842288,"circlet_count":0,"master_deck":["AscendersBane","Strike_R","Strike_R","Strike_R","Strike_R","Defend_R","Defend_R","Defend_R","Defend_R","Bash","Demon Form+1","Havoc","Headbutt","Anger","Uppercut+1","Feed","True Grit","Metallicize+1","Armaments","Fiend Fire+1","Flame Barrier"],"special_seed":0,"relics":["Burning Blood","Anchor","Bottled Tornado","Juzu Bracelet","Coffee Dripper","Dead Branch","Bronze Scales"],"potions_floor_usage":[23,23],"damage_taken":[{"damage":7.0,"enemies":"Cultist","floor":1.0,"turns":4.0},{"damage":10.0,"enemies":"2 Louse","floor":2.0,"turns":4.0},{"damage":11.0,"enemies":"Jaw Worm","floor":3.0,"turns":5.0},{"damage":32.0,"enemies":"Lots of Slimes","floor":4.0,"turns":4.0},{"damage":20.0,"enemies":"Lagavulin","floor":7.0,"turns":5.0},{"damage":4.0,"enemies":"2 Fungi Beasts","floor":8.0,"turns":3.0},{"damage":31.0,"enemies":"3 Sentries","floor":11.0,"turns":8.0},{"damage":7.0,"enemies":"3 Louse","floor":14.0,"turns":3.0},{"damage":32.0,"enemies":"The Guardian","floor":16.0,"turns":9.0},{"damage":24,"enemies":"3 Byrds","floor":18,"turns":6},{"damage":16,"enemies":"Colosseum Slavers","floor":20,"turns":4},{"damage":40,"enemies":"Book of Stabbing","floor":23,"turns":4},{"damage":16,"enemies":"Spheric Guardian","floor":25,"turns":2}],"seed_played":"-5982826860062604289","potions_obtained":[{"floor":2.0,"key":"PowerPotion"},{"floor":3.0,"key":"FairyPotion"},{"floor":11.0,"key":"Strength Potion"}],"is_trial":false,"path_per_floor":["M","M","M","M","$","R","E","M","T","R","E","R","?","M","R","B",null,"M","?","?","$","?","E","R","M"],"character_chosen":"IRONCLAD","items_purchased":["PowerPotion"],"campfire_rested":2,"item_purchase_floors":[21],"current_hp_per_floor":[67,63,58,32,32,54,40,45,45,45,23,47,36,35,35,12,66,52,52,45,45,45,11,11,0],"gold":129,"neow_bonus":"THREE_RARE_CARDS","is_prod":false,"is_daily":false,"chose_seed":false,"campfire_upgraded":3,"win_rate":0,"timestamp":1546808967,"path_taken":["M","M","M","?","?","R","E","M","T","R","E","R","?","M","R","BOSS","M","?","?","$","?","E","R","M"],"build_version":"2019-01-03v4","purchased_purges":1,"victory":false,"max_hp_per_floor":[75,75,75,75,75,75,75,78,78,78,81,81,81,81,81,84,84,88,88,91,91,91,91,91,91],"card_choices":[{"not_picked":["Berserk","Exhume"],"picked":"Demon Form","floor":0.0},{"not_picked":["Flex","Bloodletting"],"picked":"Havoc","floor":1.0},{"not_picked":["True Grit","Intimidate"],"picked":"Headbutt","floor":2.0},{"not_picked":["Cleave","Burning Pact"],"picked":"Anger","floor":3.0},{"not_picked":["Perfected Strike","Pommel Strike"],"picked":"Uppercut","floor":4.0},{"not_picked":["Warcry","True Grit"],"picked":"Feed","floor":7.0},{"not_picked":["Entrench","Ghostly Armor"],"picked":"True Grit","floor":8.0},{"not_picked":["Shrug It Off","Double Tap"],"picked":"Metallicize","floor":11.0},{"not_picked":["Blood for Blood","Second Wind"],"picked":"Armaments","floor":14.0},{"not_picked":["Bludgeon","Juggernaut"],"picked":"Fiend Fire","floor":16.0},{"not_picked":["Twin Strike","Wild Strike","Rupture"],"picked":"SKIP","floor":18},{"not_picked":["Inflame","Hemokinesis"],"picked":"Flame Barrier","floor":23}],"player_experience":765741,"relics_obtained":[{"floor":7.0,"key":"Anchor"},{"floor":9.0,"key":"Bottled Tornado"},{"floor":11.0,"key":"Juzu Bracelet"},{"floor":23,"key":"Bronze Scales"}],"event_choices":[{"damage_healed":0.0,"max_hp_gain":0.0,"max_hp_loss":0.0,"gold_gain":75.0,"event_name":"World of Goop","player_choice":"Gather Gold","floor":13.0,"gold_loss":0.0,"damage_taken":11.0},{"damage_healed":0,"gold_gain":0,"player_choice":"Obtained Relic","damage_taken":0,"relics_obtained":["Dead Branch"],"max_hp_gain":0,"max_hp_loss":0,"event_name":"Addict","floor":19,"gold_loss":85},{"damage_healed":0,"gold_gain":0,"player_choice":"Fight","damage_taken":0,"max_hp_gain":0,"max_hp_loss":0,"event_name":"Colosseum","floor":20,"gold_loss":0},{"damage_healed":0,"gold_gain":0,"player_choice":"Fled From Nobs","damage_taken":0,"max_hp_gain":0,"max_hp_loss":0,"event_name":"Colosseum","floor":20,"gold_loss":0},{"damage_healed":0,"gold_gain":0,"player_choice":"Forge","damage_taken":0,"max_hp_gain":0,"max_hp_loss":0,"event_name":"Accursed Blacksmith","floor":22,"gold_loss":0,"cards_upgraded":["Metallicize"]}],"is_beta":false,"boss_relics":[{"not_picked":["Black Blood","White Beast Statue"],"picked":"Coffee Dripper"}],"items_purged_floors":[21],"is_endless":false,"potions_floor_spawned":[2,3,11,20],"killed_by":"Spheric Guardian","ascension_level":17}