{"path_per_floor":["M","M","$","M","M","R","M","?","T","R","?","$","M","M","R","B",null,"M","$","M"],"character_chosen":"IRONCLAD","items_purchased":["Dexterity Potion"],"gold_per_floor":[141,155,80,95,105,105,122,122,177,177,242,94,104,115,115,211,241,256,131,149],"floor_reached":21,"campfire_rested":1,"playtime":2022,"current_hp_per_floor":[80,78,78,80,80,80,78,83,83,83,29,29,32,40,65,21,90,90,90,63],"items_purged":["Strike_R","Strike_R","Strike_R"],"gold":149,"score":173,"play_id":"7c656dd8-7e5d-4ba0-8e23-9fbd972db240","is_prod":false,"is_daily":false,"is_ascension_mode":false,"campfire_upgraded":2,"path_taken":["M","M","$","M","M","R","M","?","T","R","?","$","M","M","R","BOSS","M","$","M","M"],"build_version":"2018-02-15-PROD1","purchased_purges":3,"victory":false,"master_deck":["Strike_R","Strike_R","Defend_R","Defend_R+1","Defend_R","Defend_R","Bash","Pommel Strike","Whirlwind+1","Pommel Strike","Flame Barrier","Barricade+1","Shrug It Off+1","Body Slam","Body Slam","Shockwave+1"],"max_hp_per_floor":[80,80,80,80,80,80,80,85,85,85,85,85,85,85,85,85,90,90,90,90],"relics":["Burning Blood","Tiny Chest","Blood Vial","Toxic Egg 2","Tiny House"],"card_choices":[{"not_picked":["Heavy Blade","Feel No Pain"],"picked":"Pommel Strike"},{"not_picked":["Fire Breathing","Rampage"],"picked":"Whirlwind"},{"not_picked":["Twin Strike","Wild Strike"],"picked":"Pommel Strike"},{"not_picked":["Pommel Strike","Corruption"],"picked":"Flame Barrier"},{"not_picked":["Perfected Strike","Flame Barrier"],"picked":"Barricade"},{"not_picked":["Wild Strike","Iron Wave"],"picked":"Shrug It Off"},{"not_picked":["Perfected Strike","Flex"],"picked":"Body Slam"},{"not_picked":["Havoc","Exhume"],"picked":"Body Slam"},{"not_picked":["True Grit","Dual Wield"],"picked":"Shockwave"}],"player_experience":81019,"potions_floor_usage":[],"damage_taken":[{"damage":1.0,"enemies":"2 Louse","floor":1.0,"turns":3.0},{"damage":8.0,"enemies":"Jaw Worm","floor":2.0,"turns":3.0},{"damage":0.0,"enemies":"Small Slimes","floor":4.0,"turns":2.0},{"damage":1.0,"enemies":"2 Fungi Beasts","floor":5.0,"turns":3.0},{"damage":8.0,"enemies":"3 Louse","floor":7.0,"turns":3.0},{"damage":62.0,"enemies":"Lagavulin Event","floor":11.0,"turns":10.0},{"damage":5.0,"enemies":"Exordium Wildlife","floor":13.0,"turns":5.0},{"damage":0.0,"enemies":"Looter","floor":14.0,"turns":4.0},{"damage":52.0,"enemies":"The Guardian","floor":16.0,"turns":16.0},{"damage":5.0,"enemies":"3 Byrds","floor":18.0,"turns":4.0},{"damage":33.0,"enemies":"Spheric Guardian","floor":20.0,"turns":15.0},{"damage":38,"enemies":"Slaver and Parasite","floor":21,"turns":5}],"event_choices":[{"event_name":"Big Fish","player_choice":"Donut","floor":8.0,"damage_taken":0.0},{"event_name":"Dead Adventurer","player_choice":"Searched \u00271\u0027 times","floor":11.0,"damage_taken":0.0}],"boss_relics":[],"potions_floor_spawned":[2,11,11,13,16,20],"seed_played":"7397623405675361787","killed_by":"Slaver and Parasite","ascension_level":0,"is_trial":false}