{"gold_per_floor":[116,116,135,146,71,71,102,35,82,82,157,10,10,25,25,149,149,164,189,80,80,95,138,138,154,179,194,60,79,79,34,34,155,155,176,176,73,87,87,87,87,87,87,87,112,112,150,63,63,63],"floor_reached":50,"playtime":2039,"items_purged":["Strike_R","Injury","Clumsy","Normality"],"score":511,"play_id":"c117fe64-dfd2-47fb-9604-54c44dde8f7d","local_time":"20190201233730","is_ascension_mode":false,"campfire_choices":[{"data":"Clothesline","floor":6,"key":"SMITH"},{"data":"Fiend Fire","floor":13,"key":"SMITH"},{"data":"Body Slam","floor":15,"key":"SMITH"},{"data":"Spot Weakness","floor":24,"key":"SMITH"},{"data":"Flame Barrier","floor":30,"key":"SMITH"},{"data":"Spot Weakness","floor":32,"key":"SMITH"},{"data":"Fiend Fire","floor":40,"key":"SMITH"},{"data":"Violence","floor":42,"key":"SMITH"},{"floor":44,"key":"REST"},{"floor":49,"key":"REST"}],"neow_cost":"NONE","seed_source_timestamp":421133848721502,"circlet_count":0,"master_deck":["Strike_R","Strike_R","Strike_R","Defend_R","Defend_R","Defend_R","Defend_R","Bash","Clothesline+1","Flame Barrier+1","Fiend Fire+1","Spot Weakness+1","Shrug It Off","Body Slam+1","Reaper","Flame Barrier+1","Twin Strike+1","Inflame+1","Spot Weakness+1","Metallicize+1","Warcry","Feel No Pain","Clothesline+1","Cleave","Fiend Fire+1","Battle Trance","Madness","Madness","Shrug It Off+1","Violence+1","Spot Weakness+1","Inflame+1","Spot Weakness"],"relics":["Burning Blood","NeowsBlessing","Blood Vial","Anchor","Golden Idol","Cursed Key","Regal Pillow","Smiling Mask","White Beast Statue","Mercury Hourglass","Juzu Bracelet"],"potions_floor_usage":[7,7,16,16,18,25,33,38,45,47,50],"damage_taken":[{"damage":0,"enemies":"Small Slimes","floor":1,"turns":1},{"damage":0,"enemies":"Cultist","floor":3,"turns":1},{"damage":0,"enemies":"2 Louse","floor":4,"turns":1},{"damage":10,"enemies":"Gremlin Nob","floor":7,"turns":3},{"damage":5,"enemies":"Exordium Thugs","floor":14,"turns":4},{"damage":76,"enemies":"The Guardian","floor":16,"turns":15},{"damage":2,"enemies":"2 Thieves","floor":18,"turns":4},{"damage":0,"enemies":"Chosen","floor":19,"turns":3},{"damage":24,"enemies":"Centurion and Healer","floor":22,"turns":7},{"damage":22,"enemies":"Book of Stabbing","floor":23,"turns":5},{"damage":13,"enemies":"3 Cultists","floor":25,"turns":5},{"damage":12,"enemies":"Snake Plant","floor":27,"turns":3},{"damage":0,"enemies":"Snecko","floor":29,"turns":3},{"damage":75,"enemies":"Champ","floor":33,"turns":14},{"damage":35,"enemies":"3 Darklings","floor":35,"turns":6},{"damage":24,"enemies":"3 Shapes","floor":38,"turns":7},{"damage":19,"enemies":"Maw","floor":45,"turns":9},{"damage":91,"enemies":"Giant Head","floor":47,"turns":10},{"damage":78,"enemies":"Time Eater","floor":50,"turns":8}],"seed_played":"6501030947693503079","potions_obtained":[{"floor":1,"key":"Fire Potion"},{"floor":2,"key":"EssenceOfSteel"},{"floor":2,"key":"SteroidPotion"},{"floor":7,"key":"BloodPotion"},{"floor":16,"key":"Block Potion"},{"floor":22,"key":"GamblersBrew"},{"floor":27,"key":"LiquidBronze"},{"floor":29,"key":"SteroidPotion"},{"floor":35,"key":"SkillPotion"},{"floor":38,"key":"Weak Potion"},{"floor":45,"key":"FairyPotion"},{"floor":47,"key":"EssenceOfSteel"}],"is_trial":false,"path_per_floor":["M","?","M","M","$","R","E","$","T","?","?","$","R","M","R","B",null,"M","M","$","?","M","E","R","M","T","M","$","M","R","$","R","B",null,"M","?","$","M","?","R","$","R","T","R","M","?","E","$","R","B"],"character_chosen":"IRONCLAD","items_purchased":["Spot Weakness","Shrug It Off","Inflame","Spot Weakness","Feel No Pain","Fire Potion","Cleave","FairyPotion","Spot Weakness"],"campfire_rested":2,"item_purchase_floors":[8,12,20,20,28,28,31,37,48],"current_hp_per_floor":[80,80,80,80,80,80,76,76,76,76,65,65,65,68,68,8,80,80,80,80,80,62,48,48,61,61,57,57,65,65,65,65,16,80,51,41,41,49,49,49,49,49,49,80,67,67,10,10,49,0],"gold":63,"neow_bonus":"THREE_ENEMY_KILL","is_prod":false,"is_daily":false,"chose_seed":false,"campfire_upgraded":8,"win_rate":0,"timestamp":1549082250,"path_taken":["M","?","?","M","$","R","E","?","T","?","?","$","R","M","R","BOSS","M","M","$","?","M","E","R","M","T","M","?","M","R","$","R","BOSS","M","?","$","M","?","R","$","R","T","R","M","?","E","$","R","BOSS"],"build_version":"2019-01-23","purchased_purges":4,"victory":false,"max_hp_per_floor":[80,80,80,80,80,80,80,80,80,80,80,80,80,80,80,80,80,80,80,80,80,80,80,80,80,80,80,80,80,80,80,80,80,80,80,80,80,80,80,80,80,80,80,80,80,80,80,80,80,80],"card_choices":[{"not_picked":["Battle Trance","Bloodletting"],"picked":"Clothesline","floor":1},{"not_picked":["Clothesline","Havoc","Disarm"],"picked":"SKIP","floor":3},{"not_picked":["Sword Boomerang","Warcry"],"picked":"Flame Barrier","floor":4},{"not_picked":["Intimidate","Havoc"],"picked":"Fiend Fire","floor":7},{"not_picked":["Thunderclap","Anger"],"picked":"Body Slam","floor":14},{"not_picked":["Dark Embrace","Juggernaut"],"picked":"Reaper","floor":16},{"not_picked":["Headbutt","True Grit+1"],"picked":"Flame Barrier+1","floor":18},{"not_picked":["Whirlwind","Flame Barrier"],"picked":"Twin Strike+1","floor":19},{"not_picked":["Clothesline","Corruption+1","Anger"],"picked":"SKIP","floor":22},{"not_picked":["Perfected Strike","Sentinel"],"picked":"Metallicize+1","floor":23},{"not_picked":["Thunderclap","Dual Wield"],"picked":"Warcry","floor":25},{"not_picked":["Perfected Strike+1","Sever Soul+1","True Grit"],"picked":"SKIP","floor":27},{"not_picked":["Burning Pact","Thunderclap"],"picked":"Clothesline+1","floor":29},{"not_picked":["Dark Embrace","Juggernaut"],"picked":"Fiend Fire","floor":33},{"not_picked":["Second Wind","Flex"],"picked":"Battle Trance","floor":35},{"not_picked":["Rage+1","Havoc+1"],"picked":"Shrug It Off+1","floor":38},{"not_picked":["Magnetism","Impatience"],"picked":"Violence","floor":39},{"not_picked":["Sword Boomerang+1","Anger+1"],"picked":"Spot Weakness+1","floor":45},{"not_picked":["Iron Wave+1","Disarm+1"],"picked":"Inflame+1","floor":47}],"player_experience":29272,"relics_obtained":[{"floor":7,"key":"Blood Vial"},{"floor":9,"key":"Anchor"},{"floor":23,"key":"Regal Pillow"},{"floor":26,"key":"Smiling Mask"},{"floor":43,"key":"Mercury Hourglass"},{"floor":47,"key":"Juzu Bracelet"}],"event_choices":[{"damage_healed":0,"gold_gain":0,"player_choice":"Got Potions","damage_taken":0,"max_hp_gain":0,"max_hp_loss":0,"event_name":"Lab","floor":2,"gold_loss":0},{"damage_healed":0,"gold_gain":0,"player_choice":"Take Wound","damage_taken":0,"relics_obtained":["Golden Idol"],"max_hp_gain":0,"max_hp_loss":0,"event_name":"Golden Idol","floor":10,"gold_loss":0,"cards_obtained":["Injury"]},{"damage_healed":0,"gold_gain":75,"player_choice":"Gather Gold","damage_taken":11,"max_hp_gain":0,"max_hp_loss":0,"event_name":"World of Goop","floor":11,"gold_loss":0},{"cards_removed":["Strike_R"],"damage_healed":0,"gold_gain":0,"player_choice":"Purged","damage_taken":0,"max_hp_gain":0,"max_hp_loss":0,"event_name":"Purifier","floor":21,"gold_loss":0},{"damage_healed":0,"gold_gain":0,"player_choice":"Embrace Madness","damage_taken":10,"max_hp_gain":0,"max_hp_loss":0,"event_name":"Winding Halls","floor":36,"gold_loss":0,"cards_obtained":["Madness","Madness"]},{"damage_healed":0,"gold_gain":0,"player_choice":"Memory 1","damage_taken":0,"max_hp_gain":0,"max_hp_loss":0,"event_name":"SensoryStone","floor":39,"gold_loss":0},{"damage_healed":0,"gold_gain":0,"player_choice":"Forge","damage_taken":0,"max_hp_gain":0,"max_hp_loss":0,"event_name":"Accursed Blacksmith","floor":46,"gold_loss":0,"cards_upgraded":["Inflame"]}],"is_beta":false,"boss_relics":[{"not_picked":["Black Blood","Eternal Feather"],"picked":"Cursed Key"},{"not_picked":["Sozu","Philosopher\u0027s Stone"],"picked":"White Beast Statue"}],"items_purged_floors":[5,12,28,48],"is_endless":false,"potions_floor_spawned":[1,3,7,16,22,27,29,35,38,45,47],"killed_by":"Time Eater","ascension_level":0}