{"gold_per_floor":[118,129,129,144,194,194,219,236,262,279,279,307,326,27,27,27],"floor_reached":16,"playtime":725,"items_purged":["Strike_B"],"score":218,"play_id":"6160deb8-c495-4fb2-b8d2-131cd82462a5","local_time":"20190128221442","is_ascension_mode":true,"campfire_choices":[{"data":"Zap","floor":6.0,"key":"SMITH"},{"data":"White Noise","floor":11.0,"key":"SMITH"},{"data":"Recycle","floor":15,"key":"SMITH"}],"neow_cost":"TEN_PERCENT_HP_LOSS","seed_source_timestamp":548072821667431,"circlet_count":0,"master_deck":["AscendersBane","Strike_B","Strike_B+1","Strike_B+1","Defend_B","Defend_B","Defend_B","Defend_B","Zap+1","Dualcast","Ball Lightning","White Noise+1","Reinforced Body","Leap","Sweeping Beam","Recycle+1"],"special_seed":0,"relics":["Cracked Core","FossilizedHelix","Whetstone","Potion Belt","Lantern","OrangePellets"],"potions_floor_usage":[12,13],"damage_taken":[{"damage":2.0,"enemies":"Jaw Worm","floor":1.0,"turns":3.0},{"damage":0.0,"enemies":"Cultist","floor":2.0,"turns":4.0},{"damage":0.0,"enemies":"Small Slimes","floor":4.0,"turns":2.0},{"damage":10.0,"enemies":"Lagavulin","floor":7.0,"turns":7.0},{"damage":0.0,"enemies":"Exordium Wildlife","floor":8.0,"turns":3.0},{"damage":0.0,"enemies":"Large Slime","floor":10.0,"turns":4.0},{"damage":10,"enemies":"3 Sentries","floor":12,"turns":7},{"damage":0,"enemies":"Gremlin Gang","floor":13,"turns":4},{"damage":47,"enemies":"Hexaghost","floor":16,"turns":9}],"seed_played":"-7853717902317811872","potions_obtained":[{"floor":4.0,"key":"Dexterity Potion"},{"floor":10.0,"key":"Block Potion"},{"floor":13,"key":"Strength Potion"}],"is_trial":false,"path_per_floor":["M","M","?","M","?","R","E","M","T","M","R","E","M","$","R","B"],"character_chosen":"DEFECT","items_purchased":["OrangePellets"],"campfire_rested":0,"item_purchase_floors":[14],"current_hp_per_floor":[62,62,62,62,62,62,52,52,52,52,52,42,42,42,42,0],"gold":27,"neow_bonus":"ONE_RARE_RELIC","is_prod":false,"is_daily":false,"chose_seed":false,"campfire_upgraded":3,"win_rate":0,"timestamp":1548710082,"path_taken":["M","M","?","M","?","R","E","M","T","?","R","E","M","$","R","BOSS"],"build_version":"2019-01-23","purchased_purges":1,"victory":false,"max_hp_per_floor":[64,64,64,64,64,64,64,64,64,64,64,64,64,64,64,64],"card_choices":[{"not_picked":["Hologram","Loop","Coolheaded"],"picked":"SKIP","floor":1.0},{"not_picked":["Storm","Streamline"],"picked":"Ball Lightning","floor":2.0},{"not_picked":["Steam","Streamline"],"picked":"White Noise","floor":4.0},{"not_picked":["Coolheaded","FTL"],"picked":"Reinforced Body","floor":7.0},{"not_picked":["All For One","Steam Power","Redo"],"picked":"SKIP","floor":8.0},{"not_picked":["Double Energy","Compile Driver"],"picked":"Leap","floor":10.0},{"not_picked":["Streamline","Turbo"],"picked":"Sweeping Beam","floor":12},{"not_picked":["Melter","Streamline"],"picked":"Recycle","floor":13}],"player_experience":1052845,"relics_obtained":[{"floor":7.0,"key":"Whetstone"},{"floor":9.0,"key":"Potion Belt"},{"floor":12,"key":"Lantern"}],"event_choices":[{"damage_healed":0.0,"max_hp_gain":0.0,"max_hp_loss":0.0,"gold_gain":0.0,"event_name":"Liars Game","player_choice":"Ignored","floor":3.0,"gold_loss":0.0,"damage_taken":0.0},{"damage_healed":0.0,"max_hp_gain":0.0,"max_hp_loss":0.0,"gold_gain":50.0,"event_name":"Golden Shrine","player_choice":"Pray","floor":5.0,"gold_loss":0.0,"damage_taken":0.0}],"is_beta":false,"boss_relics":[],"items_purged_floors":[14],"is_endless":false,"potions_floor_spawned":[4,10,13],"killed_by":"Hexaghost","ascension_level":19}