{"gold_per_floor":[117,129,148,161,5,5,38,49,73,135,135,162,190,232,244,256],"floor_reached":16,"playtime":1011,"items_purged":["Defend_R"],"score":136,"play_id":"a1d47425-20eb-42d6-b2bd-c4bc3a0c0d6e","local_time":"20181021204843","is_ascension_mode":true,"campfire_choices":[{"data":"Uppercut","floor":6,"key":"SMITH"},{"data":"Whirlwind","floor":15,"key":"SMITH"}],"neow_cost":"NONE","seed_source_timestamp":701811992969668,"circlet_count":0,"master_deck":["Strike_R","Strike_R","Strike_R","Strike_R","Strike_R","Defend_R+1","Defend_R","Defend_R+1","Bash","Uppercut+1","Barricade","Shrug It Off","Shrug It Off","Whirlwind+1","Rampage","Headbutt","Inflame","Havoc","Dual Wield"],"relics":["Burning Blood","Pen Nib","Boot","War Paint","Tiny Chest","MawBank","Kunai"],"potions_floor_usage":[14,14],"damage_taken":[{"damage":14,"enemies":"Jaw Worm","floor":1,"turns":6},{"damage":11,"enemies":"Small Slimes","floor":2,"turns":4},{"damage":22,"enemies":"Cultist","floor":3,"turns":6},{"damage":7,"enemies":"2 Fungi Beasts","floor":4,"turns":4},{"damage":21,"enemies":"3 Sentries","floor":7,"turns":6},{"damage":0,"enemies":"Large Slime","floor":8,"turns":4},{"damage":4,"enemies":"Lagavulin","floor":10,"turns":9},{"damage":1,"enemies":"Blue Slaver","floor":12,"turns":4},{"damage":6,"enemies":"3 Louse","floor":13,"turns":4},{"damage":6,"enemies":"Gremlin Nob","floor":14,"turns":4},{"damage":45,"enemies":"The Guardian","floor":16,"turns":8}],"seed_played":"-4167537249678177157","potions_obtained":[{"floor":3,"key":"FearPotion"},{"floor":4,"key":"Block Potion"},{"floor":8,"key":"BloodPotion"}],"is_trial":false,"path_per_floor":["M","M","M","M","$","R","E","M","T","E","?","M","M","E","R"],"character_chosen":"IRONCLAD","items_purchased":["Whirlwind"],"campfire_rested":0,"item_purchase_floors":[5],"current_hp_per_floor":[72,67,51,50,50,50,35,41,41,43,31,36,36,44,44,0],"gold":256,"neow_bonus":"RANDOM_COMMON_RELIC","is_prod":false,"is_daily":false,"chose_seed":false,"campfire_upgraded":2,"win_rate":0,"timestamp":1540147723,"path_taken":["M","M","M","M","$","R","E","M","T","E","?","M","M","E","R","BOSS"],"build_version":"2018-10-18","purchased_purges":1,"victory":false,"max_hp_per_floor":[80,80,80,80,80,80,80,80,80,80,80,80,80,80,80,80],"card_choices":[{"not_picked":["Cleave","Clash"],"picked":"Uppercut","floor":1},{"not_picked":["Flex","Anger"],"picked":"Barricade","floor":2},{"not_picked":["Sentinel","Clash"],"picked":"Shrug It Off","floor":3},{"not_picked":["Metallicize","Pummel"],"picked":"Shrug It Off","floor":4},{"not_picked":["Perfected Strike","Cleave"],"picked":"Rampage","floor":7},{"not_picked":["Twin Strike","Rampage","Clash"],"picked":"SKIP","floor":8},{"not_picked":["Perfected Strike","Power Through"],"picked":"Headbutt","floor":10},{"not_picked":["Uppercut","Pommel Strike"],"picked":"Inflame","floor":12},{"not_picked":["Dual Wield","Heavy Blade"],"picked":"Havoc","floor":13},{"not_picked":["Burning Pact","Sword Boomerang"],"picked":"Dual Wield","floor":14}],"player_experience":199537,"relics_obtained":[{"floor":7,"key":"Boot"},{"floor":9,"key":"War Paint"},{"floor":10,"key":"Tiny Chest"},{"floor":14,"key":"Kunai"}],"event_choices":[{"damage_healed":0,"gold_gain":0,"player_choice":"Success","damage_taken":12,"relics_obtained":["MawBank"],"max_hp_gain":0,"max_hp_loss":0,"event_name":"Scrap Ooze","floor":11,"gold_loss":0}],"is_beta":false,"boss_relics":[],"items_purged_floors":[5],"is_endless":false,"potions_floor_spawned":[3,4,8,10],"killed_by":"The Guardian","ascension_level":2}