{"gold_per_floor":[211,54,70,21,21,21,21,35,58,58,88,263,363,378,378,378],"floor_reached":16,"playtime":461,"items_purged":["Strike_R"],"score":88,"play_id":"e95e4c23-7625-40c3-8ff4-d1a267f8a086","local_time":"20190201174230","is_ascension_mode":false,"campfire_choices":[{"data":"Searing Blow","floor":6,"key":"SMITH"},{"data":"Searing Blow+1","floor":10,"key":"SMITH"},{"data":"Searing Blow+2","floor":15,"key":"SMITH"}],"neow_cost":"NONE","seed_source_timestamp":24315941100929,"circlet_count":0,"master_deck":["Strike_R","Strike_R","Strike_R","Strike_R","Defend_R","Defend_R","Defend_R+1","Defend_R","Bash","Searing Blow+3","Corruption","Power Through","Armaments","Disarm+1","Doubt"],"relics":["Burning Blood","Golden Idol","Ice Cream","War Paint","Odd Mushroom"],"potions_floor_usage":[11],"damage_taken":[{"damage":5,"enemies":"Cultist","floor":1,"turns":4},{"damage":0,"enemies":"Small Slimes","floor":3,"turns":4},{"damage":0,"enemies":"2 Louse","floor":8,"turns":3},{"damage":19,"enemies":"The Mushroom Lair","floor":11,"turns":6},{"damage":0,"enemies":"2 Fungi Beasts","floor":14,"turns":4},{"damage":72,"enemies":"Hexaghost","floor":16,"turns":15}],"seed_played":"7101280434112410324","potions_obtained":[{"floor":8,"key":"FearPotion"},{"floor":11,"key":"Regen Potion"},{"floor":14,"key":"Dexterity Potion"}],"is_trial":false,"path_per_floor":["M","$","M","$","?","R","?","M","T","R","?","?","?","M","R","B"],"character_chosen":"IRONCLAD","items_purchased":["Corruption","Armaments"],"campfire_rested":0,"item_purchase_floors":[2,4],"current_hp_per_floor":[80,80,80,80,74,74,67,73,73,73,60,60,60,66,66,0],"gold":378,"neow_bonus":"HUNDRED_GOLD","is_prod":false,"is_daily":false,"chose_seed":false,"campfire_upgraded":3,"win_rate":0,"timestamp":1549064550,"path_taken":["M","$","M","$","?","R","?","M","T","R","?","?","?","?","R","BOSS"],"build_version":"2019-01-23","purchased_purges":1,"victory":false,"max_hp_per_floor":[80,80,80,80,74,74,74,74,74,74,74,74,74,74,74,74],"card_choices":[{"not_picked":["Sword Boomerang","Thunderclap"],"picked":"Searing Blow","floor":1},{"not_picked":["Thunderclap","Perfected Strike"],"picked":"Power Through","floor":3},{"not_picked":["Twin Strike","Wild Strike"],"picked":"Disarm","floor":8},{"not_picked":["Juggernaut","Perfected Strike","Bloodletting"],"picked":"SKIP","floor":14}],"player_experience":701713,"relics_obtained":[{"floor":9,"key":"War Paint"},{"floor":11,"key":"Odd Mushroom"}],"event_choices":[{"damage_healed":0,"gold_gain":0,"player_choice":"Lose Max HP","damage_taken":0,"relics_obtained":["Golden Idol"],"max_hp_gain":0,"max_hp_loss":6,"event_name":"Golden Idol","floor":5,"gold_loss":0},{"damage_healed":0,"gold_gain":0,"player_choice":"Success","damage_taken":7,"relics_obtained":["Ice Cream"],"max_hp_gain":0,"max_hp_loss":0,"event_name":"Scrap Ooze","floor":7,"gold_loss":0},{"damage_healed":0,"gold_gain":0,"player_choice":"Fought Mushrooms","damage_taken":0,"max_hp_gain":0,"max_hp_loss":0,"event_name":"Mushrooms","floor":11,"gold_loss":0},{"damage_healed":0,"gold_gain":175,"player_choice":"AGREE","damage_taken":0,"max_hp_gain":0,"max_hp_loss":0,"event_name":"Liars Game","floor":12,"gold_loss":0,"cards_obtained":["Doubt"]},{"damage_healed":0,"gold_gain":100,"player_choice":"Pray","damage_taken":0,"max_hp_gain":0,"max_hp_loss":0,"event_name":"Golden Shrine","floor":13,"gold_loss":0}],"is_beta":false,"boss_relics":[],"items_purged_floors":[2],"is_endless":false,"potions_floor_spawned":[8,11,14],"killed_by":"Hexaghost","ascension_level":0}