{"gold_per_floor":[109,127,127,146,162,162,193,208,233,233,247,247,52,65,65,165,165,185,155,155],"floor_reached":20,"playtime":2288,"items_purged":[],"score":178,"play_id":"17f0e5f0-cf4d-41a1-8f3b-2a639120925a","local_time":"20190125235619","is_ascension_mode":false,"campfire_choices":[{"floor":6,"key":"REST"},{"floor":12,"key":"REST"},{"floor":15,"key":"REST"}],"neow_cost":"NONE","seed_source_timestamp":1405484081070769,"circlet_count":0,"master_deck":["Strike_R","Strike_R","Strike_R","Strike_R","Strike_R","Defend_R","Defend_R","Defend_R","Defend_R","Bash","Clothesline","Iron Wave","Regret","Bash","Inflame","Heavy Blade","Juggernaut","Carnage","Flame Barrier","Enlightenment","Dual Wield","Limit Break","Thunderclap","Anger"],"relics":["Black Blood","NeowsBlessing","Kunai","Happy Flower"],"potions_floor_usage":[5,11,16],"damage_taken":[{"damage":0,"enemies":"2 Louse","floor":1,"turns":1},{"damage":0,"enemies":"Cultist","floor":2,"turns":1},{"damage":0,"enemies":"Jaw Worm","floor":4,"turns":1},{"damage":7,"enemies":"Looter","floor":5,"turns":4},{"damage":49,"enemies":"Lagavulin","floor":7,"turns":7},{"damage":3,"enemies":"Large Slime","floor":8,"turns":6},{"damage":8,"enemies":"Red Slaver","floor":11,"turns":3},{"damage":12,"enemies":"Exordium Thugs","floor":14,"turns":3},{"damage":57,"enemies":"The Guardian","floor":16,"turns":7},{"damage":44,"enemies":"3 Byrds","floor":18,"turns":5},{"damage":29,"enemies":"2 Thieves","floor":19,"turns":5},{"damage":36,"enemies":"Masked Bandits","floor":20,"turns":2}],"seed_played":"1210437160914813020","potions_obtained":[{"floor":2,"key":"Swift Potion"},{"floor":7,"key":"PowerPotion"},{"floor":8,"key":"Block Potion"},{"floor":14,"key":"SmokeBomb"},{"floor":18,"key":"EssenceOfSteel"}],"is_trial":false,"path_per_floor":["M","M","?","M","M","R","E","M","T","?","M","R","$","M","R","B",null,"M","M","?"],"character_chosen":"IRONCLAD","items_purchased":["FairyPotion","Enlightenment"],"campfire_rested":3,"item_purchase_floors":[13,13],"current_hp_per_floor":[80,80,80,80,79,80,37,40,40,40,38,62,62,56,80,29,80,46,27,0],"gold":155,"neow_bonus":"THREE_ENEMY_KILL","is_prod":false,"is_daily":false,"chose_seed":false,"campfire_upgraded":0,"win_rate":0,"timestamp":1548467779,"path_taken":["M","M","?","?","M","R","E","M","T","?","M","R","$","M","R","BOSS","M","M","?"],"build_version":"2019-01-23","purchased_purges":0,"victory":false,"max_hp_per_floor":[80,80,80,80,80,80,80,80,80,80,80,80,80,80,80,80,80,80,80,80],"card_choices":[{"not_picked":["Warcry","Infernal Blade"],"picked":"Clothesline","floor":1},{"not_picked":["Dropkick","Body Slam"],"picked":"Iron Wave","floor":2},{"not_picked":["Iron Wave","Warcry"],"picked":"Inflame","floor":4},{"not_picked":["Whirlwind","Wild Strike"],"picked":"Heavy Blade","floor":5},{"not_picked":["Heavy Blade","Clothesline"],"picked":"Juggernaut","floor":7},{"not_picked":["Clothesline","Headbutt"],"picked":"Carnage","floor":8},{"not_picked":["Pommel Strike","Body Slam"],"picked":"Flame Barrier","floor":11},{"not_picked":["Clothesline","Flame Barrier"],"picked":"Dual Wield","floor":14},{"not_picked":["Juggernaut","Bludgeon"],"picked":"Limit Break","floor":16},{"not_picked":["Flame Barrier","Perfected Strike"],"picked":"Thunderclap","floor":18},{"not_picked":["Rampage","Pummel+1"],"picked":"Anger","floor":19}],"player_experience":52643,"relics_obtained":[{"floor":7,"key":"Kunai"},{"floor":9,"key":"Happy Flower"}],"event_choices":[{"damage_healed":0,"gold_gain":0,"player_choice":"2 cards matched","damage_taken":0,"max_hp_gain":0,"max_hp_loss":0,"event_name":"Match and Keep!","floor":3,"gold_loss":0,"cards_obtained":["Regret","Bash"]},{"damage_healed":0,"gold_gain":0,"player_choice":"Ignored","damage_taken":0,"max_hp_gain":0,"max_hp_loss":0,"event_name":"Liars Game","floor":10,"gold_loss":0},{"damage_healed":0,"gold_gain":0,"player_choice":"Fought Bandits","damage_taken":0,"max_hp_gain":0,"max_hp_loss":0,"event_name":"Masked Bandits","floor":20,"gold_loss":0}],"is_beta":false,"boss_relics":[{"not_picked":["Runic Cube","Fusion Hammer"],"picked":"Black Blood"}],"items_purged_floors":[],"is_endless":false,"potions_floor_spawned":[2,7,8,14,18],"killed_by":"Masked Bandits","ascension_level":0}