{"gold_per_floor":[110,30,30,30,43,69,69,102,126,143,143,159,187,198,198,272,272,287,287,287,11,28,28,38,38,106,120,34,34],"floor_reached":29,"playtime":1515,"items_purged":[],"score":567,"play_id":"20582258-d601-4bdb-9567-9884386a9a8b","local_time":"20190117230900","is_ascension_mode":true,"campfire_choices":[{"data":"Poisoned Stab","floor":7.0,"key":"SMITH"},{"data":"Poisoned Stab","floor":11.0,"key":"SMITH"},{"data":"Cloak And Dagger","floor":15.0,"key":"SMITH"},{"data":"After Image","floor":23,"key":"SMITH"}],"neow_cost":"NONE","seed_source_timestamp":193029531408006,"circlet_count":0,"master_deck":["AscendersBane","Defend_G","Defend_G","Defend_G","Defend_G","Defend_G","Strike_G","Strike_G","Survivor","Neutralize","Poisoned Stab+1","Footwork","Poisoned Stab+1","PiercingWail","Cloak And Dagger+1","After Image+1","Skewer+1","PiercingWail+1","PiercingWail","PiercingWail","Noxious Fumes"],"special_seed":0,"relics":["Ring of the Snake","NeowsBlessing","Anchor","Oddly Smooth Stone","PreservedInsect","Blue Candle","Astrolabe","Mummified Hand","Pantograph"],"potions_floor_usage":[16,22,27,27],"damage_taken":[{"damage":0.0,"enemies":"Cultist","floor":1.0,"turns":1.0},{"damage":0.0,"enemies":"Jaw Worm","floor":5.0,"turns":1.0},{"damage":0.0,"enemies":"Lagavulin","floor":6.0,"turns":1.0},{"damage":17.0,"enemies":"3 Sentries","floor":8.0,"turns":12.0},{"damage":0.0,"enemies":"Small Slimes","floor":10.0,"turns":4.0},{"damage":0.0,"enemies":"Blue Slaver","floor":12.0,"turns":4.0},{"damage":0.0,"enemies":"Gremlin Nob","floor":13.0,"turns":3.0},{"damage":0.0,"enemies":"Gremlin Gang","floor":14.0,"turns":4.0},{"damage":29,"enemies":"Slime Boss","floor":16,"turns":16},{"damage":3,"enemies":"Shell Parasite","floor":18,"turns":7},{"damage":10,"enemies":"Chosen","floor":22,"turns":5},{"damage":17,"enemies":"Snake Plant","floor":24,"turns":6},{"damage":25,"enemies":"Snecko","floor":27,"turns":6},{"damage":7,"enemies":"3 Cultists","floor":29,"turns":5}],"seed_played":"-3400425769210951978","potions_obtained":[{"floor":5.0,"key":"PowerPotion"},{"floor":10.0,"key":"Fire Potion"},{"floor":16,"key":"Poison Potion"},{"floor":20,"key":"AttackPotion"},{"floor":22,"key":"EssenceOfSteel"},{"floor":27,"key":"Strength Potion"}],"is_trial":false,"path_per_floor":["M","$","?","$","M","E","R","E","T","M","R","M","E","M","R","B",null,"M","?","?","$","M","R","M","?","T","M","$","M"],"character_chosen":"THE_SILENT","items_purchased":["Footwork","Mummified Hand","Noxious Fumes"],"campfire_rested":0,"item_purchase_floors":[2,21,28],"current_hp_per_floor":[59,59,59,59,59,59,59,42,42,42,42,42,42,42,42,13,53,50,50,50,50,40,40,23,28,28,3,3,0],"gold":34,"neow_bonus":"THREE_ENEMY_KILL","is_prod":false,"is_daily":false,"chose_seed":false,"campfire_upgraded":4,"win_rate":0,"timestamp":1547762940,"path_taken":["M","$","?","?","?","E","R","E","T","M","R","M","E","M","R","BOSS","M","?","?","$","?","R","M","?","T","?","$","M"],"build_version":"2019-01-10","purchased_purges":0,"victory":false,"max_hp_per_floor":[66,66,66,66,66,66,66,66,66,66,66,66,66,66,66,66,66,66,66,66,66,66,66,66,66,66,66,66,66],"card_choices":[{"not_picked":["Infinite Blades","Heel Hook"],"picked":"Poisoned Stab","floor":1.0},{"not_picked":["Slice","Flechettes"],"picked":"Poisoned Stab","floor":5.0},{"not_picked":["Outmaneuver","Dagger Spray"],"picked":"PiercingWail","floor":6.0},{"not_picked":["Underhanded Strike","Concentrate"],"picked":"Cloak And Dagger","floor":8.0},{"not_picked":["Tools of the Trade","Finisher","Acrobatics"],"picked":"SKIP","floor":10.0},{"not_picked":["Acrobatics","Skewer","Distraction"],"picked":"SKIP","floor":12.0},{"not_picked":["Flying Knee","Finisher","Dagger Spray"],"picked":"SKIP","floor":13.0},{"not_picked":["Poisoned Stab","Outmaneuver","Finisher"],"picked":"SKIP","floor":14.0},{"not_picked":["Phantasmal Killer","Glass Knife"],"picked":"After Image","floor":16},{"not_picked":["Infinite Blades","Bane+1","Flechettes"],"picked":"SKIP","floor":18},{"not_picked":["Poisoned Stab","Dash+1"],"picked":"PiercingWail","floor":22},{"not_picked":["Accuracy","Outmaneuver","Heel Hook"],"picked":"SKIP","floor":24},{"not_picked":["Choke","Cloak And Dagger"],"picked":"PiercingWail","floor":27}],"player_experience":928562,"relics_obtained":[{"floor":6.0,"key":"Anchor"},{"floor":8.0,"key":"Oddly Smooth Stone"},{"floor":9.0,"key":"PreservedInsect"},{"floor":13.0,"key":"Blue Candle"},{"floor":26,"key":"Pantograph"}],"event_choices":[{"damage_healed":0.0,"max_hp_gain":0.0,"max_hp_loss":0.0,"gold_gain":0.0,"event_name":"The Cleric","player_choice":"Leave","floor":3.0,"gold_loss":0.0,"damage_taken":0.0},{"damage_healed":0,"gold_gain":0,"player_choice":"Ignored","damage_taken":0,"max_hp_gain":0,"max_hp_loss":0,"event_name":"Ghosts","floor":19,"gold_loss":0},{"damage_healed":0,"gold_gain":0,"player_choice":"Got Potions","damage_taken":0,"max_hp_gain":0,"max_hp_loss":0,"event_name":"Lab","floor":20,"gold_loss":0},{"cards_removed":["Dagger Throw"],"damage_healed":5,"gold_gain":0,"player_choice":"Offered Common","damage_taken":0,"max_hp_gain":0,"max_hp_loss":0,"event_name":"Bonfire Elementals","floor":25,"gold_loss":0},{"cards_removed":["Dagger Throw"],"damage_healed":5,"gold_gain":0,"player_choice":"Offered Special","damage_taken":0,"max_hp_gain":0,"max_hp_loss":0,"event_name":"Bonfire Elementals","floor":25,"gold_loss":0}],"is_beta":false,"boss_relics":[{"not_picked":["Black Star","Sozu"],"picked":"Astrolabe"}],"items_purged_floors":[],"is_endless":false,"potions_floor_spawned":[5,10,13,16,22,27],"killed_by":"3 Cultists","ascension_level":17}