{"gold_per_floor":[118,130,143,143,158,158,178,24,48,48,78,78,78,112,112,112],"floor_reached":16,"playtime":676,"items_purged":["Decay"],"score":220,"play_id":"b1b829a5-2c3c-4187-b9fc-bcb4be148f26","local_time":"20190203081755","is_ascension_mode":true,"campfire_choices":[{"data":"Noxious Fumes","floor":6,"key":"SMITH"},{"data":"Catalyst","floor":10,"key":"SMITH"},{"floor":13,"key":"REST"},{"floor":15,"key":"REST"}],"neow_cost":"NONE","seed_source_timestamp":1033121561842388,"circlet_count":0,"master_deck":["AscendersBane","Defend_G","Defend_G","Defend_G","Defend_G","Defend_G","Strike_G","Strike_G","Strike_G","Strike_G","Strike_G","Survivor","Neutralize","Quick Slash","Noxious Fumes+1","Dash","Dagger Throw","Catalyst+1","PiercingWail"],"relics":["Ring of the Snake","Snake Skull","PreservedInsect","Happy Flower","Art of War"],"potions_floor_usage":[11,14,16],"damage_taken":[{"damage":1,"enemies":"2 Louse","floor":1,"turns":3},{"damage":6,"enemies":"Cultist","floor":2,"turns":6},{"damage":0,"enemies":"Jaw Worm","floor":3,"turns":5},{"damage":21,"enemies":"Exordium Wildlife","floor":5,"turns":5},{"damage":11,"enemies":"Blue Slaver","floor":7,"turns":4},{"damage":12,"enemies":"Lagavulin","floor":11,"turns":5},{"damage":23,"enemies":"Gremlin Nob","floor":14,"turns":4},{"damage":26,"enemies":"The Guardian","floor":16,"turns":2}],"seed_played":"-3776542355578697733","potions_obtained":[{"floor":2,"key":"FearPotion"},{"floor":5,"key":"Strength Potion"},{"floor":14,"key":"Swift Potion"}],"is_trial":false,"path_per_floor":["?","M","?"],"character_chosen":"THE_SILENT","items_purchased":["Catalyst"],"campfire_rested":2,"item_purchase_floors":[8],"current_hp_per_floor":[58,52,52,52,31,31,20,20,20,20,8,8,27,4,23,0],"gold":112,"neow_bonus":"RANDOM_COMMON_RELIC","is_prod":false,"is_daily":false,"chose_seed":false,"campfire_upgraded":2,"win_rate":0,"timestamp":1549174675,"path_taken":["M","M","M","?","?","R","M","$","T","R","E","?","R","E","R","BOSS"],"build_version":"2019-01-23","purchased_purges":1,"victory":false,"max_hp_per_floor":[66,66,66,66,66,66,66,66,66,66,66,66,66,66,66,66],"card_choices":[{"not_picked":["Dodge and Roll","Choke","Sucker Punch"],"picked":"SKIP","floor":1},{"not_picked":["Outmaneuver","Acrobatics"],"picked":"Quick Slash","floor":2},{"not_picked":["Slice","Terror"],"picked":"Noxious Fumes","floor":3},{"not_picked":["Acrobatics","Tactician"],"picked":"Dash","floor":5},{"not_picked":["Flying Knee","Blade Dance"],"picked":"Dagger Throw","floor":7},{"not_picked":["Backstab","Heel Hook"],"picked":"PiercingWail","floor":11},{"not_picked":["Deflect","Prepared","Terror"],"picked":"SKIP","floor":14}],"player_experience":1150384,"relics_obtained":[{"floor":9,"key":"PreservedInsect"},{"floor":11,"key":"Happy Flower"},{"floor":14,"key":"Art of War"}],"event_choices":[{"damage_healed":0,"gold_gain":0,"player_choice":"Cursed","damage_taken":0,"max_hp_gain":0,"max_hp_loss":0,"event_name":"Wheel of Change","floor":4,"gold_loss":0,"cards_obtained":["Decay"]},{"damage_healed":0,"gold_gain":0,"player_choice":"Ignored","damage_taken":0,"max_hp_gain":0,"max_hp_loss":0,"event_name":"Shining Light","floor":12,"gold_loss":0}],"is_beta":false,"boss_relics":[],"items_purged_floors":[8],"is_endless":false,"potions_floor_spawned":[2,5,14],"killed_by":"The Guardian","ascension_level":20}