{"gold_per_floor":[366,385,560,36,111,111,142,188,188,188,200,21,21,39,39,115,115,127,139,139,139,139,139,174,76,76,76,88,120,120,153,153,232,232,242,258,258,3,3,3,28,28,54,0,11,11,11,31,31,31],"floor_reached":51,"playtime":4103,"items_purged":["Doubt","Strike_R","Strike_R"],"score":1142,"play_id":"e6615e7a-1a9a-4821-9c1f-a2df486106f1","local_time":"20181210204334","is_ascension_mode":true,"campfire_choices":[{"data":"Iron Wave","floor":6.0,"key":"SMITH"},{"data":"Bash","floor":10.0,"key":"SMITH"},{"data":"Shockwave","floor":15.0,"key":"SMITH"},{"floor":23.0,"key":"REST"},{"data":"Feel No Pain","floor":27.0,"key":"SMITH"},{"data":"Flame Barrier","floor":30.0,"key":"SMITH"},{"floor":32.0,"key":"REST"},{"data":"Juggernaut","floor":40,"key":"SMITH"},{"data":"Demon Form","floor":42,"key":"SMITH"},{"data":"True Grit","floor":49,"key":"SMITH"}],"neow_cost":"TEN_PERCENT_HP_LOSS","seed_source_timestamp":84222124435743,"circlet_count":0,"master_deck":["AscendersBane","Strike_R","Defend_R","Defend_R","Defend_R","Defend_R","Clothesline","Iron Wave+1","Immolate","Corruption","Flame Barrier+1","Shockwave+1","Headbutt","Dark Embrace","Ghostly Armor","Flame Barrier+1","Bloodletting+1","Feel No Pain+1","Shrug It Off","Evolve","Armaments","Juggernaut+1","Spot Weakness+1","Second Wind","Feel No Pain","Demon Form+1","Warcry+1","True Grit+1"],"special_seed":0,"relics":["Burning Blood","Pocketwatch","Darkstone Periapt","Juzu Bracelet","Gremlin Horn","Mark of Pain","Molten Egg 2","Self Forming Clay","Mummified Hand","Bottled Tornado","War Paint","Eternal Feather","Bag of Marbles","Shuriken","Strawberry","Red Mask"],"potions_floor_usage":[35,48,50,50],"damage_taken":[{"damage":6.0,"enemies":"Cultist","floor":1.0,"turns":4.0},{"damage":4.0,"enemies":"Jaw Worm","floor":2.0,"turns":4.0},{"damage":32.0,"enemies":"Lagavulin","floor":7.0,"turns":6.0},{"damage":0.0,"enemies":"Small Slimes","floor":11.0,"turns":2.0},{"damage":1.0,"enemies":"Blue Slaver","floor":14.0,"turns":4.0},{"damage":39.0,"enemies":"Hexaghost","floor":16.0,"turns":10.0},{"damage":15.0,"enemies":"2 Thieves","floor":18.0,"turns":4.0},{"damage":29.0,"enemies":"Spheric Guardian","floor":19.0,"turns":7.0},{"damage":6.0,"enemies":"Gremlin Leader","floor":24.0,"turns":8.0},{"damage":5.0,"enemies":"Snecko","floor":28.0,"turns":4.0},{"damage":17.0,"enemies":"Slavers","floor":29.0,"turns":5.0},{"damage":8.0,"enemies":"Book of Stabbing","floor":31.0,"turns":5.0},{"damage":43.0,"enemies":"Collector","floor":33.0,"turns":11.0},{"damage":4,"enemies":"3 Darklings","floor":35,"turns":4},{"damage":17,"enemies":"3 Shapes","floor":36,"turns":4},{"damage":10,"enemies":"Nemesis","floor":41,"turns":8},{"damage":21,"enemies":"Spire Growth","floor":45,"turns":5},{"damage":11,"enemies":"Maw","floor":48,"turns":5},{"damage":23,"enemies":"Time Eater","floor":50,"turns":8}],"seed_played":"-5658673700622216295","potions_obtained":[{"floor":2.0,"key":"Explosive Potion"},{"floor":7.0,"key":"Ancient Potion"},{"floor":18.0,"key":"Energy Potion"},{"floor":19.0,"key":"BloodPotion"},{"floor":24.0,"key":"Poison Potion"},{"floor":33.0,"key":"PowerPotion"},{"floor":35,"key":"EssenceOfSteel"},{"floor":48,"key":"Block Potion"}],"is_trial":false,"path_per_floor":["M","M","?","$","?","R","E","T","T","R","M","$","?","M","R","B",null,"M","M","T","?","?","R","E","$","T","R","M","E","R","E","R","B",null,"M","M","?","$","T","R","E","R","T","?","M","$","?","M","R","B",null],"character_chosen":"IRONCLAD","items_purchased":["Pocketwatch","Immolate","Shockwave","Feel No Pain","Shrug It Off","Feel No Pain","PowerPotion"],"campfire_rested":2,"item_purchase_floors":[4,4,12,25,25,38,38],"current_hp_per_floor":[72,72,72,72,61,61,35,35,35,35,41,41,41,46,46,13,57,48,25,25,12,12,35,42,42,42,42,43,32,32,30,53,16,62,64,53,53,53,53,68,64,77,84,84,69,69,69,64,79,62],"gold":31,"neow_bonus":"TWO_FIFTY_GOLD","is_prod":false,"is_daily":false,"chose_seed":false,"campfire_upgraded":8,"win_rate":0,"timestamp":1544471014,"path_taken":["M","M","?","$","?","R","E","?","T","R","M","?","?","M","R","BOSS","M","M","?","?","?","R","E","?","T","R","M","E","R","E","R","BOSS","M","M","?","$","?","R","E","R","T","?","M","?","?","M","R","BOSS"],"build_version":"2018-12-06","purchased_purges":3,"victory":true,"max_hp_per_floor":[72,72,72,72,72,72,72,72,72,72,72,72,72,72,72,72,72,72,72,72,77,77,77,77,77,77,77,77,77,77,77,77,77,77,77,77,77,77,77,77,77,77,84,84,84,84,84,84,84,84],"card_choices":[{"not_picked":["Warcry","Searing Blow"],"picked":"Clothesline","floor":1.0},{"not_picked":["Clash","Anger"],"picked":"Iron Wave","floor":2.0},{"not_picked":["Sentinel","Limit Break"],"picked":"Corruption","floor":7.0},{"not_picked":["Wild Strike","Sever Soul"],"picked":"Flame Barrier","floor":11.0},{"not_picked":["Fire Breathing","Corruption"],"picked":"Headbutt","floor":14.0},{"not_picked":["Offering","Feed"],"picked":"Dark Embrace","floor":16.0},{"not_picked":["Havoc","Anger"],"picked":"Ghostly Armor","floor":18.0},{"not_picked":["Armaments","Reckless Charge"],"picked":"Flame Barrier","floor":19.0},{"not_picked":["Anger+1","Combust+1"],"picked":"Bloodletting","floor":24.0},{"not_picked":["Rage","Sever Soul+1","Pommel Strike+1"],"picked":"SKIP","floor":28.0},{"not_picked":["Bloodletting","Havoc+1"],"picked":"Evolve","floor":29.0},{"not_picked":["Warcry","Iron Wave+1"],"picked":"Armaments","floor":31.0},{"not_picked":["Reaper+1","Exhume"],"picked":"Juggernaut","floor":33.0},{"not_picked":["Flex","Clash+1"],"picked":"Spot Weakness+1","floor":35},{"not_picked":["Pommel Strike+1","Rage","Twin Strike+1"],"picked":"SKIP","floor":36},{"not_picked":["Limit Break","Perfected Strike+1"],"picked":"Demon Form","floor":41},{"not_picked":["Dropkick+1","Rage"],"picked":"Warcry+1","floor":45},{"not_picked":["Heavy Blade+1","Armaments"],"picked":"True Grit","floor":48}],"player_experience":554605,"relics_obtained":[{"floor":7.0,"key":"Darkstone Periapt"},{"floor":8.0,"key":"Juzu Bracelet"},{"floor":9.0,"key":"Gremlin Horn"},{"floor":20.0,"key":"Molten Egg 2"},{"floor":24.0,"key":"Self Forming Clay"},{"floor":26.0,"key":"Mummified Hand"},{"floor":29.0,"key":"Bottled Tornado"},{"floor":31.0,"key":"War Paint"},{"floor":39,"key":"Bag of Marbles"},{"floor":41,"key":"Shuriken"},{"floor":43,"key":"Strawberry"}],"event_choices":[{"damage_healed":0.0,"max_hp_gain":0.0,"max_hp_loss":0.0,"gold_gain":175.0,"event_name":"Liars Game","player_choice":"AGREE","floor":3.0,"gold_loss":0.0,"damage_taken":0.0,"cards_obtained":["Doubt"]},{"damage_healed":0.0,"max_hp_gain":0.0,"max_hp_loss":0.0,"gold_gain":75.0,"event_name":"World of Goop","player_choice":"Gather Gold","floor":5.0,"gold_loss":0.0,"damage_taken":11.0},{"cards_removed":["Strike_R"],"damage_healed":0.0,"max_hp_gain":0.0,"max_hp_loss":0.0,"gold_gain":0.0,"event_name":"Purifier","player_choice":"Purged","floor":13.0,"gold_loss":0.0,"damage_taken":0.0},{"damage_healed":0.0,"max_hp_gain":5.0,"max_hp_loss":0.0,"gold_gain":0.0,"event_name":"Forgotten Altar","player_choice":"Shed Blood","floor":21.0,"gold_loss":0.0,"damage_taken":18.0},{"damage_healed":0.0,"max_hp_gain":0.0,"max_hp_loss":0.0,"gold_gain":0.0,"event_name":"Cursed Tome","player_choice":"Ignored","floor":22.0,"gold_loss":0.0,"damage_taken":0.0},{"damage_healed":0,"gold_gain":0,"cards_transformed":["Strike_R"],"player_choice":"Transformed","damage_taken":0,"max_hp_gain":0,"max_hp_loss":0,"event_name":"Transmorgrifier","floor":37,"gold_loss":0,"cards_obtained":["Second Wind"]},{"damage_healed":0,"gold_gain":0,"player_choice":"Paid","damage_taken":0,"relics_obtained":["Red Mask"],"max_hp_gain":0,"max_hp_loss":0,"event_name":"Tomb of Lord Red Mask","floor":44,"gold_loss":54},{"cards_removed":["Bash"],"damage_healed":0,"gold_gain":0,"player_choice":"Removed Attack","damage_taken":0,"max_hp_gain":0,"max_hp_loss":0,"event_name":"Falling","floor":47,"gold_loss":0}],"is_beta":false,"boss_relics":[{"not_picked":["Black Star","Runic Cube"],"picked":"Mark of Pain"},{"not_picked":["Philosopher\u0027s Stone","Tiny House"],"picked":"Eternal Feather"}],"items_purged_floors":[4,12,38],"is_endless":false,"potions_floor_spawned":[2,7,18,19,24,33,35,45,48],"ascension_level":13}