{"gold_per_floor":[117,292,305,318,318,351,351,367,390,82,82,97,97,131,131,226,226,236,236,250,250,250,250,266,266,290,35,50,50,76,93,93,93],"floor_reached":33,"playtime":3276,"items_purged":["Doubt","Injury"],"score":289,"play_id":"cb8273fb-9628-49e7-857a-c4dc46acabb6","local_time":"20190129155050","is_ascension_mode":true,"campfire_choices":[{"data":"Envenom","floor":7,"key":"SMITH"},{"data":"Blur","floor":11,"key":"SMITH"},{"data":"Noxious Fumes","floor":13,"key":"SMITH"},{"data":"Dash","floor":15,"key":"SMITH"},{"floor":23,"key":"REST"},{"data":"RitualDagger","floor":25,"key":"SMITH"},{"floor":29,"key":"REST"},{"floor":32,"key":"REST"}],"neow_cost":"NONE","seed_source_timestamp":342896566930380,"circlet_count":0,"master_deck":["Defend_G","Defend_G","Defend_G","Defend_G","Defend_G","Strike_G","Strike_G","Strike_G","Strike_G","Strike_G","Survivor","Neutralize","Acrobatics","Blur+1","Envenom+1","Bouncing Flask","Dash+1","Well Laid Plans","Noxious Fumes+1","Bouncing Flask","Wraith Form v2","Clumsy","Backflip+1","Blur+1","RitualDagger+1"],"relics":["Ring of the Snake","Bag of Preparation","Anchor","Bag of Marbles","Bronze Scales","Calling Bell","Omamori","Toxic Egg 2","Ice Cream","Potion Belt","Oddly Smooth Stone","Regal Pillow"],"potions_floor_usage":[6,6,30,30,33,33],"damage_taken":[{"damage":0,"enemies":"2 Louse","floor":1,"turns":3},{"damage":8,"enemies":"Jaw Worm","floor":3,"turns":5},{"damage":0,"enemies":"Small Slimes","floor":4,"turns":4},{"damage":9,"enemies":"3 Sentries","floor":6,"turns":13},{"damage":2,"enemies":"Blue Slaver","floor":8,"turns":4},{"damage":0,"enemies":"2 Fungi Beasts","floor":12,"turns":4},{"damage":6,"enemies":"Gremlin Nob","floor":14,"turns":4},{"damage":24,"enemies":"Hexaghost","floor":16,"turns":7},{"damage":30,"enemies":"2 Thieves","floor":18,"turns":4},{"damage":1,"enemies":"Chosen","floor":20,"turns":5},{"damage":11,"enemies":"Snake Plant","floor":24,"turns":5},{"damage":0,"enemies":"Snecko","floor":28,"turns":5},{"damage":39,"enemies":"Slavers","floor":30,"turns":8},{"damage":20,"enemies":"Sentry and Sphere","floor":31,"turns":6},{"damage":62,"enemies":"Champ","floor":33,"turns":13}],"seed_played":"-7152153579193259734","potions_obtained":[{"floor":1,"key":"GhostInAJar"},{"floor":3,"key":"Block Potion"},{"floor":4,"key":"Poison Potion"},{"floor":18,"key":"SkillPotion"},{"floor":20,"key":"Block Potion"},{"floor":28,"key":"Poison Potion"}],"is_trial":false,"path_per_floor":["M","?","M","M","?","E","R","M","T","$","R","M","R","E","R","B",null,"M","?","M","?","?","R","M","R","T","$","M","R","E","M","R","B"],"character_chosen":"THE_SILENT","items_purchased":["Well Laid Plans","Bag of Marbles","Oddly Smooth Stone"],"campfire_rested":3,"item_purchase_floors":[10,10,27],"current_hp_per_floor":[77,77,69,69,74,65,65,63,63,63,63,63,63,57,57,33,82,52,52,51,45,45,69,58,58,58,58,58,82,43,23,62,0],"gold":93,"neow_bonus":"TEN_PERCENT_HP_BONUS","is_prod":false,"is_daily":false,"chose_seed":false,"campfire_upgraded":5,"win_rate":0,"timestamp":1548777050,"path_taken":["M","?","M","M","?","E","R","M","T","$","R","M","R","E","R","BOSS","M","?","M","?","?","R","?","R","T","$","M","R","E","M","R","BOSS"],"build_version":"2019-01-23","purchased_purges":2,"victory":false,"max_hp_per_floor":[77,77,77,77,82,82,82,82,82,82,82,82,82,82,82,82,82,82,82,82,82,82,82,82,82,82,82,82,82,82,82,82,82],"card_choices":[{"not_picked":["Tactician","Deflect"],"picked":"Acrobatics","floor":1},{"not_picked":["Crippling Poison","Sucker Punch"],"picked":"Blur","floor":3},{"not_picked":["PiercingWail","Accuracy"],"picked":"Envenom","floor":4},{"not_picked":["Prepared","Calculated Gamble"],"picked":"Bouncing Flask","floor":6},{"not_picked":["Dodge and Roll","Outmaneuver"],"picked":"Dash","floor":8},{"not_picked":["Outmaneuver","Prepared"],"picked":"Noxious Fumes","floor":12},{"not_picked":["Deflect","Sucker Punch"],"picked":"Bouncing Flask","floor":14},{"not_picked":["Phantasmal Killer","Unload"],"picked":"Wraith Form v2","floor":16},{"not_picked":["Acrobatics+1","Deadly Poison+1"],"picked":"Backflip+1","floor":18},{"not_picked":["Eviscerate+1","Finisher"],"picked":"Blur+1","floor":20},{"not_picked":["Dagger Spray","Distraction+1","Heel Hook"],"picked":"SKIP","floor":24},{"not_picked":["Doppelganger+1","Predator","Sucker Punch"],"picked":"SKIP","floor":28},{"not_picked":["Prepared+1","Accuracy","Blade Dance+1"],"picked":"SKIP","floor":30},{"not_picked":["PiercingWail+1","Bane+1","Deflect+1"],"picked":"SKIP","floor":31}],"player_experience":243211,"relics_obtained":[{"floor":6,"key":"Bag of Preparation"},{"floor":9,"key":"Anchor"},{"floor":14,"key":"Bronze Scales"},{"floor":17,"key":"Omamori"},{"floor":17,"key":"Toxic Egg 2"},{"floor":17,"key":"Ice Cream"},{"floor":26,"key":"Potion Belt"},{"floor":30,"key":"Regal Pillow"}],"event_choices":[{"damage_healed":0,"gold_gain":175,"player_choice":"AGREE","damage_taken":0,"max_hp_gain":0,"max_hp_loss":0,"event_name":"Liars Game","floor":2,"gold_loss":0,"cards_obtained":["Doubt"]},{"damage_healed":0,"gold_gain":0,"player_choice":"Donut","damage_taken":0,"max_hp_gain":5,"max_hp_loss":0,"event_name":"Big Fish","floor":5,"gold_loss":0},{"cards_removed":["Decay"],"damage_healed":0,"gold_gain":0,"player_choice":"Elegance","damage_taken":0,"max_hp_gain":0,"max_hp_loss":0,"event_name":"Back to Basics","floor":19,"gold_loss":0},{"damage_healed":0,"gold_gain":0,"player_choice":"Joined the Cult","damage_taken":6,"max_hp_gain":0,"max_hp_loss":0,"event_name":"Nest","floor":21,"gold_loss":0,"cards_obtained":["RitualDagger"]},{"damage_healed":0,"gold_gain":0,"player_choice":"Bought 0 Potions","damage_taken":0,"max_hp_gain":0,"max_hp_loss":0,"event_name":"The Woman in Blue","floor":22,"gold_loss":0}],"is_beta":false,"boss_relics":[{"not_picked":["Orrery","Fusion Hammer"],"picked":"Calling Bell"}],"items_purged_floors":[10,27],"is_endless":false,"potions_floor_spawned":[1,3,4,18,20,28],"killed_by":"Champ","ascension_level":1}