{"gold_per_floor":[111,111,121,141,153,178,205,205,232,248,48,72,92,102,102,201,201,221,320,3,3,16,16,29,43,70,70,70,98,108,128,128,227,227,239,239,254,99,99,130,141,14,41,41,59,59,86,108,120,132],"floor_reached":51,"playtime":4546,"items_purged":[],"score":706,"play_id":"0147dd89-d5b8-432c-96ac-38f5e29595ca","local_time":"20190125183101","is_ascension_mode":false,"campfire_choices":[{"floor":8,"key":"REST"},{"data":"Hello World","floor":15,"key":"SMITH"},{"floor":23,"key":"REST"},{"data":"Defragment","floor":27,"key":"SMITH"},{"floor":32,"key":"REST"},{"floor":46,"key":"REST"},{"floor":49,"key":"REST"}],"neow_cost":"NONE","seed_source_timestamp":1383692414516512,"circlet_count":0,"master_deck":["Strike_B+1","Strike_B","Strike_B","Strike_B","Defend_B","Defend_B","Defend_B","Defend_B","Zap","Dualcast","Self Repair","BootSequence","Self Repair","Barrage","Stack","Hello World+1","Cold Snap","Conserve Battery","Defragment+1","Hologram","Core Surge","Melter+1","Storm","Capacitor","Gash","Electrodynamics","Go for the Eyes+1","Cold Snap","Redo","Creative AI","Ball Lightning+1","Ball Lightning","Jack Of All Trades","Ball Lightning","Redo+1","Stack","Reinforced Body","Go for the Eyes+1"],"relics":["Cracked Core","Lantern","Odd Mushroom","Bag of Preparation","Tiny Chest","Blood Vial","Black Star","Cables","Juzu Bracelet","Whetstone","Du-Vu Doll","Nuclear Battery","PreservedInsect","Omamori","Pen Nib","Bronze Scales","MawBank","Ice Cream"],"potions_floor_usage":[5,6,6,16,25,33,33,47,48,50,50],"damage_taken":[{"damage":6,"enemies":"Cultist","floor":1,"turns":3},{"damage":1,"enemies":"Jaw Worm","floor":3,"turns":2},{"damage":0,"enemies":"2 Louse","floor":4,"turns":3},{"damage":34,"enemies":"Exordium Thugs","floor":5,"turns":6},{"damage":20,"enemies":"3 Sentries","floor":6,"turns":9},{"damage":22,"enemies":"The Mushroom Lair","floor":7,"turns":6},{"damage":17,"enemies":"Large Slime","floor":10,"turns":6},{"damage":2,"enemies":"2 Fungi Beasts","floor":13,"turns":4},{"damage":2,"enemies":"3 Louse","floor":14,"turns":3},{"damage":44,"enemies":"The Guardian","floor":16,"turns":9},{"damage":0,"enemies":"Chosen","floor":18,"turns":6},{"damage":46,"enemies":"2 Thieves","floor":22,"turns":4},{"damage":0,"enemies":"Cultist and Chosen","floor":24,"turns":5},{"damage":3,"enemies":"Centurion and Healer","floor":25,"turns":8},{"damage":7,"enemies":"Gremlin Leader","floor":29,"turns":5},{"damage":25,"enemies":"3 Cultists","floor":30,"turns":5},{"damage":19,"enemies":"Cultist and Chosen","floor":31,"turns":6},{"damage":44,"enemies":"Champ","floor":33,"turns":15},{"damage":14,"enemies":"3 Shapes","floor":35,"turns":6},{"damage":0,"enemies":"Orb Walker","floor":37,"turns":2},{"damage":12,"enemies":"Giant Head","floor":40,"turns":7},{"damage":12,"enemies":"Writhing Mass","floor":41,"turns":5},{"damage":11,"enemies":"Spire Growth","floor":45,"turns":4},{"damage":22,"enemies":"Reptomancer","floor":47,"turns":4},{"damage":22,"enemies":"Maw","floor":48,"turns":8},{"damage":55,"enemies":"Donu and Deca","floor":50,"turns":7}],"seed_played":"-7528060575357571411","potions_obtained":[{"floor":1,"key":"Strength Potion"},{"floor":3,"key":"Weak Potion"},{"floor":4,"key":"LiquidBronze"},{"floor":7,"key":"PowerPotion"},{"floor":18,"key":"LiquidBronze"},{"floor":25,"key":"Ancient Potion"},{"floor":30,"key":"AttackPotion"},{"floor":40,"key":"Block Potion"},{"floor":48,"key":"Weak Potion"}],"is_trial":false,"path_per_floor":["M","?","M","M","M","E","?","R","T","M","$","T","M","M","R","B",null,"M","?","$","$","M","R","M","M","T","R","?","E","M","M","R","B",null,"M","?","M","$","?","E","M","$","T","?","M","R","E","M","R","B",null],"character_chosen":"DEFECT","items_purchased":["Tiny Chest","Defragment","Hologram","Storm","Cables","PreservedInsect","FocusPotion","SkillPotion"],"campfire_rested":5,"item_purchase_floors":[11,11,11,20,20,38,42,42],"current_hp_per_floor":[75,75,74,75,55,49,41,63,63,60,60,60,74,75,75,31,75,75,75,75,75,36,58,74,75,75,75,75,75,57,47,69,27,75,75,75,75,75,75,75,75,75,75,75,64,75,60,54,75,27],"gold":144,"neow_bonus":"THREE_CARDS","is_prod":false,"is_daily":false,"chose_seed":false,"campfire_upgraded":2,"win_rate":0.0,"timestamp":1548448261,"path_taken":["M","?","M","M","M","E","?","R","T","M","$","?","M","M","R","BOSS","M","?","?","$","M","R","M","?","T","R","?","E","M","M","R","BOSS","M","?","M","$","?","E","M","?","T","?","M","R","E","M","R","BOSS"],"build_version":"2019-01-23","purchased_purges":0,"victory":true,"max_hp_per_floor":[75,75,75,75,75,75,75,75,75,75,75,75,75,75,75,75,75,75,75,75,75,75,75,75,75,75,75,75,75,75,75,75,75,75,75,75,75,75,75,75,75,75,75,75,75,75,75,75,75,75],"card_choices":[{"not_picked":["Auto Shields","Coolheaded"],"picked":"Self Repair","floor":0},{"not_picked":["Hello World","Genetic Algorithm"],"picked":"BootSequence","floor":1},{"not_picked":["Coolheaded","Recycle"],"picked":"Self Repair","floor":3},{"not_picked":["Undo","Cold Snap"],"picked":"Barrage","floor":4},{"not_picked":["Tempest","Beam Cell"],"picked":"Stack","floor":5},{"not_picked":["Double Energy","Coolheaded"],"picked":"Hello World","floor":6},{"not_picked":["Steam","Conserve Battery"],"picked":"Cold Snap","floor":7},{"not_picked":["Aggregate","Streamline"],"picked":"Conserve Battery","floor":10},{"not_picked":["Doom and Gloom","Rebound","Beam Cell"],"picked":"SKIP","floor":13},{"not_picked":["Reprogram","Conserve Battery","Fission"],"picked":"SKIP","floor":14},{"not_picked":["Rainbow","Meteor Strike"],"picked":"Core Surge","floor":16},{"not_picked":["Hologram","Leap"],"picked":"Melter","floor":18},{"not_picked":["Melter+1","Hologram"],"picked":"Capacitor","floor":22},{"not_picked":["Heatsinks","Consume"],"picked":"Gash","floor":24},{"not_picked":["Doom and Gloom+1","Barrage","Aggregate+1"],"picked":"SKIP","floor":25},{"not_picked":["Genetic Algorithm","Capacitor+1"],"picked":"Go for the Eyes+1","floor":29},{"not_picked":["Rip and Tear","Fusion"],"picked":"Cold Snap","floor":30},{"not_picked":["Go for the Eyes+1","Rip and Tear"],"picked":"Redo","floor":31},{"not_picked":["Rainbow","Seek"],"picked":"Creative AI","floor":33},{"not_picked":["Auto Shields+1","Steam+1"],"picked":"Ball Lightning+1","floor":35},{"not_picked":["Beam Cell+1","Sweeping Beam"],"picked":"Ball Lightning","floor":37},{"not_picked":["Bandage Up","Purity"],"picked":"Jack Of All Trades","floor":39},{"not_picked":["Storm+1","Compile Driver"],"picked":"Ball Lightning","floor":40},{"not_picked":["Gash","Ball Lightning"],"picked":"Redo+1","floor":41},{"not_picked":["Sweeping Beam","Undo+1"],"picked":"Stack","floor":45},{"not_picked":["Electrodynamics","Coolheaded"],"picked":"Reinforced Body","floor":47},{"not_picked":["Melter","Coolheaded+1"],"picked":"Go for the Eyes+1","floor":48}],"player_experience":31677,"relics_obtained":[{"floor":6,"key":"Lantern"},{"floor":7,"key":"Odd Mushroom"},{"floor":9,"key":"Bag of Preparation"},{"floor":12,"key":"Blood Vial"},{"floor":26,"key":"Juzu Bracelet"},{"floor":29,"key":"Whetstone"},{"floor":29,"key":"Du-Vu Doll"},{"floor":40,"key":"Omamori"},{"floor":40,"key":"Pen Nib"},{"floor":43,"key":"Bronze Scales"},{"floor":47,"key":"MawBank"},{"floor":47,"key":"Ice Cream"}],"event_choices":[{"damage_healed":0,"gold_gain":0,"player_choice":"Ignored","damage_taken":0,"max_hp_gain":0,"max_hp_loss":0,"event_name":"Golden Wing","floor":2,"gold_loss":0},{"damage_healed":0,"gold_gain":0,"player_choice":"Fought Mushrooms","damage_taken":0,"max_hp_gain":0,"max_hp_loss":0,"event_name":"Mushrooms","floor":7,"gold_loss":0},{"damage_healed":0,"gold_gain":99,"player_choice":"Stole From Cult","damage_taken":0,"max_hp_gain":0,"max_hp_loss":0,"event_name":"Nest","floor":19,"gold_loss":0},{"damage_healed":0,"gold_gain":0,"player_choice":"Read","damage_taken":0,"max_hp_gain":0,"max_hp_loss":0,"event_name":"The Library","floor":28,"gold_loss":0,"cards_obtained":["Electrodynamics"]},{"damage_healed":0,"gold_gain":0,"player_choice":"Ignored","damage_taken":0,"max_hp_gain":0,"max_hp_loss":0,"event_name":"Tomb of Lord Red Mask","floor":36,"gold_loss":0},{"damage_healed":0,"gold_gain":0,"player_choice":"Memory 1","damage_taken":0,"max_hp_gain":0,"max_hp_loss":0,"event_name":"SensoryStone","floor":39,"gold_loss":0},{"damage_healed":19,"gold_gain":0,"player_choice":"Writhe","damage_taken":0,"max_hp_gain":0,"max_hp_loss":0,"event_name":"Winding Halls","floor":44,"gold_loss":0,"cards_obtained":["Writhe"]}],"is_beta":false,"boss_relics":[{"not_picked":["Snecko Eye","Empty Cage"],"picked":"Black Star"},{"not_picked":["Busted Crown","Astrolabe"],"picked":"Nuclear Battery"}],"items_purged_floors":[],"is_endless":false,"potions_floor_spawned":[1,3,4,7,18,25,30,40,48],"ascension_level":0}