{"gold_per_floor":[118,131,145,145,1,14,14,14,14,49,64,83,109,109,109,182,182,192,242,242,157,32,93,105,92,130,1,32,32,32,52,52,123,123,137,137,137,157,175,175,1,34,34,34,34,44,44,58,58,58],"floor_reached":50,"playtime":4802,"items_purged":["Strike_G","Writhe"],"score":932,"play_id":"98d26b18-e85d-4eff-8abf-4a4c2f51220f","local_time":"20190131004850","is_ascension_mode":true,"campfire_choices":[{"floor":7.0,"key":"REST"},{"floor":15.0,"key":"REST"},{"floor":24.0,"key":"REST"},{"floor":29.0,"key":"REST"},{"floor":32.0,"key":"REST"},{"floor":40,"key":"REST"},{"data":"Blade Dance","floor":44,"key":"SMITH"},{"floor":49,"key":"REST"}],"neow_cost":"NONE","seed_source_timestamp":725492535154332,"circlet_count":0,"master_deck":["AscendersBane","Defend_G","Defend_G","Defend_G","Defend_G","Defend_G","Strike_G","Strike_G","Survivor","Neutralize+1","Dash","Well Laid Plans","Quick Slash","Footwork+1","Adrenaline","Cloak And Dagger","Noxious Fumes","Cloak And Dagger","Mind Blast+1","Adrenaline","Glass Knife+1","Blade Dance+1","Infinite Blades","Dodge and Roll","Calculated Gamble","Finisher+1","Cloak And Dagger+1","PiercingWail","Backflip","Slice+1"],"special_seed":0,"relics":["Ring of the Snake","Darkstone Periapt","Kunai","Shuriken","Black Star","Molten Egg 2","MawBank","Tiny Chest","Regal Pillow","Strawberry","Boot","Orrery","Orichalcum","Smiling Mask","Bottled Lightning","Blue Candle","Paper Crane"],"potions_floor_usage":[42,50,50],"damage_taken":[{"damage":0.0,"enemies":"Cultist","floor":1.0,"turns":4.0},{"damage":5.0,"enemies":"Jaw Worm","floor":2.0,"turns":5.0},{"damage":3.0,"enemies":"Small Slimes","floor":3.0,"turns":5.0},{"damage":34.0,"enemies":"Exordium Thugs","floor":6.0,"turns":9.0},{"damage":7.0,"enemies":"Lagavulin","floor":10.0,"turns":9.0},{"damage":0.0,"enemies":"Looter","floor":11.0,"turns":4.0},{"damage":0.0,"enemies":"2 Fungi Beasts","floor":12.0,"turns":5.0},{"damage":6.0,"enemies":"3 Sentries","floor":13.0,"turns":13.0},{"damage":16.0,"enemies":"The Guardian","floor":16.0,"turns":14.0},{"damage":15.0,"enemies":"3 Byrds","floor":18.0,"turns":9.0},{"damage":25.0,"enemies":"Book of Stabbing","floor":23.0,"turns":8.0},{"damage":13.0,"enemies":"2 Thieves","floor":25.0,"turns":5.0},{"damage":19.0,"enemies":"Slavers","floor":28.0,"turns":12.0},{"damage":13.0,"enemies":"Cultist and Chosen","floor":31.0,"turns":9.0},{"damage":45.0,"enemies":"Automaton","floor":33.0,"turns":17.0},{"damage":39,"enemies":"3 Darklings","floor":35,"turns":8},{"damage":12,"enemies":"3 Shapes","floor":38,"turns":12},{"damage":25,"enemies":"Spire Growth","floor":39,"turns":7},{"damage":19,"enemies":"Giant Head","floor":42,"turns":9},{"damage":0,"enemies":"Jaw Worm Horde","floor":46,"turns":4},{"damage":0,"enemies":"Maw","floor":48,"turns":7},{"damage":85,"enemies":"Time Eater","floor":50,"turns":14}],"seed_played":"508469966121140470","potions_obtained":[{"floor":2.0,"key":"PowerPotion"},{"floor":10.0,"key":"AttackPotion"},{"floor":11.0,"key":"AttackPotion"},{"floor":16.0,"key":"FearPotion"},{"floor":25.0,"key":"Strength Potion"},{"floor":42,"key":"Swift Potion"},{"floor":46,"key":"Regen Potion"}],"is_trial":false,"path_per_floor":["M","M","M","?","$","M","R","?","T","E","M","M","E","?","R","B",null,"M","?","?","?","$","E","R","M","T","$","E","R","$","M","R","B",null,"M","?","T","M","M","R","$","E","T","R","T","M","$","M","R","B"],"character_chosen":"THE_SILENT","items_purchased":["Well Laid Plans","Noxious Fumes","AttackPotion","Mind Blast+1","Dexterity Potion","GhostInAJar"],"campfire_rested":7,"item_purchase_floors":[5,22,22,27,27,41],"current_hp_per_floor":[59,54,51,51,51,17,36,36,36,29,29,29,23,23,42,26,56,41,41,41,41,41,16,35,22,22,22,10,46,46,33,69,24,61,22,43,43,31,6,44,44,25,25,25,25,25,25,25,63,0],"gold":58,"neow_bonus":"UPGRADE_CARD","is_prod":false,"is_daily":false,"chose_seed":false,"campfire_upgraded":1,"win_rate":0,"timestamp":1548892130,"path_taken":["M","M","?","?","$","?","R","?","T","E","?","M","E","?","R","BOSS","M","?","?","?","$","E","R","M","T","$","E","R","?","M","R","BOSS","M","?","?","M","M","R","$","E","T","R","?","?","$","?","R","BOSS"],"build_version":"2019-01-23","purchased_purges":2,"victory":false,"max_hp_per_floor":[66,66,66,66,66,66,66,66,66,66,66,66,66,66,66,66,66,66,66,66,66,66,66,66,66,66,66,73,73,73,73,73,73,73,73,79,79,79,79,79,79,79,79,79,79,79,79,79,79,79],"card_choices":[{"not_picked":["Dodge and Roll","Finisher","Acrobatics"],"picked":"SKIP","floor":1.0},{"not_picked":["Crippling Poison","Predator"],"picked":"Dash","floor":2.0},{"not_picked":["Sucker Punch","Slice","Setup"],"picked":"SKIP","floor":3.0},{"not_picked":["Backflip","Bane"],"picked":"Quick Slash","floor":6.0},{"not_picked":["PiercingWail","Dash"],"picked":"Footwork","floor":10.0},{"not_picked":["Sucker Punch","Burst","Underhanded Strike"],"picked":"SKIP","floor":11.0},{"not_picked":["Bane","Outmaneuver","Prepared"],"picked":"SKIP","floor":12.0},{"not_picked":["Bane","Dash","Burst"],"picked":"SKIP","floor":13.0},{"not_picked":["Night Terror","Unload"],"picked":"Adrenaline","floor":16.0},{"not_picked":["Dagger Spray","Escape Plan"],"picked":"Cloak And Dagger","floor":18.0},{"not_picked":["Riddle With Holes+1","Flechettes+1","Acrobatics"],"picked":"SKIP","floor":23.0},{"not_picked":["Backflip","Deadly Poison"],"picked":"Cloak And Dagger","floor":25.0},{"not_picked":["Cloak And Dagger","Outmaneuver","Setup"],"picked":"SKIP","floor":28.0},{"not_picked":["Endless Agony+1","Sucker Punch+1"],"picked":"Adrenaline","floor":31.0},{"not_picked":["Night Terror","Grand Finale+1"],"picked":"Glass Knife+1","floor":33.0},{"not_picked":["Dagger Throw+1","Envenom"],"picked":"Blade Dance","floor":34.0},{"not_picked":["Acrobatics","Dodge and Roll"],"picked":"Infinite Blades","floor":34.0},{"not_picked":["Flechettes+1","Bane+1"],"picked":"Dodge and Roll","floor":34.0},{"not_picked":["Dagger Spray+1","Accuracy"],"picked":"Calculated Gamble","floor":34.0},{"not_picked":["Concentrate","Outmaneuver"],"picked":"Finisher+1","floor":34.0},{"not_picked":["Acrobatics","Bouncing Flask+1"],"picked":"Cloak And Dagger+1","floor":35},{"not_picked":["Acrobatics+1","Poisoned Stab+1"],"picked":"PiercingWail","floor":38},{"not_picked":["Choke+1","Dash+1"],"picked":"Backflip","floor":39},{"not_picked":["Venomology","Flying Knee+1","Dash+1"],"picked":"SKIP","floor":42},{"not_picked":["Deflect","Sucker Punch+1"],"picked":"Slice+1","floor":46},{"not_picked":["Deadly Poison","Underhanded Strike+1","Quick Slash+1"],"picked":"SKIP","floor":48}],"player_experience":1110140,"relics_obtained":[{"floor":9.0,"key":"Darkstone Periapt"},{"floor":10.0,"key":"Kunai"},{"floor":13.0,"key":"Shuriken"},{"floor":23.0,"key":"MawBank"},{"floor":23.0,"key":"Tiny Chest"},{"floor":26.0,"key":"Regal Pillow"},{"floor":28.0,"key":"Strawberry"},{"floor":28.0,"key":"Boot"},{"floor":37,"key":"Orichalcum"},{"floor":42,"key":"Smiling Mask"},{"floor":42,"key":"Bottled Lightning"},{"floor":43,"key":"Blue Candle"},{"floor":45,"key":"Paper Crane"}],"event_choices":[{"cards_removed":["Strike_G"],"damage_healed":0.0,"max_hp_gain":0.0,"max_hp_loss":0.0,"gold_gain":0.0,"event_name":"Wheel of Change","player_choice":"Card Removal","floor":4.0,"gold_loss":0.0,"damage_taken":0.0},{"cards_removed":["Strike_G"],"damage_healed":0.0,"max_hp_gain":0.0,"max_hp_loss":0.0,"gold_gain":0.0,"event_name":"Purifier","player_choice":"Purged","floor":8.0,"gold_loss":0.0,"damage_taken":0.0},{"damage_healed":0.0,"max_hp_gain":0.0,"max_hp_loss":0.0,"gold_gain":0.0,"event_name":"Accursed Blacksmith","player_choice":"Forge","floor":14.0,"gold_loss":0.0,"damage_taken":0.0,"cards_upgraded":["Footwork"]},{"damage_healed":0.0,"max_hp_gain":0.0,"max_hp_loss":0.0,"gold_gain":50.0,"event_name":"Nest","player_choice":"Stole From Cult","floor":19.0,"gold_loss":0.0,"damage_taken":0.0},{"damage_healed":0.0,"max_hp_gain":0.0,"max_hp_loss":0.0,"gold_gain":0.0,"event_name":"Cursed Tome","player_choice":"Ignored","floor":20.0,"gold_loss":0.0,"damage_taken":0.0},{"damage_healed":0.0,"max_hp_gain":0.0,"max_hp_loss":0.0,"gold_gain":0.0,"event_name":"Addict","player_choice":"Obtained Relic","floor":21.0,"gold_loss":85.0,"damage_taken":0.0,"relics_obtained":["Molten Egg 2"]},{"damage_healed":15,"gold_gain":0,"player_choice":"Writhe","damage_taken":0,"max_hp_gain":0,"max_hp_loss":0,"event_name":"Winding Halls","floor":36,"gold_loss":0,"cards_obtained":["Writhe"]}],"is_beta":false,"boss_relics":[{"not_picked":["Eternal Feather","Calling Bell"],"picked":"Black Star"},{"not_picked":["Velvet Choker","Pandora\u0027s Box"],"picked":"Orrery"}],"items_purged_floors":[5,41],"is_endless":false,"potions_floor_spawned":[2,10,11,16,25,42,46],"killed_by":"Time Eater","ascension_level":15}