{"gold_per_floor":[115,115,131,149,160,160,188,200,226,42,52,62,89,100,100,198,198,212,226,18,33,45,73,73],"floor_reached":24,"playtime":1601,"items_purged":["Strike_R"],"score":234,"play_id":"6c8af655-52c0-4a28-913b-aac3bc7dc127","local_time":"20181021154940","is_ascension_mode":false,"campfire_choices":[{"data":"Wild Strike","floor":6,"key":"SMITH"},{"data":"Flame Barrier","floor":15,"key":"SMITH"}],"neow_cost":"TEN_PERCENT_HP_LOSS","seed_source_timestamp":683278109753485,"circlet_count":0,"master_deck":["Strike_R","Strike_R","Strike_R","Strike_R","Defend_R","Defend_R","Defend_R","Defend_R","Bash","Panache","Panacea","Inflame","Wild Strike+1","Flame Barrier+1","Flame Barrier","Fiend Fire","Entrench","Evolve","Feel No Pain","Shrug It Off","Clothesline","Shockwave","Bludgeon","Disarm","Evolve","Corruption","Armaments","Carnage","Disarm"],"relics":["Burning Blood","Omamori","Strawberry","Bronze Scales","PreservedInsect","Mark of Pain","Smiling Mask"],"potions_floor_usage":[16,16,22,23],"damage_taken":[{"damage":8,"enemies":"Cultist","floor":1,"turns":5},{"damage":10,"enemies":"Jaw Worm","floor":3,"turns":4},{"damage":0,"enemies":"2 Louse","floor":4,"turns":3},{"damage":10,"enemies":"Looter","floor":5,"turns":3},{"damage":35,"enemies":"3 Sentries","floor":7,"turns":10},{"damage":5,"enemies":"Large Slime","floor":8,"turns":7},{"damage":0,"enemies":"Blue Slaver","floor":11,"turns":3},{"damage":21,"enemies":"Gremlin Gang","floor":12,"turns":5},{"damage":14,"enemies":"Lagavulin","floor":13,"turns":7},{"damage":7,"enemies":"Large Slime","floor":14,"turns":5},{"damage":25,"enemies":"Hexaghost","floor":16,"turns":11},{"damage":47,"enemies":"2 Thieves","floor":18,"turns":4},{"damage":10,"enemies":"Chosen","floor":19,"turns":3},{"damage":17,"enemies":"3 Cultists","floor":21,"turns":5},{"damage":6,"enemies":"Snake Plant","floor":22,"turns":4},{"damage":15,"enemies":"Book of Stabbing","floor":23,"turns":4},{"damage":14,"enemies":"Centurion and Healer","floor":24,"turns":4}],"seed_played":"1829356432322367533","potions_obtained":[{"floor":1,"key":"EssenceOfSteel"},{"floor":5,"key":"Regen Potion"},{"floor":7,"key":"SteroidPotion"},{"floor":8,"key":"PowerPotion"},{"floor":19,"key":"Explosive Potion"},{"floor":21,"key":"Energy Potion"},{"floor":22,"key":"Strength Potion"}],"is_trial":false,"path_per_floor":["M","$","M","M","M","R","E","M","T","$","M","M","E","M","R","B",null,"M","M","$","M","M","E"],"character_chosen":"IRONCLAD","items_purchased":["Evolve","Bronze Scales","Corruption","Armaments"],"campfire_rested":0,"item_purchase_floors":[10,10,20,20],"current_hp_per_floor":[70,70,66,72,68,68,39,40,47,47,53,38,30,29,29,25,79,38,34,34,23,23,14,0],"gold":73,"neow_bonus":"RANDOM_COLORLESS_2","is_prod":false,"is_daily":false,"chose_seed":false,"campfire_upgraded":2,"win_rate":0,"timestamp":1540129780,"path_taken":["M","?","M","M","M","R","E","M","T","$","M","M","E","M","R","BOSS","M","M","$","M","M","E","M"],"build_version":"2018-10-18","purchased_purges":1,"victory":false,"max_hp_per_floor":[72,72,72,72,72,72,72,72,79,79,79,79,79,79,79,79,79,79,79,79,79,79,79,79],"card_choices":[{"not_picked":["Searing Blow","Clash"],"picked":"Inflame","floor":1},{"not_picked":["Power Through","Perfected Strike"],"picked":"Wild Strike","floor":3},{"not_picked":["Carnage","Clash"],"picked":"Flame Barrier","floor":4},{"not_picked":["Clothesline","Exhume"],"picked":"Flame Barrier","floor":5},{"not_picked":["Iron Wave","Thunderclap"],"picked":"Fiend Fire","floor":7},{"not_picked":["Power Through","Seeing Red"],"picked":"Entrench","floor":8},{"not_picked":["Twin Strike","Havoc"],"picked":"Feel No Pain","floor":11},{"not_picked":["Second Wind","Sword Boomerang"],"picked":"Shrug It Off","floor":12},{"not_picked":["Dual Wield","Dropkick"],"picked":"Clothesline","floor":13},{"not_picked":["Iron Wave","Perfected Strike"],"picked":"Shockwave","floor":14},{"not_picked":["Juggernaut","Fiend Fire"],"picked":"Bludgeon","floor":16},{"not_picked":["Havoc","Wild Strike"],"picked":"Disarm","floor":18},{"not_picked":["Warcry+1","Pommel Strike"],"picked":"Evolve","floor":19},{"not_picked":["Battle Trance","Iron Wave"],"picked":"Carnage","floor":21},{"not_picked":["Wild Strike+1","Cleave"],"picked":"Disarm","floor":22},{"not_picked":["Pommel Strike","Perfected Strike","Dropkick"],"picked":"SKIP","floor":23}],"player_experience":197043,"relics_obtained":[{"floor":7,"key":"Omamori"},{"floor":9,"key":"Strawberry"},{"floor":13,"key":"PreservedInsect"},{"floor":23,"key":"Smiling Mask"}],"event_choices":[],"is_beta":false,"boss_relics":[{"not_picked":["Lizard Tail","Tiny House"],"picked":"Mark of Pain"}],"items_purged_floors":[20],"is_endless":false,"potions_floor_spawned":[1,5,7,8,12,19,21,22],"killed_by":"Centurion and Healer","ascension_level":0}