{"path_per_floor":["M","$","M","?","M","R","M","M","T","R","E","M","M","M","R","B",null,"M","?","M","$","?","R","M","M","T","R","M","M","$","?","R"],"character_chosen":"IRONCLAD","items_purchased":["Membership Card","Evolve","Anchor"],"gold_per_floor":[111,36,52,52,67,67,78,94,167,167,499,519,531,542,542,644,644,655,555,568,115,115,115,134,150,150,150,164,175,75,75,75],"floor_reached":33,"campfire_rested":2,"playtime":2066,"current_hp_per_floor":[80,80,80,80,75,75,74,72,72,72,69,75,80,78,78,10,80,60,60,40,40,40,64,73,76,90,90,43,55,55,47,75],"items_purged":["Strike_R","Strike_R","Strike_R"],"gold":75,"score":266,"play_id":"ae921581-5018-4daa-a027-d884962e81ab","local_time":"20180304213603","is_prod":false,"is_daily":false,"is_ascension_mode":true,"campfire_upgraded":4,"timestamp":1520199363,"path_taken":["M","$","M","?","M","R","M","M","T","R","E","M","?","M","R","BOSS","M","?","M","$","?","R","?","M","T","R","M","M","?","?","R","BOSS"],"build_version":"2018-03-01-PROD1","purchased_purges":4,"victory":false,"master_deck":["Strike_R","Strike_R","Defend_R","Defend_R","Defend_R","Bash","Thunderclap+1","Flex+1","Bludgeon","Hemokinesis","Clothesline","Thunderclap","Dropkick","Reaper+1","Pommel Strike","Double Tap","J.A.X.","Armaments+1","Evolve","Uppercut+1","Limit Break+1","Clash+1"],"max_hp_per_floor":[80,80,80,80,80,80,80,80,80,80,80,80,80,80,80,80,80,80,80,80,80,80,80,80,80,94,94,94,94,94,94,94],"relics":["Black Blood","Pen Nib","Ornamental Fan","Old Coin","Membership Card","Anchor","Mango"],"card_choices":[{"not_picked":["Headbutt","Perfected Strike"],"picked":"Thunderclap"},{"not_picked":["Anger","Entrench"],"picked":"Flex"},{"not_picked":["Feel No Pain","Perfected Strike"],"picked":"Hemokinesis"},{"not_picked":["Iron Wave","Anger"],"picked":"Clothesline"},{"not_picked":["Twin Strike","Pummel"],"picked":"Thunderclap"},{"not_picked":["Battle Trance","Intimidate"],"picked":"Dropkick"},{"not_picked":["Shockwave","Combust"],"picked":"Reaper"},{"not_picked":["Warcry","Havoc"],"picked":"Pommel Strike"},{"not_picked":["Fiend Fire","Reaper"],"picked":"Double Tap"},{"not_picked":["Sentinel","Blood for Blood"],"picked":"Armaments"},{"not_picked":["Body Slam","Flex"],"picked":"Uppercut"},{"not_picked":["Iron Wave","Heavy Blade"],"picked":"Limit Break"},{"not_picked":["Inflame","Body Slam"],"picked":"Clash"}],"player_experience":120312,"potions_floor_usage":[11,16,16,24,24,28],"damage_taken":[{"damage":0,"enemies":"Small Slimes","floor":1,"turns":4},{"damage":0,"enemies":"Cultist","floor":3,"turns":3},{"damage":11,"enemies":"Jaw Worm","floor":5,"turns":2},{"damage":7,"enemies":"Blue Slaver","floor":7,"turns":2},{"damage":8,"enemies":"3 Louse","floor":8,"turns":2},{"damage":18,"enemies":"Gremlin Nob","floor":11,"turns":4},{"damage":0,"enemies":"Lots of Slimes","floor":12,"turns":1},{"damage":1,"enemies":"Exordium Thugs","floor":13,"turns":3},{"damage":8,"enemies":"2 Fungi Beasts","floor":14,"turns":4},{"damage":74,"enemies":"The Guardian","floor":16,"turns":12},{"damage":30,"enemies":"3 Byrds","floor":18,"turns":4},{"damage":30,"enemies":"2 Thieves","floor":20,"turns":3},{"damage":11,"enemies":"Centurion and Healer","floor":24,"turns":4},{"damage":12,"enemies":"Chosen and Byrds","floor":25,"turns":7},{"damage":81,"enemies":"Cultist and Chosen","floor":28,"turns":8},{"damage":5,"enemies":"Centurion and Healer","floor":29,"turns":4},{"damage":92,"enemies":"Champ","floor":33,"turns":10}],"event_choices":[{"event_name":"Transmorgrifier","player_choice":"Transform","floor":4,"damage_taken":0},{"event_name":"Drug Dealer","player_choice":"Got JAXXED","floor":19,"damage_taken":0},{"event_name":"Vampires","player_choice":"Ignored","floor":22,"damage_taken":0},{"event_name":"Knowing Skull","player_choice":"","floor":31,"damage_taken":0}],"boss_relics":[{"not_picked":["Orrery","Runic Dome"],"picked":"Black Blood"}],"potions_floor_spawned":[8,11,14,16,18,25],"seed_played":"-2976370545577801858","killed_by":"Champ","ascension_level":1,"is_trial":false}