{"path_per_floor":["M","$","M","M","M","R","M","?","T","R","M","$","?","M","R","B",null,"M","?","$","M","$","R","E","M","T","R","$","M","M","M","R","B",null,"M","M","?","$","M","R","?","R","T","M","M","?","R","M","R","B"],"character_chosen":"THE_SILENT","items_purchased":["Noxious Fumes","Matryoshka"],"gold_per_floor":[116,41,52,64,81,81,100,100,123,123,138,59,59,79,79,177,177,190,190,90,105,105,105,133,152,199,199,74,84,102,122,122,219,219,238,258,258,10,28,28,28,28,28,48,66,66,66,84,84,84],"floor_reached":51,"campfire_rested":2,"playtime":5347,"current_hp_per_floor":[70,70,70,70,62,62,60,70,70,70,70,70,70,60,60,43,70,57,57,57,57,57,57,45,45,45,69,69,68,62,50,50,42,77,64,37,37,37,37,68,68,76,90,90,90,79,89,72,82,5],"items_purged":["Strike_G","Strike_G","Parasite"],"gold":84,"score":513,"play_id":"42360d2e-909a-43a7-9e36-8d9258e560cc","is_prod":false,"is_daily":false,"is_ascension_mode":false,"campfire_upgraded":8,"path_taken":["M","$","M","?","M","R","M","?","T","R","M","?","?","M","R","BOSS","M","?","$","M","$","R","E","M","T","R","$","M","M","?","R","BOSS","M","M","?","$","M","R","?","R","T","M","M","?","R","M","R","BOSS"],"build_version":"2018-02-12-PROD1","purchased_purges":3,"victory":true,"master_deck":["Defend_G","Defend_G","Defend_G","Strike_G+1","Survivor","Neutralize","Dagger Throw+1","After Image+1","Backstab+1","Deadly Poison","Noxious Fumes+1","Bouncing Flask+1","Envenom+1","Doppelganger+1","Slice+1","PiercingWail+1","After Image+1","Catalyst+1","Adrenaline+1","Adrenaline","Poisoned Stab+1","Blur+1","Deadly Poison+1","Madness+1","Madness+1"],"max_hp_per_floor":[70,70,70,70,70,70,70,70,70,70,70,70,70,70,70,70,70,70,70,70,70,70,70,80,80,80,80,77,77,77,77,77,77,77,77,77,77,77,77,77,77,77,91,91,91,91,91,91,91,91],"relics":["Ring of the Snake","Oddly Smooth Stone","Astrolabe","Pear","Whetstone","Eternal Feather","Matryoshka","Frozen Egg 2","Mango"],"card_choices":[{"not_picked":["All Out Attack","Flying Knee"],"picked":"Dagger Throw"},{"not_picked":["Sucker Punch","Prepared"],"picked":"Quick Slash"},{"not_picked":["Quick Slash","Calculated Gamble"],"picked":"After Image"},{"not_picked":["Sucker Punch","Predator"],"picked":"Backstab"},{"not_picked":["Expertise","Dagger Spray"],"picked":"Deadly Poison"},{"not_picked":["Catalyst","Deflect"],"picked":"Bouncing Flask"},{"not_picked":["Venomology","Doppelganger"],"picked":"Envenom"},{"not_picked":["Dodge and Roll","Bane"],"picked":"Catalyst"},{"not_picked":["All Out Attack","Outmaneuver"],"picked":"Adrenaline"},{"not_picked":["Doppelganger","Glass Knife"],"picked":"Adrenaline"},{"not_picked":["Crippling Poison","Footwork"],"picked":"Poisoned Stab"},{"not_picked":["Outmaneuver","Dagger Throw"],"picked":"Blur"},{"not_picked":["Expertise","Dagger Throw"],"picked":"Deadly Poison"}],"player_experience":64193,"potions_floor_usage":[5,14,16,24,29,31,33,35,39,50],"damage_taken":[{"damage":0,"enemies":"Blue Slaver","floor":1,"turns":5},{"damage":0,"enemies":"Jaw Worm","floor":3,"turns":4},{"damage":0,"enemies":"2 Louse","floor":4,"turns":3},{"damage":8,"enemies":"Exordium Thugs","floor":5,"turns":5},{"damage":2,"enemies":"Looter","floor":7,"turns":3},{"damage":0,"enemies":"Gremlin Gang","floor":11,"turns":6},{"damage":10,"enemies":"Exordium Wildlife","floor":14,"turns":4},{"damage":17,"enemies":"The Guardian","floor":16,"turns":9},{"damage":13,"enemies":"2 Thieves","floor":18,"turns":5},{"damage":0,"enemies":"Spheric Guardian","floor":21,"turns":5},{"damage":22,"enemies":"Slavers","floor":24,"turns":6},{"damage":0,"enemies":"Snake Plant","floor":25,"turns":4},{"damage":1,"enemies":"3 Cultists","floor":29,"turns":6},{"damage":6,"enemies":"Slaver and Parasite","floor":30,"turns":7},{"damage":12,"enemies":"Snake Plant","floor":31,"turns":3},{"damage":8,"enemies":"Champ","floor":33,"turns":9},{"damage":13,"enemies":"3 Darklings","floor":35,"turns":6},{"damage":27,"enemies":"3 Shapes","floor":36,"turns":5},{"damage":0,"enemies":"Sphere and 2 Shapes","floor":39,"turns":6},{"damage":0,"enemies":"Maw","floor":44,"turns":6},{"damage":0,"enemies":"4 Shapes","floor":45,"turns":5},{"damage":17,"enemies":"Sphere and 2 Shapes","floor":48,"turns":6},{"damage":77,"enemies":"Donu and Deca","floor":50,"turns":11}],"event_choices":[{"event_name":"Mushrooms","player_choice":"Healed and dodged fight","floor":8,"damage_taken":0},{"event_name":"Purifier","player_choice":"One Purge","floor":13,"damage_taken":0},{"event_name":"Duplicator","player_choice":"One dupe","floor":19,"damage_taken":0},{"event_name":"Upgrade Shrine","player_choice":"Upgraded","floor":37,"damage_taken":0},{"event_name":"Winding Halls","player_choice":"Embrace Madness","floor":46,"damage_taken":0}],"boss_relics":[{"not_picked":["Orrery","White Beast Statue"],"picked":"Astrolabe"},{"not_picked":["Lizard Tail","Question Card"],"picked":"Eternal Feather"}],"potions_floor_spawned":[1,5,14,16,21,25,30,33,36,48],"seed_played":"-2449354837128605797","ascension_level":0,"is_trial":false}