{"gold_per_floor":[111,124,104,119,12,37,37,47,47,47,61,90,90,100,100,195,495,512,512,20,40,50,50,82,82,82,82,100,119,119,132,132,235,235,253,263,263,282,282],"floor_reached":39,"playtime":3325,"items_purged":["Pain"],"score":648,"play_id":"1cc01c91-31ff-41fe-8b58-6b50dda03bfe","local_time":"20181210121541","is_ascension_mode":true,"campfire_choices":[{"data":"Zap","floor":7.0,"key":"SMITH"},{"data":"Dualcast","floor":10.0,"key":"SMITH"},{"floor":15.0,"key":"REST"},{"floor":23.0,"key":"REST"},{"floor":25.0,"key":"REST"},{"floor":32.0,"key":"REST"}],"neow_cost":"NONE","seed_source_timestamp":54486780864291,"circlet_count":0,"master_deck":["AscendersBane","Strike_B","Strike_B","Strike_B","Defend_B","Defend_B","Defend_B","Defend_B","Zap+1","Dualcast+1","Ball Lightning","FTL","Sweeping Beam","Glacier","Loop","Gash","Hologram","Conserve Battery","Echo Form","Regret","Consume","All For One","Shame","Injury","Gash","Self Repair","Go for the Eyes","Force Field+1","Conserve Battery+1","Machine Learning","Scrape","Hologram+1","Streamline+1","Thunder Strike","Gash","Echo Form"],"special_seed":0,"relics":["Cracked Core","Potion Belt","Blue Candle","Pocketwatch","Torii","Turnip","Calling Bell","Art of War","Gremlin Horn","Old Coin","CultistMask","Toxic Egg 2","Pen Nib","Pantograph","Coffee Dripper"],"potions_floor_usage":[38,38],"damage_taken":[{"damage":0.0,"enemies":"Jaw Worm","floor":1.0,"turns":3.0},{"damage":0.0,"enemies":"Cultist","floor":2.0,"turns":3.0},{"damage":0.0,"enemies":"2 Louse","floor":4.0,"turns":1.0},{"damage":24.0,"enemies":"3 Sentries","floor":6.0,"turns":8.0},{"damage":3.0,"enemies":"Blue Slaver","floor":8.0,"turns":4.0},{"damage":16.0,"enemies":"Exordium Thugs","floor":11.0,"turns":5.0},{"damage":9.0,"enemies":"Gremlin Nob","floor":12.0,"turns":4.0},{"damage":1.0,"enemies":"Large Slime","floor":14.0,"turns":5.0},{"damage":2.0,"enemies":"Slime Boss","floor":16.0,"turns":6.0},{"damage":33.0,"enemies":"3 Byrds","floor":18.0,"turns":7.0},{"damage":9.0,"enemies":"Spheric Guardian","floor":21.0,"turns":4.0},{"damage":37.0,"enemies":"Cultist and Chosen","floor":22.0,"turns":8.0},{"damage":50.0,"enemies":"Gremlin Leader","floor":24.0,"turns":9.0},{"damage":30.0,"enemies":"Snake Plant","floor":28.0,"turns":6.0},{"damage":18.0,"enemies":"Centurion and Healer","floor":29.0,"turns":8.0},{"damage":27.0,"enemies":"Cultist and Chosen","floor":31.0,"turns":6.0},{"damage":30.0,"enemies":"Collector","floor":33.0,"turns":13.0},{"damage":10.0,"enemies":"Orb Walker","floor":35.0,"turns":5.0},{"damage":36.0,"enemies":"3 Darklings","floor":36.0,"turns":5.0},{"damage":38,"enemies":"Sphere and 2 Shapes","floor":38,"turns":7},{"damage":11,"enemies":"Spire Growth","floor":39,"turns":2}],"seed_played":"5005699720565054276","potions_obtained":[{"floor":2.0,"key":"Poison Potion"},{"floor":3.0,"key":"Fire Potion"},{"floor":8.0,"key":"SkillPotion"},{"floor":11.0,"key":"FearPotion"},{"floor":14.0,"key":"Explosive Potion"},{"floor":18.0,"key":"FairyPotion"},{"floor":22.0,"key":"FairyPotion"},{"floor":28.0,"key":"Weak Potion"},{"floor":29.0,"key":"GamblersBrew"},{"floor":35.0,"key":"Poison Potion"},{"floor":36.0,"key":"SpeedPotion"}],"is_trial":false,"path_per_floor":["M","M","?","M","$","E","R","M","T","R","M","E","?","M","R","B",null,"M","?","$","M","M","R","E","R","T","?","M","M","?","M","R","B",null,"M","M","?","M","M"],"character_chosen":"DEFECT","items_purchased":["Glacier","Loop","Self Repair","Toxic Egg 2","Go for the Eyes","Regen Potion"],"campfire_rested":4,"item_purchase_floors":[5,5,20,20,20,20],"current_hp_per_floor":[68,68,68,68,68,44,44,41,41,41,25,16,16,15,37,35,65,32,32,32,49,19,41,19,41,41,41,25,14,39,12,34,43,67,71,42,42,4,0],"gold":282,"neow_bonus":"RANDOM_COMMON_RELIC","is_prod":false,"is_daily":false,"chose_seed":false,"campfire_upgraded":2,"win_rate":0,"timestamp":1544440541,"path_taken":["M","M","?","M","$","E","R","M","T","R","?","E","?","M","R","BOSS","M","?","?","M","M","R","E","R","T","?","?","M","?","M","R","BOSS","M","M","?","M","?"],"build_version":"2018-12-06","purchased_purges":1,"victory":false,"max_hp_per_floor":[75,75,75,75,75,75,75,75,75,75,75,75,75,75,75,75,75,75,75,75,75,75,75,75,75,75,75,75,75,75,75,75,75,75,75,75,75,75,75],"card_choices":[{"not_picked":["Redo","Cold Snap"],"picked":"Ball Lightning","floor":1.0},{"not_picked":["Reprogram","Redo"],"picked":"FTL","floor":2.0},{"not_picked":["Hello World","Beam Cell"],"picked":"Sweeping Beam","floor":4.0},{"not_picked":["Hyperbeam","Double Energy"],"picked":"Gash","floor":6.0},{"not_picked":["Rebound","Beam Cell"],"picked":"Hologram","floor":8.0},{"not_picked":["Beam Cell","Compile Driver"],"picked":"Conserve Battery","floor":11.0},{"not_picked":["Recycle","Streamline"],"picked":"Echo Form","floor":12.0},{"not_picked":["Streamline","Barrage"],"picked":"Consume","floor":14.0},{"not_picked":["Thunder Strike","Meteor Strike"],"picked":"All For One","floor":16.0},{"not_picked":["Recycle","Turbo"],"picked":"Gash","floor":18.0},{"not_picked":["Doom and Gloom","Double Energy+1"],"picked":"Force Field+1","floor":21.0},{"not_picked":["Streamline","Lockon"],"picked":"Conserve Battery+1","floor":22.0},{"not_picked":["Doom and Gloom","Undo+1"],"picked":"Machine Learning","floor":24.0},{"not_picked":["Go for the Eyes","Turbo+1"],"picked":"Hologram+1","floor":28.0},{"not_picked":["Rebound","Beam Cell","Chaos+1"],"picked":"SKIP","floor":29.0},{"not_picked":["Doom and Gloom","Barrage"],"picked":"Streamline+1","floor":31.0},{"not_picked":["All For One","Meteor Strike"],"picked":"Thunder Strike","floor":33.0},{"not_picked":["Hologram+1","Darkness+1"],"picked":"Gash","floor":35.0},{"not_picked":["Hologram+1","Rip and Tear","Beam Cell+1"],"picked":"SKIP","floor":36.0},{"not_picked":["Sunder","Compile Driver","Storm+1"],"picked":"SKIP","floor":38}],"player_experience":536424,"relics_obtained":[{"floor":6.0,"key":"Blue Candle"},{"floor":9.0,"key":"Pocketwatch"},{"floor":12.0,"key":"Torii"},{"floor":17.0,"key":"Art of War"},{"floor":17.0,"key":"Gremlin Horn"},{"floor":17.0,"key":"Old Coin"},{"floor":24.0,"key":"Pen Nib"},{"floor":26.0,"key":"Pantograph"}],"event_choices":[{"damage_healed":0.0,"max_hp_gain":0.0,"max_hp_loss":0.0,"gold_gain":0.0,"event_name":"The Woman in Blue","player_choice":"Bought 1 Potion","floor":3.0,"gold_loss":0.0,"damage_taken":0.0},{"damage_healed":0.0,"max_hp_gain":0.0,"max_hp_loss":0.0,"gold_gain":0.0,"event_name":"Big Fish","player_choice":"Box","floor":13.0,"gold_loss":0.0,"damage_taken":0.0,"relics_obtained":["Turnip"],"cards_obtained":["Regret"]},{"damage_healed":0.0,"max_hp_gain":0.0,"max_hp_loss":0.0,"gold_gain":0.0,"event_name":"FaceTrader","player_choice":"Trade","floor":19.0,"gold_loss":0.0,"damage_taken":0.0,"relics_obtained":["CultistMask"]},{"damage_healed":0.0,"max_hp_gain":0.0,"max_hp_loss":0.0,"gold_gain":0.0,"cards_transformed":["Strike_B"],"event_name":"Transmorgrifier","player_choice":"Transformed","floor":27.0,"gold_loss":0.0,"damage_taken":0.0,"cards_obtained":["Scrape"]},{"damage_healed":25.0,"max_hp_gain":0.0,"max_hp_loss":0.0,"gold_gain":0.0,"event_name":"The Library","player_choice":"Heal","floor":30.0,"gold_loss":0.0,"damage_taken":0.0},{"damage_healed":0.0,"max_hp_gain":0.0,"max_hp_loss":0.0,"gold_gain":0.0,"event_name":"Duplicator","player_choice":"Copied","floor":37.0,"gold_loss":0.0,"damage_taken":0.0,"cards_obtained":["Echo Form"]}],"is_beta":false,"boss_relics":[{"not_picked":["Nuclear Battery","Inserter"],"picked":"Calling Bell"},{"not_picked":["Philosopher\u0027s Stone","Velvet Choker"],"picked":"Coffee Dripper"}],"items_purged_floors":[20],"is_endless":false,"potions_floor_spawned":[2,8,11,14,18,22,28,29,35,36],"killed_by":"Spire Growth","ascension_level":10}