{"gold_per_floor":[118,43,61,61,73,73,73,73,73,106,117,117,146,156,156,231,231,231],"floor_reached":18,"playtime":1076,"items_purged":["Strike_G"],"score":340,"play_id":"4916241e-6803-47a3-b592-b5a76e687610","local_time":"20190203151630","is_ascension_mode":true,"campfire_choices":[{"data":"Sucker Punch","floor":6,"key":"SMITH"},{"data":"Quick Slash","floor":8,"key":"SMITH"},{"floor":12,"key":"REST"},{"floor":15,"key":"REST"}],"neow_cost":"NONE","seed_source_timestamp":1057836205374229,"circlet_count":0,"master_deck":["AscendersBane","Defend_G","Defend_G","Defend_G","Defend_G","Defend_G","Strike_G","Strike_G","Strike_G","Survivor","Neutralize","PiercingWail","Sucker Punch+1","Quick Slash+1","Envenom","Backflip","Burst"],"relics":["Ring of the Snake","Nunchaku","Blue Candle","Bag of Preparation","Thread and Needle","HoveringKite"],"potions_floor_usage":[13,16,16],"damage_taken":[{"damage":1,"enemies":"Cultist","floor":1,"turns":5},{"damage":4,"enemies":"2 Louse","floor":3,"turns":6},{"damage":0,"enemies":"Small Slimes","floor":5,"turns":6},{"damage":48,"enemies":"3 Sentries","floor":10,"turns":15},{"damage":6,"enemies":"Exordium Thugs","floor":11,"turns":6},{"damage":18,"enemies":"Gremlin Nob","floor":13,"turns":5},{"damage":0,"enemies":"Looter","floor":14,"turns":3},{"damage":19,"enemies":"Hexaghost","floor":16,"turns":11},{"damage":3,"enemies":"Shell Parasite","floor":18,"turns":8}],"seed_played":"7203676148624179707","potions_obtained":[{"floor":1,"key":"GhostInAJar"},{"floor":10,"key":"LiquidBronze"},{"floor":14,"key":"AttackPotion"},{"floor":16,"key":"LiquidBronze"}],"is_trial":false,"path_per_floor":["M","?","?"],"character_chosen":"THE_SILENT","items_purchased":[],"campfire_rested":2,"item_purchase_floors":[],"current_hp_per_floor":[64,64,60,55,55,55,55,55,55,7,1,22,4,4,25,6,56,53],"gold":231,"neow_bonus":"TEN_PERCENT_HP_BONUS","is_prod":false,"is_daily":false,"chose_seed":false,"campfire_upgraded":2,"win_rate":0,"timestamp":1549199790,"path_taken":["M","$","?","?","M","R","?","R","T","E","M","R","E","M","R","BOSS","M"],"build_version":"2019-01-23","purchased_purges":1,"victory":false,"max_hp_per_floor":[72,72,72,72,72,72,72,72,72,72,72,72,72,72,72,72,72,72],"card_choices":[{"not_picked":["Setup","Underhanded Strike"],"picked":"PiercingWail","floor":1},{"not_picked":["Cloak And Dagger","Outmaneuver"],"picked":"Sucker Punch","floor":3},{"not_picked":["Riddle With Holes","PiercingWail"],"picked":"Quick Slash","floor":5},{"not_picked":["Bouncing Flask","Cloak And Dagger"],"picked":"Envenom","floor":10},{"not_picked":["Quick Slash","Prepared","Sucker Punch"],"picked":"SKIP","floor":11},{"not_picked":["Bouncing Flask","Envenom","Riddle With Holes"],"picked":"SKIP","floor":13},{"not_picked":["Sucker Punch","Predator"],"picked":"Backflip","floor":14},{"not_picked":["Venomology","Tools of the Trade"],"picked":"Burst","floor":16}],"player_experience":1163238,"relics_obtained":[{"floor":9,"key":"Blue Candle"},{"floor":10,"key":"Bag of Preparation"},{"floor":13,"key":"Thread and Needle"}],"event_choices":[{"damage_healed":0,"gold_gain":0,"player_choice":"Success","damage_taken":5,"relics_obtained":["Nunchaku"],"max_hp_gain":0,"max_hp_loss":0,"event_name":"Scrap Ooze","floor":4,"gold_loss":0},{"cards_removed":["Strike_G"],"damage_healed":0,"gold_gain":0,"player_choice":"Forget","damage_taken":0,"max_hp_gain":0,"max_hp_loss":0,"event_name":"Living Wall","floor":7,"gold_loss":0}],"is_beta":false,"boss_relics":[{"not_picked":["WristBlade","Lizard Tail"],"picked":"HoveringKite"}],"items_purged_floors":[2],"is_endless":false,"potions_floor_spawned":[1,10,14,16],"killed_by":"Shell Parasite","ascension_level":20}