{"gold_per_floor":[113,132,207,207,25,25,43,43,70,99,112,146,146,146,146,218,218,238,257,257,307,318,318],"floor_reached":23,"playtime":1104,"items_purged":["Strike_B"],"score":378,"play_id":"eedc9ffb-d547-4f4b-a534-b0e0fd5c144f","local_time":"20190120190236","is_ascension_mode":true,"campfire_choices":[{"data":"Streamline","floor":6.0,"key":"SMITH"},{"data":"Zap","floor":13.0,"key":"SMITH"},{"floor":15.0,"key":"REST"}],"neow_cost":"NONE","seed_source_timestamp":438532712548164,"circlet_count":0,"master_deck":["AscendersBane","Strike_B","Strike_B","Strike_B","Defend_B","Defend_B","Defend_B","Defend_B","Zap+1","Dualcast","Gash","Ball Lightning","Streamline+1","Chill","All For One","Ball Lightning","Coolheaded","Echo Form","Aggregate","Conserve Battery","Necronomicurse","Coolheaded"],"special_seed":0,"relics":["FrozenCore","NeowsBlessing","Cables","Potion Belt","Emotion Chip","Blood Vial","Necronomicon"],"potions_floor_usage":[23,23],"damage_taken":[{"damage":0.0,"enemies":"Cultist","floor":1.0,"turns":1.0},{"damage":0.0,"enemies":"Small Slimes","floor":2.0,"turns":1.0},{"damage":0.0,"enemies":"2 Louse","floor":7.0,"turns":1.0},{"damage":4.0,"enemies":"3 Sentries","floor":10.0,"turns":7.0},{"damage":10.0,"enemies":"2 Fungi Beasts","floor":11.0,"turns":3.0},{"damage":29.0,"enemies":"Lagavulin","floor":12.0,"turns":4.0},{"damage":24.0,"enemies":"The Guardian","floor":16.0,"turns":8.0},{"damage":14.0,"enemies":"3 Byrds","floor":18.0,"turns":6.0},{"damage":6.0,"enemies":"Shell Parasite","floor":19.0,"turns":6.0},{"damage":8,"enemies":"Snecko","floor":22,"turns":4},{"damage":19,"enemies":"Gremlin Leader","floor":23,"turns":5}],"seed_played":"6254542391166043384","potions_obtained":[{"floor":7.0,"key":"FocusPotion"},{"floor":11.0,"key":"GamblersBrew"},{"floor":16.0,"key":"Block Potion"},{"floor":18.0,"key":"Strength Potion"},{"floor":22,"key":"Weak Potion"}],"is_trial":false,"path_per_floor":["M","M","?","?","$","R","M","$","T","E","M","E","R","?","R","B",null,"M","M","?","?","M","E"],"character_chosen":"DEFECT","items_purchased":["Regen Potion","Streamline"],"campfire_rested":1,"item_purchase_floors":[5,5],"current_hp_per_floor":[64,64,53,42,42,42,42,42,42,53,43,14,14,14,35,13,57,45,41,20,20,14,0],"gold":318,"neow_bonus":"THREE_ENEMY_KILL","is_prod":false,"is_daily":false,"chose_seed":false,"campfire_upgraded":2,"win_rate":0,"timestamp":1548007356,"path_taken":["M","?","?","?","$","R","M","$","T","E","M","E","R","?","R","BOSS","M","M","?","?","?","E"],"build_version":"2019-01-17v2","purchased_purges":1,"victory":false,"max_hp_per_floor":[71,71,71,71,71,71,71,71,71,71,71,71,71,71,71,71,71,71,71,71,71,71,71],"card_choices":[{"not_picked":["Compile Driver","Hologram"],"picked":"Gash","floor":1.0},{"not_picked":["Barrage","Turbo"],"picked":"Ball Lightning","floor":2.0},{"not_picked":["Hello World","Sunder"],"picked":"Chill","floor":7.0},{"not_picked":["Skim","Steam"],"picked":"All For One","floor":10.0},{"not_picked":["Storm","Beam Cell"],"picked":"Ball Lightning","floor":11.0},{"not_picked":["Compile Driver","Hello World"],"picked":"Coolheaded","floor":12.0},{"not_picked":["Reboot","Seek"],"picked":"Echo Form","floor":16.0},{"not_picked":["BootSequence","FTL"],"picked":"Aggregate","floor":18.0},{"not_picked":["Turbo","Darkness"],"picked":"Conserve Battery","floor":19.0},{"not_picked":["Redo","Leap"],"picked":"Coolheaded","floor":22}],"player_experience":970707,"relics_obtained":[{"floor":9.0,"key":"Potion Belt"},{"floor":10.0,"key":"Emotion Chip"},{"floor":12.0,"key":"Blood Vial"},{"floor":20.0,"key":"Necronomicon"}],"event_choices":[{"damage_healed":0.0,"max_hp_gain":0.0,"max_hp_loss":0.0,"gold_gain":75.0,"event_name":"World of Goop","player_choice":"Gather Gold","floor":3.0,"gold_loss":0.0,"damage_taken":11.0},{"damage_healed":0.0,"max_hp_gain":0.0,"max_hp_loss":0.0,"gold_gain":0.0,"event_name":"Scrap Ooze","player_choice":"Success","floor":4.0,"gold_loss":0.0,"damage_taken":11.0,"relics_obtained":["Cables"]},{"damage_healed":0.0,"max_hp_gain":0.0,"max_hp_loss":0.0,"gold_gain":0.0,"event_name":"Shining Light","player_choice":"Ignored","floor":14.0,"gold_loss":0.0,"damage_taken":0.0},{"damage_healed":0.0,"max_hp_gain":0.0,"max_hp_loss":0.0,"gold_gain":0.0,"event_name":"Cursed Tome","player_choice":"Obtained Book","floor":20.0,"gold_loss":0.0,"damage_taken":21.0},{"damage_healed":0,"gold_gain":100,"player_choice":"Bet on Murderer","damage_taken":0,"max_hp_gain":0,"max_hp_loss":0,"event_name":"The Joust","floor":21,"gold_loss":50}],"is_beta":false,"boss_relics":[{"not_picked":["Velvet Choker","Runic Pyramid"],"picked":"FrozenCore"}],"items_purged_floors":[5],"is_endless":false,"potions_floor_spawned":[7,11,16,18,22],"killed_by":"Gremlin Leader","ascension_level":18}