{"gold_per_floor":[111,111,56,56,80,114,114,140,216,241,241,262,262,601,601,601],"floor_reached":16,"playtime":374,"items_purged":[],"score":246,"play_id":"77a11027-5f8e-4cbd-aa9a-2c6033a11f02","local_time":"20190204024213","is_ascension_mode":true,"campfire_choices":[{"data":"Footwork","floor":7.0,"key":"SMITH"},{"data":"Bane","floor":13.0,"key":"SMITH"},{"data":"Deadly Poison","floor":15.0,"key":"SMITH"}],"neow_cost":"NONE","seed_source_timestamp":24090496927700,"circlet_count":0,"master_deck":["AscendersBane","Defend_G","Defend_G","Defend_G","Defend_G","Defend_G","Strike_G","Strike_G","Strike_G","Strike_G","Strike_G","Survivor","Neutralize","Bane+1","Deadly Poison+1","Footwork+1","Poisoned Stab+1","Dagger Spray+1"],"special_seed":0,"relics":["Ring of the Snake","NeowsBlessing","Golden Idol","Molten Egg 2","Odd Mushroom","Pear","Mummified Hand","Old Coin"],"potions_floor_usage":[16],"damage_taken":[{"damage":0.0,"enemies":"Small Slimes","floor":1.0,"turns":1.0},{"damage":0.0,"enemies":"2 Louse","floor":5.0,"turns":1.0},{"damage":0.0,"enemies":"Lagavulin","floor":6.0,"turns":1.0},{"damage":32.0,"enemies":"The Mushroom Lair","floor":8.0,"turns":8.0},{"damage":0.0,"enemies":"Cultist","floor":10.0,"turns":3.0},{"damage":3.0,"enemies":"Looter","floor":12.0,"turns":4.0},{"damage":14.0,"enemies":"3 Sentries","floor":14.0,"turns":11.0},{"damage":27,"enemies":"The Guardian","floor":16,"turns":8}],"seed_played":"-4805050517507745878","potions_obtained":[{"floor":6.0,"key":"PowerPotion"},{"floor":8.0,"key":"Block Potion"},{"floor":14.0,"key":"Block Potion"}],"is_trial":false,"path_per_floor":["M","?","$","?","M","E","R","?","T","M","T","M","R","E","R","B"],"character_chosen":"THE_SILENT","items_purchased":["Deadly Poison"],"campfire_rested":0,"item_purchase_floors":[3],"current_hp_per_floor":[59,59,59,64,64,64,64,32,42,42,42,39,39,25,25,0],"gold":601,"neow_bonus":"THREE_ENEMY_KILL","is_prod":false,"is_daily":false,"chose_seed":false,"campfire_upgraded":3,"win_rate":0,"timestamp":1549240933,"path_taken":["M","?","$","?","M","E","R","?","T","M","?","M","R","E","R","BOSS"],"build_version":"2019-01-23","purchased_purges":0,"victory":false,"max_hp_per_floor":[66,60,60,65,65,65,65,65,75,75,75,75,75,75,75,75],"card_choices":[{"not_picked":["Quick Slash","Flying Knee"],"picked":"Bane","floor":1.0},{"not_picked":["Outmaneuver","Flying Knee","Quick Slash"],"picked":"SKIP","floor":5.0},{"not_picked":["Dagger Spray","Acrobatics"],"picked":"Footwork","floor":6.0},{"not_picked":["Backflip","Bouncing Flask"],"picked":"Poisoned Stab+1","floor":8.0},{"not_picked":["Wraith Form v2","Blade Dance","Caltrops"],"picked":"SKIP","floor":10.0},{"not_picked":["Poisoned Stab+1","Outmaneuver","Deadly Poison"],"picked":"SKIP","floor":12.0},{"not_picked":["Underhanded Strike+1","Expertise"],"picked":"Dagger Spray+1","floor":14.0}],"player_experience":603490,"relics_obtained":[{"floor":6.0,"key":"Molten Egg 2"},{"floor":8.0,"key":"Odd Mushroom"},{"floor":9.0,"key":"Pear"},{"floor":11.0,"key":"Mummified Hand"},{"floor":14.0,"key":"Old Coin"}],"event_choices":[{"damage_healed":0.0,"max_hp_gain":0.0,"max_hp_loss":6.0,"gold_gain":0.0,"event_name":"Golden Idol","player_choice":"Lose Max HP","floor":2.0,"gold_loss":0.0,"damage_taken":0.0,"relics_obtained":["Golden Idol"]},{"damage_healed":0.0,"max_hp_gain":5.0,"max_hp_loss":0.0,"gold_gain":0.0,"event_name":"Big Fish","player_choice":"Donut","floor":4.0,"gold_loss":0.0,"damage_taken":0.0},{"damage_healed":0.0,"max_hp_gain":0.0,"max_hp_loss":0.0,"gold_gain":0.0,"event_name":"Mushrooms","player_choice":"Fought Mushrooms","floor":8.0,"gold_loss":0.0,"damage_taken":0.0}],"is_beta":false,"boss_relics":[],"items_purged_floors":[],"is_endless":false,"potions_floor_spawned":[6,8,14],"killed_by":"The Guardian","ascension_level":17}