{"gold_per_floor":[109,128,148,161,179,179,53,53,105,137,137,137,171,189,189,288,288,299,299,125,136,86,86,112,112,168,203,203,219,230,329,329,433,433,444,444,456,456,181,212,223,223,223,233,258,275,275,285,285,285],"floor_reached":51,"playtime":2986,"items_purged":["Strike_G","Strike_G","Strike_G"],"score":1123,"play_id":"aa0ebe17-6c4a-4eab-89fa-d7db841e82d0","local_time":"20181114114056","is_ascension_mode":true,"campfire_choices":[{"data":"Noxious Fumes","floor":6.0,"key":"SMITH"},{"data":"Bouncing Flask","floor":8.0,"key":"SMITH"},{"data":"Neutralize","floor":11.0,"key":"SMITH"},{"data":"Dodge and Roll","floor":15.0,"key":"SMITH"},{"data":"Footwork","floor":23,"key":"SMITH"},{"data":"Envenom","floor":25,"key":"SMITH"},{"data":"Leg Sweep","floor":28,"key":"SMITH"},{"floor":32,"key":"REST"},{"data":"Catalyst","floor":42,"key":"SMITH"},{"data":"Malaise","floor":47,"key":"SMITH"},{"data":"Defend_G","floor":49,"key":"SMITH"}],"neow_cost":"NONE","seed_source_timestamp":300162488506937,"circlet_count":0,"master_deck":["Defend_G+1","Defend_G+1","Defend_G","Defend_G+1","Defend_G","Strike_G+1","Strike_G+1","Survivor+1","Neutralize+1","All Out Attack","Bouncing Flask+1","Leg Sweep+1","Catalyst+1","Noxious Fumes+1","Catalyst+1","Dodge and Roll+1","Envenom+1","Bouncing Flask+1","Noxious Fumes+1","Footwork+1","Deflect+1","Footwork+1","Corpse Explosion","Deflect+1","Bandage Up+1","Backflip+1","Deadly Poison+1","Catalyst+1","Malaise+1","PiercingWail+1"],"special_seed":0,"relics":["Eternal Feather","Blood Vial","Dodecahedron","Whetstone","Sozu","Bottled Tornado","Tiny Chest","Darkstone Periapt","Cursed Key","War Paint","Omamori","Ginger","Ornamental Fan"],"potions_floor_usage":[],"damage_taken":[{"damage":2.0,"enemies":"Jaw Worm","floor":1.0,"turns":5.0},{"damage":0.0,"enemies":"Small Slimes","floor":2.0,"turns":4.0},{"damage":0.0,"enemies":"Cultist","floor":3.0,"turns":3.0},{"damage":0.0,"enemies":"3 Louse","floor":4.0,"turns":2.0},{"damage":23.0,"enemies":"Exordium Thugs","floor":5.0,"turns":7.0},{"damage":7.0,"enemies":"Gremlin Nob","floor":10.0,"turns":3.0},{"damage":10.0,"enemies":"Lagavulin","floor":13.0,"turns":5.0},{"damage":0.0,"enemies":"2 Fungi Beasts","floor":14.0,"turns":4.0},{"damage":19.0,"enemies":"The Guardian","floor":16.0,"turns":8.0},{"damage":3.0,"enemies":"Spheric Guardian","floor":18.0,"turns":3.0},{"damage":5.0,"enemies":"Chosen","floor":21.0,"turns":5.0},{"damage":19,"enemies":"Book of Stabbing","floor":24,"turns":3},{"damage":11,"enemies":"Gremlin Leader","floor":27,"turns":6},{"damage":26,"enemies":"3 Cultists","floor":29,"turns":6},{"damage":1,"enemies":"Snecko","floor":30,"turns":5},{"damage":55,"enemies":"Collector","floor":33,"turns":8},{"damage":19,"enemies":"3 Darklings","floor":35,"turns":4},{"damage":13,"enemies":"Orb Walker","floor":37,"turns":4},{"damage":0,"enemies":"Reptomancer","floor":40,"turns":6},{"damage":3,"enemies":"Jaw Worm Horde","floor":41,"turns":3},{"damage":5,"enemies":"Spire Growth","floor":44,"turns":4},{"damage":6,"enemies":"Nemesis","floor":45,"turns":7},{"damage":13,"enemies":"Maw","floor":46,"turns":5},{"damage":4,"enemies":"Writhing Mass","floor":48,"turns":6},{"damage":11,"enemies":"Time Eater","floor":50,"turns":5}],"seed_played":"7786292268974992147","potions_obtained":[{"floor":2.0,"key":"GhostInAJar"},{"floor":10.0,"key":"Fire Potion"},{"floor":13.0,"key":"GamblersBrew"},{"floor":14.0,"key":"LiquidBronze"}],"is_trial":false,"path_per_floor":["M","M","M","M","M","R","$","R","T","E","R","?","E","M","R","B",null,"M","?","$","M","?","R","E","R","T","E","R","M","M","?","R","B",null,"M","?","M","?","$","E","M","R","T","M","E","M","R","M","R","B",null],"character_chosen":"THE_SILENT","items_purchased":["Energy Potion","Footwork","War Paint"],"campfire_rested":1,"item_purchase_floors":[7,20,39],"current_hp_per_floor":[61,61,61,61,38,47,47,56,56,51,60,46,38,40,49,32,61,60,60,60,57,57,69,51,63,63,54,66,42,43,43,70,15,56,39,39,28,28,28,36,35,50,50,53,55,50,65,69,70,59],"gold":285,"neow_bonus":"BOSS_RELIC","is_prod":false,"is_daily":false,"chose_seed":false,"campfire_upgraded":10,"win_rate":0,"timestamp":1542192056,"path_taken":["M","M","M","M","M","R","$","R","T","E","R","?","E","M","R","BOSS","M","?","$","?","?","R","E","R","T","E","R","?","M","?","R","BOSS","M","?","M","?","$","E","?","R","T","M","E","M","R","M","R","BOSS"],"build_version":"2018-11-08","purchased_purges":3,"victory":true,"max_hp_per_floor":[70,70,70,70,70,70,70,70,70,70,70,70,70,70,70,70,70,70,70,70,70,70,70,70,70,70,70,70,70,70,70,70,70,70,70,70,70,70,70,70,70,70,70,70,70,70,70,70,70,70],"card_choices":[{"not_picked":["Prepared","PiercingWail"],"picked":"All Out Attack","floor":1.0},{"not_picked":["Flying Knee","Calculated Gamble"],"picked":"Bouncing Flask","floor":2.0},{"not_picked":["Slice","Blade Dance"],"picked":"Leg Sweep","floor":3.0},{"not_picked":["Backflip","Expertise"],"picked":"Catalyst","floor":4.0},{"not_picked":["Prepared","Dodge and Roll"],"picked":"Noxious Fumes","floor":5.0},{"not_picked":["Poisoned Stab","Sucker Punch"],"picked":"Catalyst","floor":10.0},{"not_picked":["Bane","Phantasmal Killer"],"picked":"Dodge and Roll","floor":13.0},{"not_picked":["Dagger Throw","Reflex","Sucker Punch"],"picked":"SKIP","floor":14.0},{"not_picked":["Night Terror","Phantasmal Killer"],"picked":"Envenom","floor":16.0},{"not_picked":["Underhanded Strike","Choke+1"],"picked":"Bouncing Flask+1","floor":18.0},{"not_picked":["Distraction","Sucker Punch"],"picked":"Deflect+1","floor":21.0},{"not_picked":["Underhanded Strike+1","Skewer","Sucker Punch"],"picked":"SKIP","floor":24},{"not_picked":["Caltrops+1","Deadly Poison"],"picked":"Footwork+1","floor":27},{"not_picked":["Concentrate","Blade Dance","Outmaneuver"],"picked":"SKIP","floor":29},{"not_picked":["Infinite Blades","Sucker Punch","Underhanded Strike+1"],"picked":"SKIP","floor":30},{"not_picked":["Unload","Doppelganger"],"picked":"Corpse Explosion","floor":33},{"not_picked":["Deadly Poison","Choke+1"],"picked":"Deflect+1","floor":35},{"not_picked":["Sadistic Nature","Forethought"],"picked":"Bandage Up","floor":36},{"not_picked":["Setup","Prepared+1"],"picked":"Backflip+1","floor":37},{"not_picked":["Deadly Poison","Dagger Spray+1","Backstab"],"picked":"SKIP","floor":40},{"not_picked":["Underhanded Strike+1","Blade Dance"],"picked":"Deadly Poison+1","floor":41},{"not_picked":["Dagger Throw+1","Slice","Flying Knee+1"],"picked":"SKIP","floor":44},{"not_picked":["Prepared+1","Eviscerate+1"],"picked":"Catalyst+1","floor":45},{"not_picked":["Blade Dance+1","Quick Slash"],"picked":"Malaise","floor":46},{"not_picked":["Choke+1","Prepared"],"picked":"PiercingWail+1","floor":48}],"player_experience":510253,"relics_obtained":[{"floor":9.0,"key":"Blood Vial"},{"floor":10.0,"key":"Dodecahedron"},{"floor":13.0,"key":"Whetstone"},{"floor":24,"key":"Bottled Tornado"},{"floor":26,"key":"Tiny Chest"},{"floor":27,"key":"Darkstone Periapt"},{"floor":40,"key":"Omamori"},{"floor":43,"key":"Ginger"},{"floor":45,"key":"Ornamental Fan"}],"event_choices":[{"damage_healed":0.0,"max_hp_gain":0.0,"max_hp_loss":0.0,"gold_gain":0.0,"event_name":"Shining Light","player_choice":"Entered Light","floor":12.0,"gold_loss":0.0,"damage_taken":14.0,"cards_upgraded":["Defend_G","Catalyst"]},{"damage_healed":0.0,"max_hp_gain":0.0,"max_hp_loss":0.0,"gold_gain":0.0,"event_name":"Duplicator","player_choice":"Copied","floor":19.0,"gold_loss":0.0,"damage_taken":0.0,"cards_obtained":["Noxious Fumes"]},{"damage_healed":0,"gold_gain":0,"player_choice":"Bet on Murderer","damage_taken":0,"max_hp_gain":0,"max_hp_loss":0,"event_name":"The Joust","floor":22,"gold_loss":50},{"damage_healed":0,"gold_gain":99,"player_choice":"Stole From Cult","damage_taken":0,"max_hp_gain":0,"max_hp_loss":0,"event_name":"Nest","floor":31,"gold_loss":0},{"damage_healed":0,"gold_gain":0,"player_choice":"Memory 1","damage_taken":0,"max_hp_gain":0,"max_hp_loss":0,"event_name":"SensoryStone","floor":36,"gold_loss":0},{"damage_healed":0,"gold_gain":0,"player_choice":"Upgraded","damage_taken":0,"max_hp_gain":0,"max_hp_loss":0,"event_name":"Upgrade Shrine","floor":38,"gold_loss":0,"cards_upgraded":["Bandage Up"]}],"is_beta":false,"boss_relics":[{"not_picked":["HoveringKite","Runic Dome"],"picked":"Sozu"},{"not_picked":["WristBlade","Black Star"],"picked":"Cursed Key"}],"items_purged_floors":[7,20,39],"is_endless":false,"potions_floor_spawned":[2,10,13,14,16,24,27,33,35,44,46],"ascension_level":9}