{"gold_per_floor":[116,128,128,147,147,179,179,189,189,234,246,278,309,171,171,270,270,288,288,38,52,69,401,417,417,417,417,431,456,456,489,489,588,588,600,617,617,617,633,633,733,768,768,768,785,800,800,815,815,815],"floor_reached":51,"playtime":4756,"items_purged":["Strike_B"],"score":774,"play_id":"688d5baf-4ddb-449f-9294-fef5fde05585","local_time":"20190126071543","is_ascension_mode":false,"campfire_choices":[{"floor":7.0,"key":"REST"},{"floor":15.0,"key":"REST"},{"floor":25.0,"key":"REST"},{"floor":27.0,"key":"REST"},{"data":"Creative AI","floor":32.0,"key":"SMITH"},{"floor":40.0,"key":"REST"},{"floor":44.0,"key":"REST"},{"floor":49.0,"key":"REST"}],"neow_cost":"NONE","seed_source_timestamp":760365518453,"circlet_count":0,"master_deck":["Defend_B","Defend_B","Defend_B","Zap","Dualcast","Glacier","Sweeping Beam","Go for the Eyes","Cold Snap","Consume","Cold Snap","Loop","Melter","Creative AI+1","Reinforced Body","Leap","Ball Lightning","Coolheaded","FTL+1","Electrodynamics","Ball Lightning+1","Leap+1","Sunder","Writhe"],"special_seed":0,"relics":["Empty Cage","Potion Belt","MawBank","Letter Opener","Ornamental Fan","Velvet Choker","Runic Capacitor","Old Coin","Pantograph","Singing Bowl","Bottled Tornado","Black Star","Calipers","Unceasing Top","Kunai","Pear"],"potions_floor_usage":[50,50],"damage_taken":[{"damage":2.0,"enemies":"2 Louse","floor":1.0,"turns":4.0},{"damage":0.0,"enemies":"Small Slimes","floor":2.0,"turns":5.0},{"damage":1.0,"enemies":"Jaw Worm","floor":4.0,"turns":6.0},{"damage":27.0,"enemies":"Gremlin Nob","floor":6.0,"turns":5.0},{"damage":9.0,"enemies":"Lots of Slimes","floor":8.0,"turns":4.0},{"damage":7.0,"enemies":"3 Sentries","floor":10.0,"turns":10.0},{"damage":1.0,"enemies":"3 Louse","floor":12.0,"turns":4.0},{"damage":0.0,"enemies":"2 Fungi Beasts","floor":13.0,"turns":5.0},{"damage":29.0,"enemies":"Hexaghost","floor":16.0,"turns":16.0},{"damage":1.0,"enemies":"Chosen","floor":18.0,"turns":11.0},{"damage":7.0,"enemies":"3 Byrds","floor":21.0,"turns":7.0},{"damage":42.0,"enemies":"3 Cultists","floor":22.0,"turns":8.0},{"damage":8.0,"enemies":"Book of Stabbing","floor":23.0,"turns":8.0},{"damage":9.0,"enemies":"Sentry and Sphere","floor":24.0,"turns":7.0},{"damage":0.0,"enemies":"Snecko","floor":28.0,"turns":7.0},{"damage":6.0,"enemies":"Slavers","floor":29.0,"turns":6.0},{"damage":2.0,"enemies":"Book of Stabbing","floor":31.0,"turns":8.0},{"damage":6.0,"enemies":"Champ","floor":33.0,"turns":13.0},{"damage":17.0,"enemies":"3 Shapes","floor":35.0,"turns":5.0},{"damage":3.0,"enemies":"Orb Walker","floor":36.0,"turns":6.0},{"damage":16.0,"enemies":"Sphere and 2 Shapes","floor":39.0,"turns":4.0},{"damage":9.0,"enemies":"Mind Bloom Boss Battle","floor":41.0,"turns":9.0},{"damage":42.0,"enemies":"Reptomancer","floor":42.0,"turns":8.0},{"damage":39.0,"enemies":"Jaw Worm Horde","floor":45.0,"turns":4.0},{"damage":30.0,"enemies":"Spire Growth","floor":46.0,"turns":8.0},{"damage":29.0,"enemies":"Transient","floor":48.0,"turns":5.0},{"damage":44,"enemies":"Awakened One","floor":50,"turns":34}],"seed_played":"1615861344243786695","potions_obtained":[{"floor":1.0,"key":"Fire Potion"},{"floor":6.0,"key":"PowerPotion"},{"floor":16.0,"key":"FocusPotion"},{"floor":18.0,"key":"Dexterity Potion"},{"floor":22.0,"key":"Strength Potion"},{"floor":23.0,"key":"Fire Potion"},{"floor":28.0,"key":"SkillPotion"},{"floor":33.0,"key":"Regen Potion"},{"floor":39.0,"key":"Strength Potion"},{"floor":45.0,"key":"Fruit Juice"},{"floor":48.0,"key":"Dexterity Potion"}],"is_trial":false,"path_per_floor":["M","M","?","M","?","E","R","M","T","E","?","M","M","$","R","B",null,"M","?","$","M","M","E","M","R","T","R","M","E","?","E","R","B",null,"M","M","?","$","M","R","?","E","T","R","M","M","?","M","R","B",null],"character_chosen":"DEFECT","items_purchased":["Melter","Runic Capacitor","Leap"],"campfire_rested":7,"item_purchase_floors":[14,20,20],"current_hp_per_floor":[73,73,66,65,65,38,60,51,51,44,41,40,40,40,62,33,75,74,74,74,67,25,17,8,30,30,52,52,48,48,48,48,67,79,62,61,63,63,49,74,76,36,46,75,41,13,39,12,43,39],"gold":815,"neow_bonus":"BOSS_RELIC","is_prod":false,"is_daily":false,"chose_seed":false,"campfire_upgraded":1,"win_rate":0,"timestamp":1548508543,"path_taken":["M","M","?","M","?","E","R","M","T","E","?","M","M","$","R","BOSS","M","?","?","?","M","E","M","R","T","R","M","E","?","E","R","BOSS","M","M","?","$","M","R","?","E","T","R","M","M","?","M","R","BOSS"],"build_version":"2019-01-23","purchased_purges":1,"victory":true,"max_hp_per_floor":[75,75,75,75,75,75,75,75,75,75,75,75,75,75,75,75,75,75,75,75,75,75,75,75,75,75,75,75,77,77,79,79,79,79,79,81,83,83,85,85,85,87,97,97,102,104,104,106,106,106],"card_choices":[{"not_picked":["Lockon","Stack"],"picked":"Glacier","floor":1.0},{"not_picked":["Steam","Hologram"],"picked":"Sweeping Beam","floor":2.0},{"not_picked":["Aggregate","Streamline","Stack"],"picked":"SKIP","floor":4.0},{"not_picked":["Rainbow","Tempest"],"picked":"Go for the Eyes","floor":6.0},{"not_picked":["Streamline","Go for the Eyes"],"picked":"Cold Snap","floor":8.0},{"not_picked":["Steam Power","Blizzard"],"picked":"Consume","floor":10.0},{"not_picked":["Recycle","Go for the Eyes"],"picked":"Cold Snap","floor":12.0},{"not_picked":["Streamline","Multi-Cast"],"picked":"Loop","floor":13.0},{"not_picked":["Biased Cognition","Core Surge"],"picked":"Creative AI","floor":16.0},{"not_picked":["Rebound+1","Steam"],"picked":"Reinforced Body","floor":18.0},{"not_picked":["Compile Driver","Sweeping Beam+1","Steam"],"picked":"SKIP","floor":21.0},{"not_picked":["Capacitor+1","Go for the Eyes"],"picked":"Ball Lightning","floor":22.0},{"not_picked":["All For One","Stack"],"picked":"Coolheaded","floor":23.0},{"not_picked":["Stack","Turbo","Chaos"],"picked":"SKIP","floor":24.0},{"not_picked":["Rebound","Sweeping Beam+1"],"picked":"FTL+1","floor":28.0},{"not_picked":["FTL","Skim","Streamline"],"picked":"Singing Bowl","floor":29.0},{"not_picked":["Hyperbeam","Steam","Steam Power"],"picked":"Singing Bowl","floor":31.0},{"not_picked":["Thunder Strike","Rainbow"],"picked":"Electrodynamics","floor":33.0},{"not_picked":["Rebound+1","Leap"],"picked":"Ball Lightning+1","floor":35.0},{"not_picked":["Rebound","Redo","Turbo"],"picked":"Singing Bowl","floor":36.0},{"not_picked":["Violence","Purity","HandOfGreed"],"picked":"Singing Bowl","floor":37.0},{"not_picked":["Streamline+1","Beam Cell+1","Rebound+1"],"picked":"Singing Bowl","floor":39.0},{"not_picked":["Stack","Rebound"],"picked":"Leap+1","floor":41.0},{"not_picked":["Capacitor+1","Reboot","Go for the Eyes+1"],"picked":"Singing Bowl","floor":42.0},{"not_picked":["Loop+1","Rip and Tear+1"],"picked":"Sunder","floor":45.0},{"not_picked":["Compile Driver+1","Go for the Eyes","Turbo"],"picked":"Singing Bowl","floor":46.0},{"not_picked":["Barrage","Leap","Ball Lightning"],"picked":"Singing Bowl","floor":48.0}],"player_experience":316931,"relics_obtained":[{"floor":6.0,"key":"Potion Belt"},{"floor":9.0,"key":"MawBank"},{"floor":10.0,"key":"Letter Opener"},{"floor":23.0,"key":"Old Coin"},{"floor":26.0,"key":"Pantograph"},{"floor":29.0,"key":"Singing Bowl"},{"floor":31.0,"key":"Bottled Tornado"},{"floor":41.0,"key":"Calipers"},{"floor":42.0,"key":"Unceasing Top"},{"floor":42.0,"key":"Kunai"},{"floor":43.0,"key":"Pear"}],"event_choices":[{"cards_removed":["Strike_B"],"damage_healed":0.0,"max_hp_gain":0.0,"max_hp_loss":0.0,"gold_gain":0.0,"event_name":"Golden Wing","player_choice":"Card Removal","floor":3.0,"gold_loss":0.0,"damage_taken":7.0},{"damage_healed":0.0,"max_hp_gain":0.0,"max_hp_loss":0.0,"gold_gain":0.0,"event_name":"Liars Game","player_choice":"Ignored","floor":5.0,"gold_loss":0.0,"damage_taken":0.0},{"damage_healed":0.0,"max_hp_gain":0.0,"max_hp_loss":0.0,"gold_gain":0.0,"event_name":"Scrap Ooze","player_choice":"Success","floor":11.0,"gold_loss":0.0,"damage_taken":3.0,"relics_obtained":["Ornamental Fan"]},{"cards_removed":["Strike_B"],"damage_healed":0.0,"max_hp_gain":0.0,"max_hp_loss":0.0,"gold_gain":0.0,"event_name":"Back to Basics","player_choice":"Elegance","floor":19.0,"gold_loss":0.0,"damage_taken":0.0},{"damage_healed":0.0,"max_hp_gain":0.0,"max_hp_loss":0.0,"gold_gain":0.0,"event_name":"Cursed Tome","player_choice":"Ignored","floor":30.0,"gold_loss":0.0,"damage_taken":0.0},{"damage_healed":0.0,"max_hp_gain":0.0,"max_hp_loss":0.0,"gold_gain":0.0,"event_name":"SensoryStone","player_choice":"Memory 1","floor":37.0,"gold_loss":0.0,"damage_taken":0.0},{"damage_healed":0.0,"max_hp_gain":0.0,"max_hp_loss":0.0,"gold_gain":0.0,"event_name":"MindBloom","player_choice":"Fight","floor":41.0,"gold_loss":0.0,"damage_taken":0.0},{"damage_healed":26.0,"max_hp_gain":0.0,"max_hp_loss":0.0,"gold_gain":0.0,"event_name":"Winding Halls","player_choice":"Writhe","floor":47.0,"gold_loss":0.0,"damage_taken":0.0,"cards_obtained":["Writhe"]}],"is_beta":false,"boss_relics":[{"not_picked":["Pandora\u0027s Box","Calling Bell"],"picked":"Velvet Choker"},{"not_picked":["Snecko Eye","Runic Pyramid"],"picked":"Black Star"}],"items_purged_floors":[14],"is_endless":false,"potions_floor_spawned":[1,6,16,18,22,23,28,33,39,45,48],"ascension_level":0}