{"gold_per_floor":[115,190,201,201,201,229,27,27,52,85,85,160,172,172,172,271,271,282,282,102,102,121,121,146,158,158,158,158,171,171,183,183,283,283,293,693,693,26,26,26,61,61,61,76,95,95,115,149,149,149],"floor_reached":50,"playtime":3046,"items_purged":[],"score":601,"play_id":"73ed2ef2-7c7e-4f85-abb7-e27c6ae01998","local_time":"20190129193435","is_ascension_mode":true,"campfire_choices":[{"floor":8,"key":"REST"},{"floor":11,"key":"REST"},{"floor":15,"key":"REST"},{"floor":23,"key":"REST"},{"floor":28,"key":"REST"},{"floor":30,"key":"REST"},{"floor":32,"key":"REST"},{"floor":40,"key":"RECALL"},{"floor":42,"key":"REST"},{"floor":46,"key":"REST"},{"floor":49,"key":"REST"}],"neow_cost":"NONE","seed_source_timestamp":1734637723405128,"circlet_count":0,"master_deck":["Strike_B","Strike_B+1","Strike_B","Defend_B","Defend_B","Defend_B","Defend_B","Dualcast","Melter+1","Redo","Gash","Beam Cell","Electrodynamics","White Noise","FTL","Rebound+1","Steam+1","Conserve Battery","Chill","Leap","Go for the Eyes+1","Seek","Sweeping Beam","Ball Lightning","Conserve Battery","Reinforced Body","Cold Snap","Turbo","Cold Snap","Ball Lightning"],"relics":["Cracked Core","Vajra","The Courier","Cables","Du-Vu Doll","White Beast Statue","Regal Pillow","Anchor","Letter Opener","Philosopher\u0027s Stone","Old Coin","HandDrill","Whetstone","Turnip","Lantern","Happy Flower","Pen Nib","Boot"],"potions_floor_usage":[6,16,16,24,24,31,33,33,33,41,47,48,50,50],"damage_taken":[{"damage":1,"enemies":"Cultist","floor":1,"turns":3},{"damage":0,"enemies":"Small Slimes","floor":3,"turns":2},{"damage":24,"enemies":"Gremlin Nob","floor":6,"turns":4},{"damage":45,"enemies":"3 Sentries","floor":10,"turns":6},{"damage":0,"enemies":"2 Louse","floor":13,"turns":3},{"damage":53,"enemies":"The Guardian","floor":16,"turns":8},{"damage":39,"enemies":"Shell Parasite","floor":18,"turns":4},{"damage":12,"enemies":"Chosen","floor":22,"turns":3},{"damage":35,"enemies":"Slavers","floor":24,"turns":5},{"damage":28,"enemies":"Centurion and Healer","floor":25,"turns":5},{"damage":12,"enemies":"Shelled Parasite and Fungi","floor":29,"turns":5},{"damage":25,"enemies":"Snecko","floor":31,"turns":6},{"damage":16,"enemies":"Automaton","floor":33,"turns":11},{"damage":7,"enemies":"3 Shapes","floor":35,"turns":3},{"damage":0,"enemies":"Mind Bloom Boss Battle","floor":36,"turns":6},{"damage":30,"enemies":"Reptomancer","floor":41,"turns":6},{"damage":29,"enemies":"3 Darklings","floor":44,"turns":4},{"damage":16,"enemies":"4 Shapes","floor":45,"turns":2},{"damage":13,"enemies":"Transient","floor":47,"turns":5},{"damage":30,"enemies":"Nemesis","floor":48,"turns":7},{"damage":78,"enemies":"Donu and Deca","floor":50,"turns":6}],"seed_played":"-6163941788777390133","potions_obtained":[{"floor":1,"key":"LiquidBronze"},{"floor":3,"key":"Block Potion"},{"floor":10,"key":"SkillPotion"},{"floor":18,"key":"Strength Potion"},{"floor":22,"key":"Block Potion"},{"floor":24,"key":"FocusPotion"},{"floor":25,"key":"PowerPotion"},{"floor":29,"key":"Ancient Potion"},{"floor":31,"key":"GamblersBrew"},{"floor":33,"key":"Energy Potion"},{"floor":35,"key":"Dexterity Potion"},{"floor":36,"key":"AttackPotion"},{"floor":41,"key":"GamblersBrew"},{"floor":45,"key":"Swift Potion"},{"floor":47,"key":"PowerPotion"},{"floor":48,"key":"Fire Potion"}],"is_trial":false,"path_per_floor":["M","?","M","?","?","E","$","R","T","E","R","?","M","?","R","B",null,"M","?","$","?","M","R","E","M","T","?","R","M","R","M","R","B",null,"M","?","?","$","?","R","E","R","T","M","M","R","M","E","R","B"],"character_chosen":"DEFECT","items_purchased":["Cables","Regal Pillow","FTL","HandDrill","Whetstone","Turnip","Lantern","Conserve Battery"],"campfire_rested":10,"item_purchase_floors":[7,20,20,38,38,38,38,38],"current_hp_per_floor":[74,63,63,68,68,44,44,68,68,23,47,47,47,31,55,2,80,41,41,41,41,29,68,33,5,5,5,44,32,71,46,80,64,80,73,73,73,73,73,73,43,80,80,51,35,74,61,31,70,0],"gold":149,"neow_bonus":"RANDOM_COMMON_RELIC","is_prod":false,"is_daily":false,"chose_seed":false,"campfire_upgraded":0,"win_rate":0,"timestamp":1548797675,"path_taken":["M","?","M","?","?","E","$","R","T","E","R","?","M","?","R","BOSS","M","?","$","?","M","R","E","?","T","?","R","?","R","M","R","BOSS","M","?","?","$","?","R","E","R","T","M","M","R","M","E","R","BOSS"],"build_version":"2019-01-23","purchased_purges":0,"victory":false,"max_hp_per_floor":[75,75,75,80,80,80,80,80,80,80,80,80,80,80,80,80,80,80,80,80,80,80,80,80,80,80,80,80,80,80,80,80,80,80,80,80,80,80,80,80,80,80,80,80,80,80,80,80,80,80],"card_choices":[{"not_picked":["Skim","Aggregate"],"picked":"Melter","floor":1},{"not_picked":["Loop","Stack"],"picked":"Redo","floor":3},{"not_picked":["Skim","Fusion","Scrape"],"picked":"SKIP","floor":6},{"not_picked":["Multi-Cast","Creative AI"],"picked":"Gash","floor":10},{"not_picked":["Rebound","Glacier"],"picked":"Beam Cell","floor":13},{"not_picked":["Amplify","Multi-Cast"],"picked":"Electrodynamics","floor":16},{"not_picked":["Coolheaded","Sweeping Beam"],"picked":"White Noise","floor":18},{"not_picked":["Heatsinks","Doom and Gloom"],"picked":"Rebound","floor":22},{"not_picked":["Multi-Cast","Amplify"],"picked":"Steam+1","floor":24},{"not_picked":["Rebound+1","Heatsinks+1"],"picked":"Conserve Battery","floor":25},{"not_picked":["Steam","Turbo"],"picked":"Leap","floor":29},{"not_picked":["Coolheaded","Buffer"],"picked":"Go for the Eyes+1","floor":31},{"not_picked":["Core Surge","Machine Learning"],"picked":"Seek","floor":33},{"not_picked":["Conserve Battery","Blizzard"],"picked":"Sweeping Beam","floor":35},{"not_picked":["Gash","Cold Snap+1"],"picked":"Ball Lightning","floor":36},{"not_picked":["Madness","Impatience"],"picked":"Swift Strike","floor":37},{"not_picked":["Rainbow","Redo+1"],"picked":"Reinforced Body","floor":41},{"not_picked":["Conserve Battery+1","Compile Driver+1"],"picked":"Cold Snap","floor":44},{"not_picked":["Recycle","Reinforced Body"],"picked":"Turbo","floor":45},{"not_picked":["Barrage+1","Coolheaded+1"],"picked":"Cold Snap","floor":47},{"not_picked":["Capacitor+1","Turbo+1"],"picked":"Ball Lightning","floor":48}],"player_experience":76735,"relics_obtained":[{"floor":6,"key":"The Courier"},{"floor":10,"key":"Du-Vu Doll"},{"floor":24,"key":"Anchor"},{"floor":26,"key":"Letter Opener"},{"floor":36,"key":"Old Coin"},{"floor":41,"key":"Happy Flower"},{"floor":43,"key":"Pen Nib"},{"floor":48,"key":"Boot"}],"event_choices":[{"damage_healed":0,"gold_gain":75,"player_choice":"Gather Gold","damage_taken":11,"max_hp_gain":0,"max_hp_loss":0,"event_name":"World of Goop","floor":2,"gold_loss":0},{"damage_healed":0,"gold_gain":0,"player_choice":"Donut","damage_taken":0,"max_hp_gain":5,"max_hp_loss":0,"event_name":"Big Fish","floor":4,"gold_loss":0},{"damage_healed":0,"gold_gain":0,"player_choice":"Ignored","damage_taken":0,"max_hp_gain":0,"max_hp_loss":0,"event_name":"Liars Game","floor":5,"gold_loss":0},{"damage_healed":0,"gold_gain":75,"player_choice":"Gained Gold","damage_taken":0,"max_hp_gain":0,"max_hp_loss":0,"event_name":"Golden Wing","floor":12,"gold_loss":0},{"damage_healed":0,"gold_gain":0,"player_choice":"Entered Light","damage_taken":16,"max_hp_gain":0,"max_hp_loss":0,"event_name":"Shining Light","floor":14,"gold_loss":0,"cards_upgraded":["Zap","Strike_B"]},{"damage_healed":0,"gold_gain":0,"player_choice":"Ignored","damage_taken":0,"max_hp_gain":0,"max_hp_loss":0,"event_name":"Beggar","floor":19,"gold_loss":0},{"cards_removed":["Zap"],"damage_healed":0,"gold_gain":0,"player_choice":"Offered Basic","damage_taken":0,"max_hp_gain":0,"max_hp_loss":0,"event_name":"Bonfire Elementals","floor":21,"gold_loss":0},{"damage_healed":0,"gold_gain":0,"cards_transformed":["Strike_B"],"player_choice":"Transformed","damage_taken":0,"max_hp_gain":0,"max_hp_loss":0,"event_name":"Transmorgrifier","floor":27,"gold_loss":0,"cards_obtained":["Chill"]},{"damage_healed":0,"gold_gain":0,"player_choice":"Fight","damage_taken":0,"max_hp_gain":0,"max_hp_loss":0,"event_name":"MindBloom","floor":36,"gold_loss":0},{"damage_healed":0,"gold_gain":0,"player_choice":"Memory 1","damage_taken":0,"max_hp_gain":0,"max_hp_loss":0,"event_name":"SensoryStone","floor":37,"gold_loss":0},{"cards_removed":["Swift Strike"],"damage_healed":0,"gold_gain":0,"player_choice":"Removed Attack","damage_taken":0,"max_hp_gain":0,"max_hp_loss":0,"event_name":"Falling","floor":39,"gold_loss":0}],"is_beta":false,"boss_relics":[{"not_picked":["Orrery","Ectoplasm"],"picked":"White Beast Statue"},{"not_picked":["Eternal Feather","Astrolabe"],"picked":"Philosopher\u0027s Stone"}],"items_purged_floors":[],"is_endless":false,"potions_floor_spawned":[1,3,10,18,22,24,25,29,31,33,35,36,41,44,45,47,48],"killed_by":"Donu and Deca","ascension_level":2}