{"gold_per_floor":[115,115,115,32,32,32,68,68,93,129,152,152,152,6,6,125,125,146,146,171,96,96,127,127,150,150,164,199,251,251,40,40,168,168,182,197,322,197,211,211,244,264,264,264,289,289,304,7,7,7],"floor_reached":51,"playtime":2654,"items_purged":["Injury","Strike_G","Survivor","Decay"],"score":919,"play_id":"765a68da-b8bd-48af-b66f-249d87889a51","local_time":"20190202232504","is_ascension_mode":false,"campfire_choices":[{"data":"Neutralize","floor":6,"key":"SMITH"},{"data":"Noxious Fumes","floor":8,"key":"SMITH"},{"data":"Crippling Poison","floor":12,"key":"SMITH"},{"data":"Cloak And Dagger","floor":15,"key":"SMITH"},{"data":"After Image","floor":24,"key":"SMITH"},{"data":"Blade Dance","floor":30,"key":"SMITH"},{"data":"Accuracy","floor":32,"key":"SMITH"},{"data":"After Image","floor":40,"key":"SMITH"},{"floor":44,"key":"REST"},{"data":"Crippling Poison","floor":46,"key":"SMITH"},{"data":"Cloak And Dagger","floor":49,"key":"SMITH"}],"neow_cost":"NONE","seed_source_timestamp":506164227880511,"circlet_count":0,"master_deck":["Defend_G","Defend_G","Defend_G","Defend_G","Defend_G","Strike_G","Strike_G","Strike_G","Neutralize+1","Leg Sweep","Noxious Fumes+1","Cloak And Dagger+1","Dash+1","Deadly Poison","Crippling Poison+1","After Image+1","Deadly Poison","Blade Dance+1","Cloak And Dagger+1","Blur","Accuracy+1","Crippling Poison+1","After Image+1","Crippling Poison+1","Bane+1","Dagger Spray+1","Parasite"],"relics":["Ring of the Snake","NeowsBlessing","Dead Branch","Golden Idol","Dream Catcher","Omamori","Incense Burner","PreservedInsect","Cursed Key","MutagenicStrength","Anchor","Ninja Scroll","Happy Flower","Orichalcum","Sozu","Torii","Mercury Hourglass","Dodecahedron","Strawberry"],"potions_floor_usage":[33,41,50],"damage_taken":[{"damage":0,"enemies":"Cultist","floor":1,"turns":1},{"damage":0,"enemies":"3 Sentries","floor":7,"turns":1},{"damage":0,"enemies":"Gremlin Nob","floor":10,"turns":1},{"damage":0,"enemies":"Jaw Worm","floor":11,"turns":4},{"damage":0,"enemies":"The Guardian","floor":16,"turns":8},{"damage":0,"enemies":"Shell Parasite","floor":18,"turns":4},{"damage":0,"enemies":"Chosen","floor":20,"turns":4},{"damage":0,"enemies":"Book of Stabbing","floor":23,"turns":6},{"damage":0,"enemies":"Shelled Parasite and Fungi","floor":25,"turns":5},{"damage":0,"enemies":"Chosen and Byrds","floor":27,"turns":6},{"damage":0,"enemies":"Slavers","floor":28,"turns":2},{"damage":0,"enemies":"Automaton","floor":33,"turns":6},{"damage":0,"enemies":"3 Shapes","floor":35,"turns":3},{"damage":0,"enemies":"3 Darklings","floor":36,"turns":4},{"damage":0,"enemies":"Mind Bloom Boss Battle","floor":37,"turns":8},{"damage":1,"enemies":"Spire Growth","floor":39,"turns":3},{"damage":15,"enemies":"Reptomancer","floor":41,"turns":6},{"damage":0,"enemies":"Writhing Mass","floor":42,"turns":5},{"damage":0,"enemies":"3 Darklings","floor":45,"turns":3},{"damage":0,"enemies":"Jaw Worm Horde","floor":47,"turns":2},{"damage":43,"enemies":"Time Eater","floor":50,"turns":12}],"seed_played":"2642089033448128944","potions_obtained":[{"floor":7,"key":"SteroidPotion"},{"floor":11,"key":"Strength Potion"},{"floor":18,"key":"AttackPotion"},{"floor":27,"key":"GhostInAJar"}],"is_trial":false,"path_per_floor":["M","T","?","$","?","R","E","R","T","E","M","R","?","$","R","B",null,"M","?","M","$","?","E","R","M","T","M","E","T","R","$","R","B",null,"M","M","?","$","M","R","E","M","T","R","M","R","M","$","R","B",null],"character_chosen":"THE_SILENT","items_purchased":["Noxious Fumes","Cloak And Dagger","PreservedInsect","Accuracy","Crippling Poison","Strawberry"],"campfire_rested":1,"item_purchase_floors":[4,4,14,31,31,48],"current_hp_per_floor":[70,70,63,63,63,63,63,63,63,63,63,63,63,63,63,63,70,70,70,70,70,70,70,70,70,70,70,70,70,70,70,70,70,70,70,70,70,70,69,69,54,54,54,70,70,70,70,77,77,34],"gold":7,"neow_bonus":"THREE_ENEMY_KILL","is_prod":false,"is_daily":false,"chose_seed":false,"campfire_upgraded":10,"win_rate":0,"timestamp":1549167904,"path_taken":["M","?","?","$","?","R","E","R","T","E","M","R","?","$","R","BOSS","M","?","M","$","?","E","R","M","T","M","E","?","R","$","R","BOSS","M","M","?","?","M","R","E","?","T","R","M","R","M","$","R","BOSS"],"build_version":"2019-01-23","purchased_purges":4,"victory":true,"max_hp_per_floor":[70,70,70,70,70,70,70,70,70,70,70,70,70,70,70,70,70,70,70,70,70,70,70,70,70,70,70,70,70,70,70,70,70,70,70,70,70,70,70,70,70,70,70,70,70,70,70,77,77,77],"card_choices":[{"not_picked":["Deflect","Quick Slash"],"picked":"Leg Sweep","floor":1},{"not_picked":["Terror","Deadly Poison"],"picked":"Dash","floor":7},{"not_picked":["Outmaneuver","Flechettes"],"picked":"Deadly Poison","floor":10},{"not_picked":["Flying Knee","Finisher"],"picked":"Crippling Poison","floor":11},{"not_picked":["Malaise","Glass Knife"],"picked":"After Image","floor":16},{"not_picked":["Eviscerate","Poisoned Stab"],"picked":"Deadly Poison","floor":18},{"not_picked":["Outmaneuver","Masterful Stab","Skewer+1"],"picked":"SKIP","floor":20},{"not_picked":["Underhanded Strike","Deflect"],"picked":"Blade Dance","floor":23},{"not_picked":["Acrobatics","Dagger Throw+1"],"picked":"Cloak And Dagger","floor":25},{"not_picked":["PiercingWail","Quick Slash+1","Slice"],"picked":"SKIP","floor":27},{"not_picked":["Dodge and Roll","Reflex+1"],"picked":"Blur","floor":28},{"not_picked":["Burst","Bullet Time"],"picked":"After Image","floor":33},{"not_picked":["Cloak And Dagger+1","Poisoned Stab+1"],"picked":"Crippling Poison+1","floor":35},{"not_picked":["Leg Sweep","Deadly Poison","Backflip"],"picked":"SKIP","floor":36},{"not_picked":["Poisoned Stab","Blur+1"],"picked":"Bane+1","floor":37},{"not_picked":["Calculated Gamble","Acrobatics+1"],"picked":"Dagger Spray+1","floor":39},{"not_picked":["Flying Knee+1","Heel Hook","Blade Dance"],"picked":"SKIP","floor":41},{"not_picked":["Wraith Form v2","Poisoned Stab+1","Dagger Spray"],"picked":"SKIP","floor":42},{"not_picked":["Blur+1","Cloak And Dagger","Acrobatics"],"picked":"SKIP","floor":45},{"not_picked":["Blur","Predator","Quick Slash"],"picked":"SKIP","floor":47}],"player_experience":39387,"relics_obtained":[{"floor":2,"key":"Dead Branch"},{"floor":7,"key":"Dream Catcher"},{"floor":9,"key":"Omamori"},{"floor":10,"key":"Incense Burner"},{"floor":23,"key":"Anchor"},{"floor":26,"key":"Ninja Scroll"},{"floor":28,"key":"Happy Flower"},{"floor":29,"key":"Orichalcum"},{"floor":37,"key":"Torii"},{"floor":41,"key":"Mercury Hourglass"},{"floor":43,"key":"Dodecahedron"}],"event_choices":[{"cards_removed":["Strike_G"],"damage_healed":0,"gold_gain":0,"player_choice":"Card Removal","damage_taken":7,"max_hp_gain":0,"max_hp_loss":0,"event_name":"Golden Wing","floor":3,"gold_loss":0},{"damage_healed":0,"gold_gain":0,"player_choice":"Take Wound","damage_taken":0,"relics_obtained":["Golden Idol"],"max_hp_gain":0,"max_hp_loss":0,"event_name":"Golden Idol","floor":5,"gold_loss":0,"cards_obtained":["Injury"]},{"damage_healed":0,"gold_gain":0,"player_choice":"Upgraded","damage_taken":0,"max_hp_gain":0,"max_hp_loss":0,"event_name":"Upgrade Shrine","floor":13,"gold_loss":0,"cards_upgraded":["Dash"]},{"damage_healed":0,"gold_gain":0,"player_choice":"Inject Mutagens","damage_taken":0,"relics_obtained":["MutagenicStrength"],"max_hp_gain":0,"max_hp_loss":0,"event_name":"Drug Dealer","floor":19,"gold_loss":0},{"damage_healed":0,"gold_gain":0,"player_choice":"Ignored","damage_taken":0,"max_hp_gain":0,"max_hp_loss":0,"event_name":"Vampires","floor":22,"gold_loss":0},{"damage_healed":0,"gold_gain":0,"player_choice":"Fight","damage_taken":0,"max_hp_gain":0,"max_hp_loss":0,"event_name":"MindBloom","floor":37,"gold_loss":0}],"is_beta":false,"boss_relics":[{"not_picked":["WristBlade","Calling Bell"],"picked":"Cursed Key"},{"not_picked":["Tiny House","Runic Dome"],"picked":"Sozu"}],"items_purged_floors":[21,31,38,48],"is_endless":false,"potions_floor_spawned":[7,11,18,27,28,35,39,47],"ascension_level":0}