{"gold_per_floor":[116,291,310,28,28,28,66,81,81,94,94,94,94,113,113,234,234,254,267,33,46,46],"floor_reached":22,"playtime":1229,"items_purged":["Doubt"],"score":233,"play_id":"f7ce5f5e-6d05-4941-a0a7-8c7eab9a5893","local_time":"20190203112901","is_ascension_mode":true,"campfire_choices":[{"floor":6,"key":"REST"},{"floor":11,"key":"REST"},{"floor":13,"key":"REST"},{"floor":15,"key":"REST"}],"neow_cost":"NONE","seed_source_timestamp":298683790504767,"circlet_count":0,"master_deck":["Strike_B+1","Strike_B","Strike_B","Strike_B","Defend_B","Defend_B","Defend_B","Defend_B","Zap","Dualcast","Conserve Battery","Redo","Ball Lightning","Magnetism","Conserve Battery","Hello World","Sweeping Beam","Pain","BootSequence","Amplify","FTL","BootSequence","Auto Shields","Conserve Battery+1"],"relics":["Cracked Core","Golden Idol","Lantern","Mummified Hand","WarpedTongs","White Beast Statue","Blood Vial"],"potions_floor_usage":[16,18,19,19,21,22],"damage_taken":[{"damage":4,"enemies":"Jaw Worm","floor":1,"turns":3},{"damage":7,"enemies":"2 Louse","floor":3,"turns":3},{"damage":32,"enemies":"Gremlin Nob","floor":7,"turns":4},{"damage":0,"enemies":"Cultist","floor":8,"turns":3},{"damage":10,"enemies":"Gremlin Gang","floor":10,"turns":3},{"damage":8,"enemies":"Lots of Slimes","floor":14,"turns":4},{"damage":43,"enemies":"Hexaghost","floor":16,"turns":6},{"damage":10,"enemies":"Shell Parasite","floor":18,"turns":6},{"damage":7,"enemies":"2 Thieves","floor":19,"turns":3},{"damage":15,"enemies":"Cultist and Chosen","floor":21,"turns":6},{"damage":38,"enemies":"Centurion and Healer","floor":22,"turns":4}],"seed_played":"-3552159243080688936","potions_obtained":[{"floor":7,"key":"PowerPotion"},{"floor":14,"key":"Swift Potion"},{"floor":16,"key":"Strength Potion"},{"floor":18,"key":"Energy Potion"},{"floor":19,"key":"Fire Potion"},{"floor":21,"key":"Explosive Potion"}],"is_trial":false,"path_per_floor":["M","?","M","$","?","R","E","M","T","M","R","?","R","M","R","B",null,"M","M","$","M","M"],"character_chosen":"DEFECT","items_purchased":["Ball Lightning","Magnetism","Blood Vial","Auto Shields"],"campfire_rested":4,"item_purchase_floors":[4,4,20,20],"current_hp_per_floor":[71,71,64,64,46,68,36,36,36,26,48,48,70,62,75,32,64,54,47,47,34,0],"gold":46,"neow_bonus":"UPGRADE_CARD","is_prod":false,"is_daily":false,"chose_seed":false,"campfire_upgraded":0,"win_rate":0,"timestamp":1549200541,"path_taken":["M","?","M","$","?","R","E","M","T","M","R","?","R","?","R","BOSS","M","?","?","M","M"],"build_version":"2019-01-23","purchased_purges":1,"victory":false,"max_hp_per_floor":[75,75,75,75,75,75,75,75,75,75,75,75,75,75,75,75,75,75,75,75,75,75],"card_choices":[{"not_picked":["Barrage","Gash"],"picked":"Conserve Battery","floor":1},{"not_picked":["Skim","Streamline"],"picked":"Redo","floor":3},{"not_picked":["Seek","Reboot"],"picked":"Conserve Battery","floor":7},{"not_picked":["Reinforced Body","Compile Driver"],"picked":"Hello World","floor":8},{"not_picked":["Darkness","Rebound"],"picked":"Sweeping Beam","floor":10},{"not_picked":["Recycle","Rebound"],"picked":"BootSequence","floor":14},{"not_picked":["Meteor Strike","Multi-Cast"],"picked":"Amplify","floor":16},{"not_picked":["Sunder","Ball Lightning"],"picked":"FTL","floor":18},{"not_picked":["Go for the Eyes","Loop"],"picked":"BootSequence","floor":19},{"not_picked":["Stack","Go for the Eyes"],"picked":"Conserve Battery+1","floor":21}],"player_experience":106235,"relics_obtained":[{"floor":7,"key":"Lantern"},{"floor":9,"key":"Mummified Hand"}],"event_choices":[{"damage_healed":0,"gold_gain":175,"player_choice":"AGREE","damage_taken":0,"max_hp_gain":0,"max_hp_loss":0,"event_name":"Liars Game","floor":2,"gold_loss":0,"cards_obtained":["Doubt"]},{"damage_healed":0,"gold_gain":0,"player_choice":"Take Damage","damage_taken":18,"relics_obtained":["Golden Idol"],"max_hp_gain":0,"max_hp_loss":0,"event_name":"Golden Idol","floor":5,"gold_loss":0},{"damage_healed":0,"gold_gain":0,"player_choice":"Rummage","damage_taken":0,"relics_obtained":["WarpedTongs"],"max_hp_gain":0,"max_hp_loss":0,"event_name":"Accursed Blacksmith","floor":12,"gold_loss":0,"cards_obtained":["Pain"]}],"is_beta":false,"boss_relics":[{"not_picked":["Orrery","Cursed Key"],"picked":"White Beast Statue"}],"items_purged_floors":[4],"is_endless":false,"potions_floor_spawned":[7,14,16,18,19,21],"killed_by":"Centurion and Healer","ascension_level":5}