{"gold_per_floor":[114,127,147,0,11,11,11,24,24,24,44,59,59,73,73,170,170,184,201,201],"floor_reached":20,"playtime":2005,"items_purged":[],"score":170,"play_id":"c7e1bf2f-1064-4895-93e8-efd2f652de33","local_time":"20190123215057","is_ascension_mode":false,"campfire_choices":[{"data":"Genetic Algorithm","floor":6,"key":"SMITH"},{"floor":10,"key":"REST"},{"data":"Cold Snap","floor":13,"key":"SMITH"},{"floor":15,"key":"REST"}],"neow_cost":"NONE","seed_source_timestamp":1225438189394871,"circlet_count":0,"master_deck":["Strike_B","Strike_B","Strike_B","Defend_B","Defend_B","Defend_B","Defend_B","Zap","Dualcast","Genetic Algorithm","Cold Snap+1","Sweeping Beam","Genetic Algorithm+1","Compile Driver","Ball Lightning","Coolheaded+1","Redo+1","Creative AI","Normality","Writhe","Injury","Static Discharge","Stack"],"relics":["Cracked Core","Centennial Puzzle","Boot","Calling Bell","FossilizedHelix","Molten Egg 2","War Paint"],"potions_floor_usage":[16,16,16],"damage_taken":[{"damage":0,"enemies":"Small Slimes","floor":1,"turns":3},{"damage":1,"enemies":"Cultist","floor":2,"turns":3},{"damage":2,"enemies":"2 Louse","floor":3,"turns":2},{"damage":6,"enemies":"Red Slaver","floor":5,"turns":4},{"damage":4,"enemies":"Blue Slaver","floor":8,"turns":4},{"damage":4,"enemies":"3 Louse","floor":11,"turns":3},{"damage":3,"enemies":"Red Slaver","floor":12,"turns":4},{"damage":3,"enemies":"Looter","floor":14,"turns":3},{"damage":19,"enemies":"Slime Boss","floor":16,"turns":9},{"damage":65,"enemies":"Chosen","floor":18,"turns":9},{"damage":13,"enemies":"Spheric Guardian","floor":19,"turns":6},{"damage":4,"enemies":"3 Cultists","floor":20,"turns":3}],"seed_played":"8112605351416345518","potions_obtained":[{"floor":3,"key":"PowerPotion"},{"floor":8,"key":"Regen Potion"},{"floor":11,"key":"FocusPotion"},{"floor":12,"key":"PowerPotion"},{"floor":18,"key":"Strength Potion"}],"is_trial":false,"path_per_floor":["M","M","M","$","M","R","?","M","T","R","M","M","R","M","R","B",null,"M","M","M"],"character_chosen":"DEFECT","items_purchased":["Centennial Puzzle"],"campfire_rested":2,"item_purchase_floors":[4],"current_hp_per_floor":[82,81,79,79,73,73,73,69,69,82,78,75,75,72,82,75,82,17,4,0],"gold":201,"neow_bonus":"TEN_PERCENT_HP_BONUS","is_prod":false,"is_daily":false,"chose_seed":false,"campfire_upgraded":2,"win_rate":0.0,"timestamp":1548287457,"path_taken":["M","M","M","$","M","R","?","M","T","R","M","M","R","?","R","BOSS","M","?","M"],"build_version":"2019-01-23","purchased_purges":0,"victory":false,"max_hp_per_floor":[82,82,82,82,82,82,82,82,82,82,82,82,82,82,82,82,82,82,82,82],"card_choices":[{"not_picked":["Compile Driver","Gash"],"picked":"Genetic Algorithm","floor":1},{"not_picked":["Beam Cell","Gash"],"picked":"Cold Snap","floor":2},{"not_picked":["Stack","Reprogram"],"picked":"Sweeping Beam","floor":3},{"not_picked":["Auto Shields","Sweeping Beam"],"picked":"Genetic Algorithm","floor":5},{"not_picked":["Consume","Stack"],"picked":"Compile Driver","floor":8},{"not_picked":["Leap","Heatsinks"],"picked":"Ball Lightning","floor":11},{"not_picked":["Consume","Ball Lightning"],"picked":"Coolheaded","floor":12},{"not_picked":["Barrage","Hologram"],"picked":"Redo","floor":14},{"not_picked":["Amplify","Rainbow"],"picked":"Creative AI","floor":16},{"not_picked":["Cold Snap+1","Compile Driver+1"],"picked":"Static Discharge","floor":18},{"not_picked":["Lockon+1","Gash+1"],"picked":"Stack","floor":19}],"player_experience":5078,"relics_obtained":[{"floor":9,"key":"Boot"},{"floor":17,"key":"FossilizedHelix"},{"floor":17,"key":"Molten Egg 2"},{"floor":17,"key":"War Paint"}],"event_choices":[{"cards_removed":["Strike_B"],"damage_healed":0,"gold_gain":0,"player_choice":"Card Removal","damage_taken":0,"max_hp_gain":0,"max_hp_loss":0,"event_name":"Wheel of Change","floor":7,"gold_loss":0}],"is_beta":false,"boss_relics":[{"not_picked":["Tiny House","Sozu"],"picked":"Calling Bell"}],"items_purged_floors":[],"is_endless":false,"potions_floor_spawned":[3,8,11,12,18],"killed_by":"3 Cultists","ascension_level":0}