{"gold_per_floor":[117,42,55,55,73,73,87,113,113,142,142,175,175,175,175,248,248,262,262,187,127,140,166,166,193,193,193,220,220,233,249,249,327,327,337,354,371,4,4,4,21,21,21,21,46,57,89,89,89,89,89,89,13,44,44],"floor_reached":56,"playtime":6501,"items_purged":["Parasite"],"score":2448,"play_id":"321b855b-824f-4fde-9282-d92518780a8e","local_time":"20190131134018","is_ascension_mode":true,"campfire_choices":[{"data":"Neutralize","floor":6.0,"key":"SMITH"},{"data":"Noxious Fumes","floor":13.0,"key":"SMITH"},{"data":"Footwork","floor":15.0,"key":"SMITH"},{"floor":24.0,"key":"REST"},{"data":"Strike_G","floor":29,"key":"PURGE"},{"floor":32,"key":"REST"},{"data":"Strike_G","floor":40,"key":"PURGE"},{"floor":42,"key":"REST"},{"floor":44,"key":"RECALL"},{"floor":49,"key":"REST"},{"floor":52,"key":"REST"}],"neow_cost":"NONE","seed_source_timestamp":770552584433584,"circlet_count":0,"master_deck":["AscendersBane","Defend_G","Defend_G","Defend_G+1","Defend_G","Defend_G+1","Survivor","Neutralize+1","Footwork+1","Noxious Fumes+1","Footwork","After Image","After Image","Catalyst+1","Deadly Poison","A Thousand Cuts","PiercingWail","Deflect","Adrenaline","Well Laid Plans+1","Leg Sweep+1","Catalyst","Escape Plan","PiercingWail","Adrenaline","Deadly Poison+1","Prepared+1","Backflip"],"special_seed":0,"relics":["Ring of the Snake","Paper Crane","Shuriken","Dodecahedron","Snake Skull","Fusion Hammer","War Paint","Bag of Marbles","Peace Pipe","Question Card","Pen Nib","Ninja Scroll","Orrery","Thread and Needle","Molten Egg 2","Nunchaku","The Specimen"],"potions_floor_usage":[28,33,50,55,55],"damage_taken":[{"damage":3.0,"enemies":"Cultist","floor":1.0,"turns":4.0},{"damage":3.0,"enemies":"Jaw Worm","floor":3.0,"turns":6.0},{"damage":0.0,"enemies":"2 Louse","floor":5.0,"turns":2.0},{"damage":2.0,"enemies":"Blue Slaver","floor":7.0,"turns":7.0},{"damage":10.0,"enemies":"Lagavulin","floor":8.0,"turns":10.0},{"damage":14.0,"enemies":"Gremlin Nob","floor":10.0,"turns":5.0},{"damage":4.0,"enemies":"Lagavulin","floor":12.0,"turns":11.0},{"damage":0.0,"enemies":"The Guardian","floor":16.0,"turns":14.0},{"damage":8.0,"enemies":"3 Byrds","floor":18.0,"turns":5.0},{"damage":3.0,"enemies":"2 Thieves","floor":21.0,"turns":4.0},{"damage":0.0,"enemies":"Shelled Parasite and Fungi","floor":22.0,"turns":7.0},{"damage":16.0,"enemies":"Slavers","floor":23.0,"turns":7.0},{"damage":7.0,"enemies":"Book of Stabbing","floor":25.0,"turns":7.0},{"damage":0,"enemies":"Gremlin Leader","floor":28,"turns":7},{"damage":1,"enemies":"Snake Plant","floor":30,"turns":5},{"damage":3,"enemies":"Sentry and Sphere","floor":31,"turns":5},{"damage":0,"enemies":"Champ","floor":33,"turns":11},{"damage":0,"enemies":"Orb Walker","floor":35,"turns":3},{"damage":12,"enemies":"3 Darklings","floor":36,"turns":7},{"damage":0,"enemies":"Writhing Mass","floor":37,"turns":7},{"damage":0,"enemies":"4 Shapes","floor":41,"turns":6},{"damage":0,"enemies":"Reptomancer","floor":45,"turns":6},{"damage":0,"enemies":"3 Darklings","floor":46,"turns":5},{"damage":0,"enemies":"Giant Head","floor":47,"turns":7},{"damage":0,"enemies":"Awakened One","floor":50,"turns":13},{"damage":3,"enemies":"Shield and Spear","floor":54,"turns":11},{"damage":11,"enemies":"The Heart","floor":55,"turns":11}],"seed_played":"4264819117186959642","potions_obtained":[{"floor":1.0,"key":"GamblersBrew"},{"floor":4.0,"key":"SkillPotion"},{"floor":7.0,"key":"GhostInAJar"},{"floor":23.0,"key":"Poison Potion"},{"floor":25.0,"key":"GamblersBrew"},{"floor":28,"key":"SteroidPotion"},{"floor":31,"key":"GhostInAJar"},{"floor":41,"key":"Dexterity Potion"}],"is_trial":false,"path_per_floor":["M","?","M","?","M","R","M","E","T","E","?","E","R","?","R","B",null,"M","T","?","M","M","E","R","E","T","?","E","R","M","M","R","B",null,"M","M","M","$","?","R","M","R","T","R","E","M","E","$","R","B",null,"R","$","E","B",null],"character_chosen":"THE_SILENT","items_purchased":["Thread and Needle","LiquidBronze"],"campfire_rested":5,"item_purchase_floors":[38,53],"current_hp_per_floor":[56,56,53,53,53,53,51,41,41,27,27,23,23,23,23,23,55,47,47,47,44,44,28,47,40,40,40,40,40,39,36,55,55,63,63,51,51,51,51,51,51,63,63,63,63,63,63,63,63,63,63,63,63,60,49],"gold":44,"neow_bonus":"THREE_CARDS","is_prod":false,"is_daily":false,"chose_seed":false,"campfire_upgraded":3,"win_rate":0,"timestamp":1548938418,"path_taken":["M","?","M","?","M","R","?","E","T","E","?","E","R","?","R","BOSS","M","?","?","M","?","E","R","E","T","?","E","R","M","M","R","BOSS","M","M","M","$","?","R","M","R","T","R","E","M","E","?","R","BOSS","R","$","E","BOSS"],"build_version":"2019-01-23","purchased_purges":1,"victory":true,"max_hp_per_floor":[66,66,66,66,66,66,66,66,66,66,66,66,66,66,66,66,66,66,66,66,66,66,66,66,66,66,66,66,66,66,66,66,66,66,66,66,66,63,63,63,63,63,63,63,63,63,63,63,63,63,63,63,63,63,63],"card_choices":[{"not_picked":["Tactician","Slice","Choke"],"picked":"SKIP","floor":1.0},{"not_picked":["Acrobatics","Underhanded Strike"],"picked":"Dagger Spray","floor":3.0},{"not_picked":["Slice","Blur"],"picked":"Footwork","floor":5.0},{"not_picked":["Deadly Poison","Sucker Punch"],"picked":"Noxious Fumes","floor":7.0},{"not_picked":["Outmaneuver","Riddle With Holes","Prepared"],"picked":"SKIP","floor":8.0},{"not_picked":["All Out Attack","Skewer"],"picked":"Footwork","floor":10.0},{"not_picked":["Acrobatics","Catalyst"],"picked":"After Image","floor":12.0},{"not_picked":["Doppelganger","Tools of the Trade"],"picked":"After Image","floor":16.0},{"not_picked":["Cloak And Dagger","PiercingWail"],"picked":"Catalyst+1","floor":18.0},{"not_picked":["Predator","Backstab"],"picked":"Deadly Poison","floor":21.0},{"not_picked":["Bane","Cloak And Dagger","Blade Dance"],"picked":"SKIP","floor":22.0},{"not_picked":["Dagger Spray","Quick Slash"],"picked":"A Thousand Cuts","floor":23.0},{"not_picked":["Outmaneuver","Cloak And Dagger","Blade Dance+1"],"picked":"SKIP","floor":25.0},{"not_picked":["Terror","Quick Slash","Grand Finale"],"picked":"PiercingWail","floor":28},{"not_picked":["Tactician+1","Underhanded Strike","Outmaneuver"],"picked":"Deflect","floor":30},{"not_picked":["Deadly Poison","Bane+1","Backstab","Dagger Throw"],"picked":"SKIP","floor":31},{"not_picked":["Doppelganger","Corpse Explosion","Night Terror"],"picked":"Adrenaline","floor":33},{"not_picked":["Flying Knee","Dagger Throw","Slice"],"picked":"Well Laid Plans+1","floor":34},{"not_picked":["Dagger Throw","Concentrate","Dodge and Roll"],"picked":"Leg Sweep+1","floor":34},{"not_picked":["Caltrops","Outmaneuver","Dagger Throw"],"picked":"Catalyst","floor":34},{"not_picked":["Underhanded Strike","Acrobatics+1","Poisoned Stab"],"picked":"Escape Plan","floor":35},{"not_picked":["Eviscerate+1","Finisher","Expertise","Bane"],"picked":"SKIP","floor":36},{"not_picked":["Acrobatics","Sucker Punch","Dagger Throw+1"],"picked":"PiercingWail","floor":37},{"not_picked":["Setup","Sucker Punch","Flechettes","Backstab+1"],"picked":"SKIP","floor":41},{"not_picked":["Doppelganger","Storm of Steel","Cloak And Dagger"],"picked":"Deadly Poison+1","floor":45},{"not_picked":["Dodge and Roll","Deadly Poison","Masterful Stab+1"],"picked":"Prepared+1","floor":46},{"not_picked":["Poisoned Stab+1","PiercingWail","Dodge and Roll"],"picked":"Backflip","floor":47},{"not_picked":["Unload+1","Dagger Throw+1","Deadly Poison","Dagger Spray+1"],"picked":"SKIP","floor":54}],"player_experience":1114942,"relics_obtained":[{"floor":8.0,"key":"Paper Crane"},{"floor":9.0,"key":"Shuriken"},{"floor":10.0,"key":"Dodecahedron"},{"floor":12.0,"key":"Snake Skull"},{"floor":19.0,"key":"War Paint"},{"floor":23.0,"key":"Bag of Marbles"},{"floor":25.0,"key":"Peace Pipe"},{"floor":26.0,"key":"Question Card"},{"floor":28,"key":"Ninja Scroll"},{"floor":45,"key":"Molten Egg 2"},{"floor":47,"key":"Nunchaku"},{"floor":54,"key":"The Specimen"}],"event_choices":[{"cards_removed":["Strike_G"],"damage_healed":0.0,"max_hp_gain":0.0,"max_hp_loss":0.0,"gold_gain":0.0,"event_name":"The Cleric","player_choice":"Card Removal","floor":2.0,"gold_loss":75.0,"damage_taken":0.0},{"damage_healed":0.0,"max_hp_gain":0.0,"max_hp_loss":0.0,"gold_gain":0.0,"event_name":"Lab","player_choice":"Got Potions","floor":4.0,"gold_loss":0.0,"damage_taken":0.0},{"damage_healed":0.0,"max_hp_gain":0.0,"max_hp_loss":0.0,"gold_gain":0.0,"event_name":"Liars Game","player_choice":"Ignored","floor":11.0,"gold_loss":0.0,"damage_taken":0.0},{"cards_removed":["Strike_G"],"damage_healed":0.0,"max_hp_gain":0.0,"max_hp_loss":0.0,"gold_gain":0.0,"event_name":"Purifier","player_choice":"Purged","floor":14.0,"gold_loss":0.0,"damage_taken":0.0},{"cards_removed":["Strike_G"],"damage_healed":0.0,"max_hp_gain":0.0,"max_hp_loss":0.0,"gold_gain":0.0,"event_name":"Beggar","player_choice":"Gave Gold","floor":20.0,"gold_loss":75.0,"damage_taken":0.0},{"cards_removed":["Dagger Spray"],"damage_healed":0.0,"max_hp_gain":0.0,"max_hp_loss":0.0,"gold_gain":0.0,"event_name":"WeMeetAgain","player_choice":"Gave Card","floor":27.0,"gold_loss":0.0,"damage_taken":0.0,"relics_obtained":["Pen Nib"]},{"damage_healed":0,"gold_gain":0,"player_choice":"Copied","damage_taken":0,"max_hp_gain":0,"max_hp_loss":0,"event_name":"Duplicator","floor":39,"gold_loss":0,"cards_obtained":["Adrenaline"]}],"is_beta":false,"boss_relics":[{"not_picked":["WristBlade","HoveringKite"],"picked":"Fusion Hammer"},{"not_picked":["Calling Bell","Runic Dome"],"picked":"Orrery"}],"items_purged_floors":[38],"is_endless":false,"potions_floor_spawned":[1,7,23,25,28,31,41,46,54],"ascension_level":15}