{"gold_per_floor":[112,112,126,145,158,192,192,202,273,273,301,376,376,386,386,491,491,507,523,249,263,276,310,328,328,328,328,328,347,347,381,381,476,476,496,174,191,207,218,218,252,252,300,333,350,350,0,12,12,12],"floor_reached":51,"playtime":3685,"items_purged":["Defend_G","Strike_G"],"score":772,"play_id":"8359f812-7055-42aa-99b3-97eaca276ca8","local_time":"20181021142711","is_ascension_mode":true,"campfire_choices":[{"data":"Accuracy","floor":7,"key":"SMITH"},{"floor":10,"key":"REST"},{"data":"Blade Dance","floor":15,"key":"SMITH"},{"data":"Doppelganger","floor":25,"key":"SMITH"},{"data":"Envenom","floor":28,"key":"SMITH"},{"floor":30,"key":"REST"},{"data":"Finisher","floor":32,"key":"SMITH"},{"data":"Cloak And Dagger","floor":40,"key":"SMITH"},{"data":"Accuracy","floor":42,"key":"SMITH"},{"data":"Backflip","floor":46,"key":"SMITH"},{"data":"Blade Dance","floor":49,"key":"SMITH"}],"neow_cost":"TEN_PERCENT_HP_LOSS","seed_source_timestamp":676230377247430,"circlet_count":0,"master_deck":["Defend_G","Defend_G","Defend_G","Strike_G","Strike_G","Survivor","Neutralize","Blade Dance+1","Dagger Spray","Accuracy+1","Accuracy+1","Envenom+1","Endless Agony","Crippling Poison","Blade Dance","Bouncing Flask","Doppelganger+1","Expertise","Finisher+1","Blade Dance+1","Caltrops","Cloak And Dagger+1","Dodge and Roll","Blade Dance","Dash","Adrenaline","Backflip+1","Leg Sweep","Finisher+1","Cloak And Dagger+1","Cloak And Dagger+1","Noxious Fumes+1"],"relics":["Ring of the Snake","Pantograph","Sundial","FossilizedHelix","Busted Crown","Happy Flower","Ornamental Fan","Strawberry","Sozu","PreservedInsect","Pen Nib","Bag of Preparation","Singing Bowl","Red Mask"],"potions_floor_usage":[14,29,50],"damage_taken":[{"damage":0,"enemies":"Cultist","floor":1,"turns":3},{"damage":0,"enemies":"2 Louse","floor":3,"turns":2},{"damage":0,"enemies":"Jaw Worm","floor":4,"turns":4},{"damage":4,"enemies":"Blue Slaver","floor":5,"turns":6},{"damage":20,"enemies":"Gremlin Nob","floor":6,"turns":4},{"damage":18,"enemies":"Exordium Thugs","floor":8,"turns":4},{"damage":3,"enemies":"Lagavulin","floor":11,"turns":6},{"damage":0,"enemies":"Lots of Slimes","floor":14,"turns":1},{"damage":37,"enemies":"The Guardian","floor":16,"turns":10},{"damage":2,"enemies":"3 Byrds","floor":18,"turns":4},{"damage":2,"enemies":"Shell Parasite","floor":19,"turns":6},{"damage":25,"enemies":"Shelled Parasite and Fungi","floor":21,"turns":5},{"damage":0,"enemies":"Sentry and Sphere","floor":22,"turns":3},{"damage":4,"enemies":"Gremlin Leader","floor":23,"turns":4},{"damage":11,"enemies":"Cultist and Chosen","floor":24,"turns":5},{"damage":6,"enemies":"Snake Plant","floor":29,"turns":3},{"damage":15,"enemies":"Slavers","floor":31,"turns":3},{"damage":48,"enemies":"Automaton","floor":33,"turns":7},{"damage":6,"enemies":"3 Darklings","floor":35,"turns":5},{"damage":0,"enemies":"3 Shapes","floor":37,"turns":5},{"damage":0,"enemies":"Maw","floor":38,"turns":6},{"damage":24,"enemies":"Jaw Worm Horde","floor":39,"turns":4},{"damage":6,"enemies":"Nemesis","floor":41,"turns":5},{"damage":4,"enemies":"Reptomancer","floor":44,"turns":4},{"damage":0,"enemies":"Spire Growth","floor":45,"turns":3},{"damage":0,"enemies":"Sphere and 2 Shapes","floor":48,"turns":2},{"damage":44,"enemies":"Awakened One","floor":50,"turns":9}],"seed_played":"826353312721051699","potions_obtained":[{"floor":3,"key":"FairyPotion"},{"floor":4,"key":"SteroidPotion"},{"floor":5,"key":"EssenceOfSteel"},{"floor":13,"key":"Explosive Potion"},{"floor":19,"key":"Ancient Potion"},{"floor":24,"key":"Energy Potion"},{"floor":29,"key":"GamblersBrew"}],"is_trial":false,"path_per_floor":["M","?","M","M","M","E","R","M","T","R","E","?","?","M","R","B",null,"M","M","$","M","M","E","M","R","T","?","R","M","R","E","R","B",null,"M","$","M","M","M","R","E","R","T","E","M","R","?","M","R","B"],"character_chosen":"THE_SILENT","items_purchased":["Finisher","Blade Dance","Caltrops","PreservedInsect","Leg Sweep"],"campfire_rested":2,"item_purchase_floors":[20,20,20,36,36],"current_hp_per_floor":[63,56,56,56,52,32,32,14,14,32,29,18,18,18,18,6,63,61,59,59,34,34,30,19,19,19,40,40,34,52,44,44,21,70,64,64,64,64,40,40,34,34,34,30,32,32,32,34,34,15],"gold":12,"neow_bonus":"TRANSFORM_TWO_CARDS","is_prod":false,"is_daily":false,"chose_seed":false,"campfire_upgraded":9,"win_rate":0,"timestamp":1540124831,"path_taken":["M","?","M","M","M","E","R","M","T","R","E","?","?","M","R","BOSS","M","M","$","M","M","E","M","R","T","?","R","M","R","E","R","BOSS","M","$","M","M","M","R","E","R","T","E","M","R","?","M","R","BOSS"],"build_version":"2018-10-18","purchased_purges":2,"victory":true,"max_hp_per_floor":[63,63,63,63,63,63,63,63,63,63,63,63,63,63,63,63,63,63,63,63,63,63,63,63,63,63,63,63,63,63,70,70,70,70,70,70,70,70,70,70,70,70,70,70,72,72,72,74,74,74],"card_choices":[{"not_picked":["Outmaneuver","Bane","Dagger Throw"],"picked":"SKIP","floor":1},{"not_picked":["Outmaneuver","Finisher"],"picked":"Accuracy","floor":3},{"not_picked":["Poisoned Stab","Flying Knee"],"picked":"Accuracy","floor":4},{"not_picked":["Bane","Deadly Poison"],"picked":"Envenom","floor":5},{"not_picked":["Reflex","Terror"],"picked":"Endless Agony","floor":6},{"not_picked":["Escape Plan","Quick Slash"],"picked":"Crippling Poison","floor":8},{"not_picked":["Dagger Spray","Escape Plan"],"picked":"Blade Dance","floor":11},{"not_picked":["Backflip","Prepared"],"picked":"Bouncing Flask","floor":14},{"not_picked":["Unload","Adrenaline"],"picked":"Doppelganger","floor":16},{"not_picked":["Quick Slash"],"picked":"SKIP","floor":18},{"not_picked":[],"picked":"Expertise","floor":19},{"not_picked":[],"picked":"Cloak And Dagger+1","floor":21},{"not_picked":[],"picked":"Dodge and Roll","floor":22},{"not_picked":[],"picked":"Blade Dance","floor":23},{"not_picked":["Dagger Spray"],"picked":"SKIP","floor":24},{"not_picked":["Bane+1"],"picked":"SKIP","floor":29},{"not_picked":[],"picked":"Dash","floor":31},{"not_picked":[],"picked":"Adrenaline","floor":33},{"not_picked":[],"picked":"Backflip","floor":35},{"not_picked":["Deflect"],"picked":"SKIP","floor":37},{"not_picked":[],"picked":"Finisher+1","floor":38},{"not_picked":[],"picked":"Cloak And Dagger","floor":39},{"not_picked":[],"picked":"Cloak And Dagger+1","floor":41},{"not_picked":[],"picked":"Noxious Fumes+1","floor":44},{"not_picked":["Blade Dance+1"],"picked":"Singing Bowl","floor":45},{"not_picked":["PiercingWail"],"picked":"Singing Bowl","floor":48}],"player_experience":193358,"relics_obtained":[{"floor":6,"key":"Pantograph"},{"floor":9,"key":"Sundial"},{"floor":11,"key":"FossilizedHelix"},{"floor":23,"key":"Happy Flower"},{"floor":26,"key":"Ornamental Fan"},{"floor":31,"key":"Strawberry"},{"floor":41,"key":"Pen Nib"},{"floor":43,"key":"Bag of Preparation"},{"floor":44,"key":"Singing Bowl"}],"event_choices":[{"cards_removed":["Strike_G"],"damage_healed":0,"gold_gain":0,"player_choice":"Card Removal","damage_taken":7,"max_hp_gain":0,"max_hp_loss":0,"event_name":"Golden Wing","floor":2,"gold_loss":0},{"damage_healed":0,"gold_gain":75,"player_choice":"Gather Gold","damage_taken":11,"max_hp_gain":0,"max_hp_loss":0,"event_name":"World of Goop","floor":12,"gold_loss":0},{"damage_healed":0,"gold_gain":0,"player_choice":"Got Potions","damage_taken":0,"max_hp_gain":0,"max_hp_loss":0,"event_name":"The Lab","floor":13,"gold_loss":0},{"damage_healed":21,"gold_gain":0,"player_choice":"Heal","damage_taken":0,"max_hp_gain":0,"max_hp_loss":0,"event_name":"The Library","floor":27,"gold_loss":0},{"damage_healed":0,"gold_gain":0,"player_choice":"Paid","damage_taken":0,"relics_obtained":["Red Mask"],"max_hp_gain":0,"max_hp_loss":0,"event_name":"Tomb of Lord Red Mask","floor":47,"gold_loss":350}],"is_beta":false,"boss_relics":[{"not_picked":["White Beast Statue","Astrolabe"],"picked":"Busted Crown"},{"not_picked":["Tiny House","Orrery"],"picked":"Sozu"}],"items_purged_floors":[20,36],"is_endless":false,"potions_floor_spawned":[3,4,5,8,19,24,29,33,38,39,41,48],"ascension_level":1}