{"path_per_floor":["M","?","M","M","$","R","M","R","T","?","M","R","M","M","R","B",null,"M","?","$","M","M","R","?","M","T","M","R","$","?","?","R"],"character_chosen":"THE_SILENT","items_purchased":["Blur","Footwork","Envenom"],"gold_per_floor":[118,68,78,98,30,30,49,49,73,73,87,87,101,117,117,219,219,232,182,40,60,71,71,71,89,167,182,182,30,30,30,30],"floor_reached":33,"campfire_rested":2,"playtime":2248,"current_hp_per_floor":[70,70,70,70,70,70,67,67,67,67,65,65,63,61,61,36,70,70,70,70,65,55,55,55,33,33,11,32,32,32,32,53],"items_purged":["Defend_G"],"gold":30,"score":251,"play_id":"3680cbfa-5cef-4cdd-8c82-e1aee9ee7093","local_time":"20180315213046","is_prod":false,"is_daily":false,"is_ascension_mode":true,"campfire_upgraded":5,"timestamp":1521149446,"path_taken":["M","?","M","M","$","R","M","R","T","?","M","R","M","M","R","BOSS","M","?","$","M","M","R","?","?","T","M","R","$","?","?","R","BOSS"],"build_version":"2018-03-09","purchased_purges":1,"victory":false,"master_deck":["Defend_G","Defend_G","Defend_G","Defend_G","Strike_G","Strike_G","Strike_G","Strike_G","Survivor","Neutralize","Poisoned Stab+1","Backflip+1","Deadly Poison","Blur+1","Crippling Poison+1","Dagger Throw","Prepared","Corpse Explosion+1","Footwork","Prepared+1","Heel Hook","Bouncing Flask","Envenom"],"max_hp_per_floor":[70,70,70,70,70,70,70,70,70,70,70,70,70,70,70,70,70,70,70,70,70,70,70,70,70,70,70,70,70,70,70,70],"relics":["Ring of the Snake","Pen Nib","Sozu","Mummified Hand"],"card_choices":[{"not_picked":["Prepared","Backflip"],"picked":"Poisoned Stab"},{"not_picked":["Prepared","Calculated Gamble"],"picked":"Backflip"},{"not_picked":["Prepared","Outmaneuver"],"picked":"Deadly Poison"},{"not_picked":["Flying Knee","Deadly Poison"],"picked":"Crippling Poison"},{"not_picked":["Crippling Poison","Skewer"],"picked":"Dagger Throw"},{"not_picked":["Well Laid Plans","Dagger Throw"],"picked":"Prepared"},{"not_picked":["Tactician","A Thousand Cuts"],"picked":"Corpse Explosion"},{"not_picked":["Infinite Blades","Cloak And Dagger"],"picked":"Prepared"},{"not_picked":["Blade Dance","Prepared"],"picked":"Heel Hook"},{"not_picked":["Dash","Malaise"],"picked":"Bouncing Flask"}],"player_experience":153143,"potions_floor_usage":[14,14,16,21],"damage_taken":[{"damage":0,"enemies":"Jaw Worm","floor":1,"turns":5},{"damage":0,"enemies":"2 Louse","floor":3,"turns":3},{"damage":0,"enemies":"Cultist","floor":4,"turns":3},{"damage":3,"enemies":"2 Fungi Beasts","floor":7,"turns":5},{"damage":2,"enemies":"3 Louse","floor":11,"turns":4},{"damage":2,"enemies":"Looter","floor":13,"turns":3},{"damage":2,"enemies":"2 Fungi Beasts","floor":14,"turns":3},{"damage":25,"enemies":"Slime Boss","floor":16,"turns":16},{"damage":0,"enemies":"Shell Parasite","floor":18,"turns":6},{"damage":5,"enemies":"2 Thieves","floor":21,"turns":4},{"damage":10,"enemies":"Snake Plant","floor":22,"turns":5},{"damage":22,"enemies":"Sentry and Sphere","floor":25,"turns":8},{"damage":22,"enemies":"Slaver and Parasite","floor":27,"turns":6},{"damage":58,"enemies":"Champ","floor":33,"turns":11}],"event_choices":[{"event_name":"The Cleric","player_choice":"Card Removal","floor":2,"damage_taken":0},{"event_name":"Liars Game","player_choice":"disagreed","floor":10,"damage_taken":0},{"event_name":"The Joust","player_choice":"Bet on Murderer","floor":19,"damage_taken":0},{"event_name":"Addict","player_choice":"Ignored","floor":24,"damage_taken":0},{"event_name":"Wheel of Change","player_choice":"Curse","floor":30,"damage_taken":0},{"event_name":"Back to Basics","player_choice":"Elegance","floor":31,"damage_taken":0}],"boss_relics":[{"not_picked":["Tiny House","Philosopher\u0027s Stone"],"picked":"Sozu"}],"potions_floor_spawned":[3,4,13,16,25,27],"seed_played":"7250637753394220856","killed_by":"Champ","ascension_level":1,"is_trial":false}