{"gold_per_floor":[212,229,304,50,50,50,50,50,50,85,99,129,129,143,143,217,217,233,248,92,17,17,29,73,96,134,173,199,111,111,123,123,197,197,214,10,10,10],"floor_reached":39,"playtime":3566,"items_purged":["Strike_R","Strike_R","Strike_R"],"score":1075,"play_id":"ef32c104-26b0-42d4-90a1-ae0e4773b0a1","local_time":"20190114160000","is_ascension_mode":true,"campfire_choices":[{"data":"Bash","floor":6,"key":"SMITH"},{"data":"Strike_R","floor":8,"key":"SMITH"},{"data":"Shockwave","floor":13,"key":"SMITH"},{"data":"Rampage","floor":15,"key":"SMITH"},{"data":"Feel No Pain","floor":23,"key":"SMITH"},{"data":"Armaments","floor":30,"key":"SMITH"},{"floor":32,"key":"REST"}],"neow_cost":"NONE","seed_source_timestamp":334482641039302,"circlet_count":0,"master_deck":["AscendersBane","Strike_R+1","Strike_R+1","Defend_R","Defend_R","Defend_R+1","Defend_R+1","Bash+1","Combust+1","Heavy Blade+1","Rampage+1","Shockwave+1","Impervious","Fiend Fire","Rupture","Feel No Pain+1","Disarm","Battle Trance","Shame","Second Wind","Armaments+1","Spot Weakness","True Grit","Reaper","Burning Pact","Feel No Pain"],"relics":["Burning Blood","OrangePellets","Shuriken","War Paint","Bottled Lightning","Snecko Eye","MawBank","Centennial Puzzle","Whetstone","Art of War","Fusion Hammer"],"potions_floor_usage":[12,16,24,31,33,33,38,38],"damage_taken":[{"damage":12,"enemies":"Jaw Worm","floor":1,"turns":3},{"damage":1,"enemies":"Cultist","floor":2,"turns":3},{"damage":35,"enemies":"Lagavulin","floor":10,"turns":5},{"damage":2,"enemies":"Small Slimes","floor":11,"turns":3},{"damage":21,"enemies":"3 Sentries","floor":12,"turns":5},{"damage":4,"enemies":"Looter","floor":14,"turns":3},{"damage":27,"enemies":"Slime Boss","floor":16,"turns":7},{"damage":14,"enemies":"Shell Parasite","floor":18,"turns":4},{"damage":2,"enemies":"2 Thieves","floor":19,"turns":4},{"damage":29,"enemies":"Slavers","floor":24,"turns":6},{"damage":3,"enemies":"Snake Plant","floor":25,"turns":5},{"damage":28,"enemies":"Gremlin Leader","floor":27,"turns":4},{"damage":2,"enemies":"Centurion and Healer","floor":28,"turns":5},{"damage":6,"enemies":"Cultist and Chosen","floor":31,"turns":3},{"damage":37,"enemies":"Collector","floor":33,"turns":14},{"damage":34,"enemies":"3 Darklings","floor":35,"turns":5},{"damage":76,"enemies":"Awakened One","floor":38,"turns":14}],"seed_played":"-1084476895928149618","potions_obtained":[{"floor":10,"key":"SteroidPotion"},{"floor":12,"key":"Explosive Potion"},{"floor":18,"key":"SpeedPotion"},{"floor":28,"key":"PowerPotion"},{"floor":31,"key":"Regen Potion"},{"floor":33,"key":"Fire Potion"},{"floor":35,"key":"PowerPotion"}],"is_trial":false,"path_per_floor":["M","M","?","$","?","R","?","R","T","E","M","E","R","M","R","B",null,"M","M","$","$","?","R","E","M","T","E","M","$","R","M","R","B",null,"M","$","?","B",null],"character_chosen":"IRONCLAD","items_purchased":["OrangePellets","PowerPotion","Disarm","Battle Trance","Feel No Pain"],"campfire_rested":1,"item_purchase_floors":[4,4,20,21,36],"current_hp_per_floor":[62,67,56,56,75,75,75,75,75,46,50,35,35,37,37,16,60,52,56,56,56,56,56,33,36,36,14,18,18,18,18,40,24,62,52,52,52,18],"gold":10,"neow_bonus":"HUNDRED_GOLD","is_prod":false,"is_daily":false,"chose_seed":false,"campfire_upgraded":6,"win_rate":0,"timestamp":1547478000,"path_taken":["M","M","?","$","?","R","?","R","T","E","M","E","R","M","R","BOSS","M","?","?","$","?","R","E","M","T","E","M","$","R","M","R","BOSS","M","$","?","BOSS"],"build_version":"2019-01-10","purchased_purges":3,"victory":true,"max_hp_per_floor":[75,75,75,75,75,75,75,75,75,75,75,75,75,75,75,75,75,75,75,75,75,75,75,75,75,75,75,75,75,75,75,75,75,75,75,75,75,75],"card_choices":[{"not_picked":["Thunderclap","Anger","Shockwave"],"picked":"SKIP","floor":1},{"not_picked":["Flame Barrier","Perfected Strike"],"picked":"Combust","floor":2},{"not_picked":["Intimidate","Wild Strike"],"picked":"Heavy Blade","floor":10},{"not_picked":["Thunderclap","Clothesline"],"picked":"Rampage","floor":11},{"not_picked":["Clash","Ghostly Armor"],"picked":"Shockwave","floor":12},{"not_picked":["Heavy Blade","Power Through"],"picked":"Impervious","floor":14},{"not_picked":["Exhume","Impervious"],"picked":"Fiend Fire","floor":16},{"not_picked":["Warcry","Uppercut+1"],"picked":"Rupture","floor":18},{"not_picked":["Sword Boomerang","Havoc"],"picked":"Feel No Pain","floor":19},{"not_picked":["Heavy Blade","Battle Trance"],"picked":"Second Wind","floor":24},{"not_picked":["Intimidate","Combust"],"picked":"Armaments","floor":25},{"not_picked":["Havoc","Seeing Red","Power Through"],"picked":"SKIP","floor":27},{"not_picked":["Body Slam","Infernal Blade"],"picked":"Spot Weakness","floor":28},{"not_picked":["Iron Wave","Pommel Strike"],"picked":"True Grit","floor":31},{"not_picked":["Double Tap","Exhume"],"picked":"Reaper","floor":33},{"not_picked":["Rupture","Pommel Strike"],"picked":"Burning Pact","floor":35}],"player_experience":864077,"relics_obtained":[{"floor":9,"key":"Shuriken"},{"floor":10,"key":"War Paint"},{"floor":12,"key":"Bottled Lightning"},{"floor":24,"key":"Centennial Puzzle"},{"floor":26,"key":"Whetstone"},{"floor":27,"key":"Art of War"}],"event_choices":[{"damage_healed":0,"gold_gain":75,"player_choice":"Gather Gold","damage_taken":11,"max_hp_gain":0,"max_hp_loss":0,"event_name":"World of Goop","floor":3,"gold_loss":0},{"damage_healed":25,"gold_gain":0,"player_choice":"Banana","damage_taken":0,"max_hp_gain":0,"max_hp_loss":0,"event_name":"Big Fish","floor":5,"gold_loss":0},{"damage_healed":0,"gold_gain":0,"player_choice":"Upgraded","damage_taken":0,"max_hp_gain":0,"max_hp_loss":0,"event_name":"Upgrade Shrine","floor":7,"gold_loss":0,"cards_upgraded":["Combust"]},{"damage_healed":0,"gold_gain":0,"player_choice":"Stole Relic","damage_taken":0,"relics_obtained":["MawBank"],"max_hp_gain":0,"max_hp_loss":0,"event_name":"Addict","floor":22,"gold_loss":0,"cards_obtained":["Shame"]},{"damage_healed":0,"gold_gain":0,"player_choice":"Took Portal","damage_taken":0,"max_hp_gain":0,"max_hp_loss":0,"event_name":"SecretPortal","floor":37,"gold_loss":0}],"is_beta":false,"boss_relics":[{"not_picked":["Tiny House","White Beast Statue"],"picked":"Snecko Eye"},{"not_picked":["Pandora\u0027s Box","Orrery"],"picked":"Fusion Hammer"}],"items_purged_floors":[20,29,36],"is_endless":false,"potions_floor_spawned":[10,11,12,18,28,31,33,35],"ascension_level":15}