{"gold_per_floor":[119,119,137,155,155,155,193,193,193,208,208,208,208,249,249,345,345,363,15,29,29,29],"floor_reached":22,"playtime":1088,"items_purged":["Strike_R"],"score":365,"play_id":"fc693b39-c177-4aca-a88c-97985778b818","local_time":"20190126001236","is_ascension_mode":true,"campfire_choices":[{"data":"Uppercut","floor":6.0,"key":"SMITH"},{"floor":8.0,"key":"REST"},{"data":"Clothesline","floor":13.0,"key":"SMITH"},{"data":"Juggernaut","floor":15.0,"key":"SMITH"}],"neow_cost":"TEN_PERCENT_HP_LOSS","seed_source_timestamp":295421434373164,"circlet_count":0,"master_deck":["AscendersBane","Strike_R","Strike_R","Strike_R","Strike_R","Defend_R","Defend_R","Defend_R","Defend_R","Bash+1","Juggernaut+1","Clothesline+1","Anger","Uppercut+1","Havoc","Flame Barrier","Fiend Fire","Dark Embrace","Shrug It Off","Inflame"],"special_seed":0,"relics":["Burning Blood","Bloody Idol","Charon\u0027s Ashes","StoneCalendar","Bag of Marbles","Singing Bowl","Orrery","Question Card"],"potions_floor_usage":[20],"damage_taken":[{"damage":2.0,"enemies":"Cultist","floor":1.0,"turns":4.0},{"damage":9.0,"enemies":"Small Slimes","floor":3.0,"turns":4.0},{"damage":7.0,"enemies":"Jaw Worm","floor":4.0,"turns":3.0},{"damage":50.0,"enemies":"Gremlin Nob","floor":7.0,"turns":5.0},{"damage":7.0,"enemies":"2 Fungi Beasts","floor":10.0,"turns":3.0},{"damage":13.0,"enemies":"Lagavulin","floor":14.0,"turns":7.0},{"damage":18.0,"enemies":"The Guardian","floor":16.0,"turns":9.0},{"damage":31.0,"enemies":"3 Byrds","floor":18.0,"turns":7.0},{"damage":22,"enemies":"Shell Parasite","floor":20,"turns":7},{"damage":29,"enemies":"Snecko","floor":22,"turns":5}],"seed_played":"3427875987725949181","potions_obtained":[{"floor":3.0,"key":"BloodPotion"},{"floor":10.0,"key":"SpeedPotion"},{"floor":14.0,"key":"EssenceOfSteel"},{"floor":18.0,"key":"Explosive Potion"}],"is_trial":false,"path_per_floor":["M","?","M","M","?","R","E","R","T","M","T","?","R","E","R","B",null,"M","$","M","?","M"],"character_chosen":"IRONCLAD","items_purchased":["Question Card"],"campfire_rested":1,"item_purchase_floors":[19],"current_hp_per_floor":[68,68,65,64,62,62,24,42,42,41,41,41,41,34,34,22,58,35,35,21,21,0],"gold":29,"neow_bonus":"THREE_RARE_CARDS","is_prod":false,"is_daily":false,"chose_seed":false,"campfire_upgraded":3,"win_rate":0,"timestamp":1548457956,"path_taken":["M","?","M","M","?","R","E","R","T","M","?","?","R","E","R","BOSS","M","$","M","?","M"],"build_version":"2019-01-23","purchased_purges":1,"victory":false,"max_hp_per_floor":[68,68,68,68,62,62,62,62,62,62,62,62,62,62,62,62,68,70,70,72,72,72],"card_choices":[{"not_picked":["Barricade","Dark Embrace"],"picked":"Juggernaut","floor":0.0},{"not_picked":["Pommel Strike","Headbutt"],"picked":"Clothesline","floor":1.0},{"not_picked":["Body Slam","True Grit"],"picked":"Anger","floor":3.0},{"not_picked":["Sword Boomerang","Pommel Strike"],"picked":"Uppercut","floor":4.0},{"not_picked":["Anger","Juggernaut"],"picked":"Havoc","floor":7.0},{"not_picked":["Pommel Strike","Flex"],"picked":"Flame Barrier","floor":10.0},{"not_picked":["Havoc","True Grit"],"picked":"Fiend Fire","floor":14.0},{"not_picked":["Limit Break","Fiend Fire"],"picked":"Dark Embrace","floor":16.0},{"not_picked":["Thunderclap","True Grit"],"picked":"Shrug It Off","floor":17.0},{"not_picked":["Body Slam","Clothesline","Anger"],"picked":"Singing Bowl","floor":17.0},{"not_picked":["Fiend Fire","Cleave"],"picked":"Inflame","floor":17.0},{"not_picked":["Cleave","Warcry","Havoc"],"picked":"Singing Bowl","floor":17.0},{"not_picked":["Evolve","Sword Boomerang","Havoc"],"picked":"Singing Bowl","floor":17.0},{"not_picked":["Ghostly Armor","Rupture","Sword Boomerang"],"picked":"Singing Bowl","floor":18.0},{"not_picked":["Armaments","Clash","Hemokinesis","Uppercut"],"picked":"Singing Bowl","floor":20}],"player_experience":1007183,"relics_obtained":[{"floor":7.0,"key":"Charon\u0027s Ashes"},{"floor":9.0,"key":"StoneCalendar"},{"floor":11.0,"key":"Bag of Marbles"},{"floor":14.0,"key":"Singing Bowl"}],"event_choices":[{"damage_healed":0.0,"max_hp_gain":0.0,"max_hp_loss":0.0,"gold_gain":0.0,"event_name":"Living Wall","player_choice":"Grow","floor":2.0,"gold_loss":0.0,"damage_taken":0.0,"cards_upgraded":["Bash"]},{"damage_healed":0.0,"max_hp_gain":0.0,"max_hp_loss":6.0,"gold_gain":0.0,"event_name":"Golden Idol","player_choice":"Lose Max HP","floor":5.0,"gold_loss":0.0,"damage_taken":0.0,"relics_obtained":["Golden Idol"]},{"damage_healed":0.0,"max_hp_gain":0.0,"max_hp_loss":0.0,"gold_gain":0.0,"event_name":"Liars Game","player_choice":"Ignored","floor":12.0,"gold_loss":0.0,"damage_taken":0.0},{"damage_healed":0,"gold_gain":0,"player_choice":"Gave Idol","damage_taken":0,"relics_obtained":["Bloody Idol"],"max_hp_gain":0,"max_hp_loss":0,"event_name":"Forgotten Altar","floor":21,"relics_lost":["Golden Idol"],"gold_loss":0}],"is_beta":false,"boss_relics":[{"not_picked":["Coffee Dripper","Philosopher\u0027s Stone"],"picked":"Orrery"}],"items_purged_floors":[19],"is_endless":false,"potions_floor_spawned":[3,10,14,18],"killed_by":"Snecko","ascension_level":18}