{"gold_per_floor":[114,133,58,78,94,127,127,156,156,167,167,10,10,25,25,121,121,132,96,96,116,133,464,464,480,480,480,504,515,515,475,475,571,571,582,27,127,143,143,143],"floor_reached":40,"playtime":6722,"items_purged":["Strike_G","Strike_G+1"],"score":478,"play_id":"b7ccf01e-b66e-4b0d-8075-fae9b065e72a","local_time":"20190116000552","is_ascension_mode":true,"campfire_choices":[{"data":"Eviscerate","floor":7,"key":"SMITH"},{"data":"Predator","floor":15,"key":"SMITH"},{"data":"Strike_G","floor":24,"key":"SMITH"},{"data":"Underhanded Strike","floor":27,"key":"SMITH"},{"floor":32,"key":"REST"}],"neow_cost":"NONE","seed_source_timestamp":96336979890303,"circlet_count":0,"master_deck":["Defend_G","Defend_G","Defend_G","Defend_G","Defend_G","Strike_G+1","Survivor","Neutralize+1","Leg Sweep+1","Predator+1","Eviscerate+1","Underhanded Strike","Doppelganger","Dash","Underhanded Strike+1","Well Laid Plans+1","Underhanded Strike","Tactician","Calculated Gamble+1","Malaise","Noxious Fumes+1","Choke","Leg Sweep"],"relics":["Snecko Eye","Meat on the Bone","Smiling Mask","Question Card","Whetstone","HoveringKite","Old Coin","The Courier","Happy Flower","Empty Cage","Unceasing Top","Bottled Flame","Dead Branch"],"potions_floor_usage":[8,23,40],"damage_taken":[{"damage":0,"enemies":"Jaw Worm","floor":1,"turns":4},{"damage":1,"enemies":"Cultist","floor":2,"turns":4},{"damage":3,"enemies":"2 Louse","floor":4,"turns":5},{"damage":0,"enemies":"Blue Slaver","floor":5,"turns":4},{"damage":2,"enemies":"Lagavulin","floor":6,"turns":6},{"damage":8,"enemies":"3 Sentries","floor":8,"turns":10},{"damage":0,"enemies":"Large Slime","floor":10,"turns":5},{"damage":0,"enemies":"3 Louse","floor":14,"turns":2},{"damage":7,"enemies":"Slime Boss","floor":16,"turns":5},{"damage":7,"enemies":"Chosen","floor":18,"turns":4},{"damage":2,"enemies":"Shell Parasite","floor":21,"turns":6},{"damage":4,"enemies":"Centurion and Healer","floor":22,"turns":5},{"damage":24,"enemies":"Slavers","floor":23,"turns":6},{"damage":10,"enemies":"Shelled Parasite and Fungi","floor":25,"turns":4},{"damage":10,"enemies":"Cultist and Chosen","floor":29,"turns":5},{"damage":27,"enemies":"Automaton","floor":33,"turns":11},{"damage":5,"enemies":"Orb Walker","floor":35,"turns":3},{"damage":4,"enemies":"Mind Bloom Boss Battle","floor":37,"turns":6},{"damage":17,"enemies":"3 Shapes","floor":38,"turns":4},{"damage":51,"enemies":"Reptomancer","floor":40,"turns":3}],"seed_played":"2390137177709363768","potions_obtained":[{"floor":4,"key":"LiquidBronze"},{"floor":6,"key":"Dexterity Potion"},{"floor":16,"key":"AttackPotion"},{"floor":18,"key":"Dexterity Potion"},{"floor":25,"key":"GamblersBrew"}],"is_trial":false,"path_per_floor":["M","M","$","M","M","E","R","E","T","M","?","$","?","M","R","B",null,"M","$","?","M","M","E","R","M","T","R","T","M","?","?","R","B",null,"M","$","?","M","?","E"],"character_chosen":"THE_SILENT","items_purchased":["Whetstone","Dash","Unceasing Top","Choke","Bottled Flame"],"campfire_rested":1,"item_purchase_floors":[12,19,36,36,36],"current_hp_per_floor":[70,69,69,66,66,64,64,56,56,56,56,56,56,56,56,49,70,63,63,63,61,57,45,45,47,47,47,47,37,37,37,58,43,70,65,65,61,44,44,0],"gold":143,"neow_bonus":"BOSS_RELIC","is_prod":false,"is_daily":false,"chose_seed":false,"campfire_upgraded":4,"win_rate":0,"timestamp":1547618752,"path_taken":["M","M","$","M","M","E","R","E","T","M","?","?","?","M","R","BOSS","M","?","?","M","M","E","R","M","T","R","?","M","?","?","R","BOSS","M","$","?","M","?","E"],"build_version":"2019-01-10","purchased_purges":2,"victory":false,"max_hp_per_floor":[70,70,70,70,70,70,70,70,70,70,70,70,70,70,70,70,70,70,70,70,70,70,70,70,70,70,70,70,70,70,70,70,70,70,70,70,70,70,66,66],"card_choices":[{"not_picked":["Blade Dance","Well Laid Plans"],"picked":"Dagger Spray","floor":1},{"not_picked":["Prepared","Outmaneuver"],"picked":"Leg Sweep","floor":2},{"not_picked":["PiercingWail","Bane"],"picked":"Predator","floor":4},{"not_picked":["Cloak And Dagger","Dagger Spray"],"picked":"Eviscerate","floor":5},{"not_picked":["Deflect","Outmaneuver","Catalyst"],"picked":"SKIP","floor":6},{"not_picked":["Blade Dance","Deadly Poison","Backflip"],"picked":"SKIP","floor":8},{"not_picked":["Dodge and Roll","Flechettes","Noxious Fumes","Deadly Poison"],"picked":"SKIP","floor":10},{"not_picked":["Blade Dance","PiercingWail","Quick Slash"],"picked":"Underhanded Strike","floor":14},{"not_picked":["Venomology","Envenom","Grand Finale"],"picked":"Doppelganger","floor":16},{"not_picked":["Expertise","Deadly Poison","Backflip","Outmaneuver"],"picked":"SKIP","floor":18},{"not_picked":["Concentrate","Backflip","Blur"],"picked":"Underhanded Strike","floor":21},{"not_picked":["Dagger Throw+1","Flechettes","Quick Slash+1"],"picked":"Well Laid Plans+1","floor":22},{"not_picked":["Dagger Spray","Expertise","Poisoned Stab"],"picked":"Underhanded Strike","floor":23},{"not_picked":["Blade Dance","Bane","Flying Knee"],"picked":"Tactician","floor":25},{"not_picked":["Quick Slash+1","Underhanded Strike","Poisoned Stab"],"picked":"Calculated Gamble+1","floor":29},{"not_picked":["Envenom","Wraith Form v2","Storm of Steel"],"picked":"Malaise","floor":33},{"not_picked":["Deadly Poison","Outmaneuver+1","Flechettes"],"picked":"Noxious Fumes+1","floor":35},{"not_picked":["Deflect","PiercingWail+1","Backflip+1"],"picked":"Leg Sweep","floor":37},{"not_picked":["Cloak And Dagger","Calculated Gamble+1","Backstab+1","Endless Agony+1"],"picked":"SKIP","floor":38}],"player_experience":354512,"relics_obtained":[{"floor":6,"key":"Meat on the Bone"},{"floor":8,"key":"Smiling Mask"},{"floor":9,"key":"Question Card"},{"floor":23,"key":"Old Coin"},{"floor":26,"key":"The Courier"},{"floor":28,"key":"Happy Flower"},{"floor":37,"key":"Dead Branch"}],"event_choices":[{"damage_healed":0,"gold_gain":0,"player_choice":"Upgraded","damage_taken":0,"max_hp_gain":0,"max_hp_loss":0,"event_name":"Upgrade Shrine","floor":11,"gold_loss":0,"cards_upgraded":["Leg Sweep"]},{"damage_healed":0,"gold_gain":0,"player_choice":"0 cards matched","damage_taken":0,"max_hp_gain":0,"max_hp_loss":0,"event_name":"Match and Keep!","floor":13,"gold_loss":0,"cards_obtained":[]},{"damage_healed":0,"gold_gain":0,"player_choice":"Ignored","damage_taken":0,"max_hp_gain":0,"max_hp_loss":0,"event_name":"Ghosts","floor":20,"gold_loss":0},{"cards_removed":["Strike_G"],"damage_healed":0,"gold_gain":0,"player_choice":"Elegance","damage_taken":0,"max_hp_gain":0,"max_hp_loss":0,"event_name":"Back to Basics","floor":30,"gold_loss":0},{"damage_healed":0,"gold_gain":0,"player_choice":"Bought 3 Potions","damage_taken":0,"max_hp_gain":0,"max_hp_loss":0,"event_name":"The Woman in Blue","floor":31,"gold_loss":0},{"damage_healed":0,"gold_gain":0,"player_choice":"Fight","damage_taken":0,"max_hp_gain":0,"max_hp_loss":0,"event_name":"MindBloom","floor":37,"gold_loss":0},{"damage_healed":0,"gold_gain":0,"player_choice":"Max HP","damage_taken":0,"max_hp_gain":0,"max_hp_loss":4,"event_name":"Winding Halls","floor":39,"gold_loss":0}],"is_beta":false,"boss_relics":[{"not_picked":["Coffee Dripper","Calling Bell"],"picked":"HoveringKite"},{"not_picked":["Busted Crown","Runic Pyramid"],"picked":"Empty Cage"}],"items_purged_floors":[3,36],"is_endless":false,"potions_floor_spawned":[4,6,16,18,25,37,38],"killed_by":"Reptomancer","ascension_level":3}