{"gold_per_floor":[114,39,50,63,63,63,96,113,138,138,138,138,213,225,225,296,296,316,330,330],"floor_reached":20,"playtime":1198,"items_purged":[],"score":331,"play_id":"f992c645-54f0-4b91-ae65-4a351fcf920c","local_time":"20190125143134","is_ascension_mode":true,"campfire_choices":[{"data":"Bash","floor":6.0,"key":"SMITH"},{"data":"Combust","floor":10.0,"key":"SMITH"},{"data":"Clothesline","floor":12.0,"key":"SMITH"},{"data":"Shrug It Off","floor":15.0,"key":"SMITH"}],"neow_cost":"NONE","seed_source_timestamp":260478646804735,"circlet_count":0,"master_deck":["AscendersBane","Strike_R","Strike_R","Strike_R+1","Strike_R","Defend_R","Defend_R","Defend_R","Defend_R","Bash+1","Twin Strike+1","Clothesline+1","Combust+1","Impervious","Shrug It Off+1","Brutality"],"special_seed":0,"relics":["Burning Blood","Bronze Scales","Oddly Smooth Stone","Pear","Runic Cube"],"potions_floor_usage":[],"damage_taken":[{"damage":23.0,"enemies":"Small Slimes","floor":1.0,"turns":6.0},{"damage":0.0,"enemies":"2 Louse","floor":3.0,"turns":3.0},{"damage":4.0,"enemies":"Jaw Worm","floor":4.0,"turns":5.0},{"damage":14.0,"enemies":"Lagavulin","floor":7.0,"turns":5.0},{"damage":2.0,"enemies":"Red Slaver","floor":8.0,"turns":3.0},{"damage":12.0,"enemies":"Exordium Thugs","floor":14.0,"turns":4.0},{"damage":33.0,"enemies":"Hexaghost","floor":16.0,"turns":10.0},{"damage":34.0,"enemies":"Shell Parasite","floor":18.0,"turns":7.0},{"damage":24.0,"enemies":"Spheric Guardian","floor":19.0,"turns":5.0},{"damage":33,"enemies":"Cultist and Chosen","floor":20,"turns":5}],"seed_played":"2075229329190536876","potions_obtained":[{"floor":3.0,"key":"Weak Potion"},{"floor":4.0,"key":"Energy Potion"},{"floor":7.0,"key":"LiquidBronze"},{"floor":8.0,"key":"Block Potion"},{"floor":19.0,"key":"Strength Potion"}],"is_trial":false,"path_per_floor":["?","?","?","T"],"character_chosen":"IRONCLAD","items_purchased":[],"campfire_rested":0,"item_purchase_floors":[],"current_hp_per_floor":[58,58,64,66,41,41,33,37,37,37,64,64,74,68,68,41,79,51,33,0],"gold":330,"neow_bonus":"TEN_PERCENT_HP_BONUS","is_prod":false,"is_daily":false,"chose_seed":false,"campfire_upgraded":4,"win_rate":0,"timestamp":1548423094,"path_taken":["M","?","M","M","?","R","E","M","T","R","?","R","?","M","R","BOSS","M","M","M"],"build_version":"2019-01-23","purchased_purges":0,"victory":false,"max_hp_per_floor":[82,82,82,82,82,82,82,82,82,82,82,82,92,92,92,92,92,92,92,92],"card_choices":[{"not_picked":["Warcry","Blood for Blood"],"picked":"Twin Strike","floor":1.0},{"not_picked":["Burning Pact","Wild Strike"],"picked":"Clothesline","floor":3.0},{"not_picked":["Dual Wield","Intimidate"],"picked":"Combust","floor":4.0},{"not_picked":["Thunderclap","Entrench"],"picked":"Impervious","floor":7.0},{"not_picked":["Cleave","Blood for Blood","Havoc"],"picked":"SKIP","floor":8.0},{"not_picked":["Sever Soul","Pommel Strike"],"picked":"Shrug It Off","floor":14.0},{"not_picked":["Dark Embrace","Fiend Fire"],"picked":"Brutality","floor":16.0},{"not_picked":["Armaments","Havoc","Cleave"],"picked":"SKIP","floor":18.0},{"not_picked":["Flex","Wild Strike","Warcry"],"picked":"SKIP","floor":19.0}],"player_experience":995100,"relics_obtained":[{"floor":7.0,"key":"Bronze Scales"},{"floor":9.0,"key":"Oddly Smooth Stone"},{"floor":13.0,"key":"Pear"}],"event_choices":[{"cards_removed":["Strike_R"],"damage_healed":0.0,"max_hp_gain":0.0,"max_hp_loss":0.0,"gold_gain":0.0,"event_name":"The Cleric","player_choice":"Card Removal","floor":2.0,"gold_loss":75.0,"damage_taken":0.0},{"damage_healed":0.0,"max_hp_gain":0.0,"max_hp_loss":0.0,"gold_gain":0.0,"event_name":"Shining Light","player_choice":"Entered Light","floor":5.0,"gold_loss":0.0,"damage_taken":25.0,"cards_upgraded":["Strike_R","Twin Strike"]},{"damage_healed":27.0,"max_hp_gain":0.0,"max_hp_loss":0.0,"gold_gain":0.0,"event_name":"Big Fish","player_choice":"Banana","floor":11.0,"gold_loss":0.0,"damage_taken":0.0}],"is_beta":false,"boss_relics":[{"not_picked":["Black Blood","Calling Bell"],"picked":"Runic Cube"}],"items_purged_floors":[],"is_endless":false,"potions_floor_spawned":[3,4,7,8,19],"killed_by":"Cultist and Chosen","ascension_level":18}