{"gold_per_floor":[11,11,86,86,105,131,131,22,45,45,63,79,4,30,30,132,132,147,162,175,175,175,175],"floor_reached":23,"playtime":1887,"items_purged":["Strike_G"],"score":269,"play_id":"4597aa62-bdbb-4d3c-ace0-d6b61fa39f45","local_time":"20190116120112","is_ascension_mode":true,"campfire_choices":[{"floor":10,"key":"REST"},{"data":"Skewer","floor":15,"key":"SMITH"}],"neow_cost":"NO_GOLD","seed_source_timestamp":4070893734436,"circlet_count":0,"master_deck":["Defend_G","Defend_G","Defend_G","Defend_G","Defend_G","Strike_G","Strike_G","Strike_G","Survivor","Neutralize","All Out Attack","Concentrate","Skewer+1","Well Laid Plans","Calculated Gamble","Concentrate","Skewer","Sucker Punch","Cloak And Dagger","Venomology","Backflip","Infinite Blades+1","Quick Slash+1","PiercingWail"],"relics":["Ring of the Snake","Ice Cream","Prayer Wheel","Pantograph","Bronze Scales","Orichalcum","Fusion Hammer","Nilry\u0027s Codex"],"potions_floor_usage":[6,12,12,12,14,14,16,20,21,21,21,23],"damage_taken":[{"damage":0,"enemies":"2 Louse","floor":1,"turns":3},{"damage":1,"enemies":"Cultist","floor":5,"turns":3},{"damage":41,"enemies":"Lagavulin","floor":6,"turns":12},{"damage":0,"enemies":"Jaw Worm","floor":11,"turns":3},{"damage":6,"enemies":"Lots of Slimes","floor":12,"turns":3},{"damage":6,"enemies":"3 Sentries","floor":14,"turns":6},{"damage":5,"enemies":"Slime Boss","floor":16,"turns":6},{"damage":5,"enemies":"Shell Parasite","floor":18,"turns":5},{"damage":10,"enemies":"3 Byrds","floor":19,"turns":5},{"damage":12,"enemies":"Centurion and Healer","floor":20,"turns":6},{"damage":12,"enemies":"Colosseum Slavers","floor":21,"turns":3},{"damage":7,"enemies":"Slavers","floor":23,"turns":2}],"seed_played":"-3964205502424891011","potions_obtained":[{"floor":1,"key":"Weak Potion"},{"floor":7,"key":"SpeedPotion"},{"floor":7,"key":"EntropicBrew"},{"floor":7,"key":"SmokeBomb"},{"floor":11,"key":"SkillPotion"},{"floor":14,"key":"PowerPotion"},{"floor":19,"key":"Strength Potion"},{"floor":20,"key":"Poison Potion"}],"is_trial":false,"path_per_floor":["M","?","?","?","M","E","?","$","T","R","M","M","$","E","R","B",null,"M","M","M","?","?","E"],"character_chosen":"THE_SILENT","items_purchased":["Well Laid Plans","Calculated Gamble"],"campfire_rested":1,"item_purchase_floors":[8,8],"current_hp_per_floor":[63,56,45,45,44,3,3,3,3,24,24,18,18,12,12,32,61,56,46,34,22,6,0],"gold":175,"neow_bonus":"ONE_RARE_RELIC","is_prod":false,"is_daily":false,"chose_seed":false,"campfire_upgraded":1,"win_rate":0,"timestamp":1547661672,"path_taken":["M","?","?","?","?","E","?","$","T","R","M","?","?","E","R","BOSS","M","?","M","?","?","E"],"build_version":"2019-01-10","purchased_purges":1,"victory":false,"max_hp_per_floor":[70,70,70,70,70,70,70,70,70,70,70,70,70,70,70,70,70,70,70,70,70,70,70],"card_choices":[{"not_picked":["Prepared","Poisoned Stab"],"picked":"All Out Attack","floor":1},{"not_picked":["Masterful Stab","Acrobatics"],"picked":"Concentrate","floor":5},{"not_picked":["Blade Dance","Bane","Outmaneuver"],"picked":"SKIP","floor":5},{"not_picked":["Underhanded Strike","Reflex"],"picked":"Skewer","floor":6},{"not_picked":["Outmaneuver","PiercingWail"],"picked":"Concentrate","floor":11},{"not_picked":["Grand Finale","Slice"],"picked":"Skewer","floor":11},{"not_picked":["Dagger Spray","Terror"],"picked":"Sucker Punch","floor":12},{"not_picked":["Bane","Concentrate","Underhanded Strike"],"picked":"SKIP","floor":12},{"not_picked":["Backstab","Distraction"],"picked":"Cloak And Dagger","floor":14},{"not_picked":["Doppelganger","Night Terror"],"picked":"Venomology","floor":16},{"not_picked":["Bane","Acrobatics+1"],"picked":"Backflip","floor":18},{"not_picked":["Cloak And Dagger","Dagger Spray"],"picked":"Infinite Blades+1","floor":18},{"not_picked":["Underhanded Strike+1","Dagger Throw"],"picked":"Quick Slash+1","floor":19},{"not_picked":["Dagger Spray+1","Prepared","Deadly Poison"],"picked":"SKIP","floor":19},{"not_picked":["Heel Hook","Concentrate"],"picked":"PiercingWail","floor":20},{"not_picked":["Flying Knee","Bouncing Flask","Slice"],"picked":"SKIP","floor":20}],"player_experience":202423,"relics_obtained":[{"floor":4,"key":"Prayer Wheel"},{"floor":6,"key":"Pantograph"},{"floor":9,"key":"Bronze Scales"},{"floor":14,"key":"Orichalcum"},{"floor":22,"key":"Nilry\u0027s Codex"}],"event_choices":[{"cards_removed":["Strike_G"],"damage_healed":0,"gold_gain":0,"player_choice":"Card Removal","damage_taken":7,"max_hp_gain":0,"max_hp_loss":0,"event_name":"Golden Wing","floor":2,"gold_loss":0},{"damage_healed":0,"gold_gain":75,"player_choice":"Gather Gold","damage_taken":11,"max_hp_gain":0,"max_hp_loss":0,"event_name":"World of Goop","floor":3,"gold_loss":0},{"damage_healed":0,"gold_gain":0,"player_choice":"Relic","damage_taken":0,"max_hp_gain":0,"max_hp_loss":0,"event_name":"Wheel of Change","floor":4,"gold_loss":0},{"damage_healed":0,"gold_gain":0,"player_choice":"Got Potions","damage_taken":0,"max_hp_gain":0,"max_hp_loss":0,"event_name":"Lab","floor":7,"gold_loss":0},{"damage_healed":0,"gold_gain":0,"player_choice":"Fight","damage_taken":0,"max_hp_gain":0,"max_hp_loss":0,"event_name":"Colosseum","floor":21,"gold_loss":0},{"damage_healed":0,"gold_gain":0,"player_choice":"Fled From Nobs","damage_taken":0,"max_hp_gain":0,"max_hp_loss":0,"event_name":"Colosseum","floor":21,"gold_loss":0},{"damage_healed":0,"gold_gain":0,"player_choice":"Obtained Book","damage_taken":16,"max_hp_gain":0,"max_hp_loss":0,"event_name":"Cursed Tome","floor":22,"gold_loss":0}],"is_beta":false,"boss_relics":[{"not_picked":["Eternal Feather","Sozu"],"picked":"Fusion Hammer"}],"items_purged_floors":[13],"is_endless":false,"potions_floor_spawned":[1,11,14,19,20],"killed_by":"Slavers","ascension_level":7}