{"gold_per_floor":[119,119,136,211,229,229,293,319,343,375,375,387,387,11,11,111,141,153,153,153,9,9,9,9,9,34,34,34,34,49,66,66,162,162,176,426,426,426,426,426,436,436,436,436,76,127,127,146,146,146],"floor_reached":51,"playtime":3397,"items_purged":["Strike_B","Regret"],"score":664,"play_id":"f60e03aa-fe76-48a3-9623-43127af4c32c","local_time":"20180703115035","is_ascension_mode":true,"campfire_choices":[{"floor":6,"key":"REST"},{"floor":11,"key":"REST"},{"floor":15,"key":"REST"},{"data":"Loop","floor":23,"key":"SMITH"},{"data":"Streamline","floor":25,"key":"SMITH"},{"data":"Defragment","floor":32,"key":"SMITH"},{"data":"Barrage","floor":40,"key":"SMITH"},{"floor":42,"key":"REST"},{"data":"Madness","floor":44,"key":"SMITH"},{"data":"Madness","floor":47,"key":"SMITH"},{"data":"Multi-Cast","floor":49,"key":"SMITH"}],"neow_cost":"NONE","seed_source_timestamp":3456247773753,"circlet_count":0,"master_deck":["Strike_B+1","Defend_B","Defend_B","Defend_B+1","Defend_B+1","Zap","Dualcast","Machine Learning+1","Cold Snap","Melter","Doom and Gloom","Static Discharge","Redo","Loop+1","Multi-Cast+1","Barrage+1","Chill+1","Defragment+1","Conserve Battery","Ball Lightning","Force Field","White Noise+1","Defragment+1","Madness+1","Madness+1","Barrage+1","Tempest+1"],"relics":["Cracked Core","Singing Bowl","Juzu Bracelet","War Paint","Oddly Smooth Stone","Mummified Hand","Tiny House","Bag of Marbles","Vajra","Inserter","Incense Burner","Bottled Flame","Ice Cream"],"potions_floor_usage":[5,7,16,41,46,50,50,50],"damage_taken":[{"damage":1,"enemies":"Jaw Worm","floor":1,"turns":3},{"damage":0,"enemies":"Cultist","floor":3,"turns":3},{"damage":7,"enemies":"2 Louse","floor":5,"turns":2},{"damage":14,"enemies":"Lagavulin Event","floor":7,"turns":5},{"damage":27,"enemies":"Lagavulin","floor":10,"turns":7},{"damage":11,"enemies":"Looter","floor":12,"turns":3},{"damage":35,"enemies":"Hexaghost","floor":16,"turns":8},{"damage":4,"enemies":"Chosen","floor":18,"turns":5},{"damage":5,"enemies":"2 Thieves","floor":30,"turns":4},{"damage":4,"enemies":"Cultist and Chosen","floor":31,"turns":6},{"damage":22,"enemies":"Automaton","floor":33,"turns":11},{"damage":0,"enemies":"Orb Walker","floor":35,"turns":3},{"damage":7,"enemies":"3 Darklings","floor":41,"turns":5},{"damage":13,"floor":46,"turns":3},{"damage":0,"enemies":"Maw","floor":48,"turns":6},{"damage":56,"enemies":"Donu and Deca","floor":50,"turns":8}],"seed_played":"-2978906469607321740","potions_obtained":[{"floor":1,"key":"FocusPotion"},{"floor":3,"key":"Energy Potion"},{"floor":12,"key":"EssenceOfSteel"},{"floor":17,"key":"Energy Potion"},{"floor":33,"key":"Explosive Potion"},{"floor":35,"key":"Block Potion"},{"floor":41,"key":"Ancient Potion"},{"floor":46,"key":"Energy Potion"}],"is_trial":false,"path_per_floor":["M","?","M","?","M","R","?","T","T","E","R","M","?","$","R","B",null,"M","?","?","$","?","R","?","R","T","?","?","$","M","M","R","B",null,"M","?","?","?","?","R","M","R","T","R","$","?","R","M","R","B"],"character_chosen":"DEFECT","items_purchased":["Redo","Mummified Hand","Loop","Conserve Battery","Ball Lightning","Bottled Flame"],"campfire_rested":4,"item_purchase_floors":[14,14,14,21,21,45],"current_hp_per_floor":[74,74,74,63,56,75,61,61,61,34,56,45,38,38,60,25,80,76,76,76,76,76,76,76,76,76,76,76,76,71,67,67,47,82,82,82,82,72,72,72,65,82,82,82,82,71,71,71,71,15],"gold":146,"neow_bonus":"ONE_RANDOM_RARE_CARD","is_prod":false,"is_daily":false,"chose_seed":false,"campfire_upgraded":7,"win_rate":0,"timestamp":1530615035,"path_taken":["M","?","?","?","M","R","?","?","T","E","R","M","?","?","R","BOSS","M","?","?","$","?","R","?","R","T","?","?","?","M","M","R","BOSS","M","?","?","?","?","R","M","R","T","R","?","?","R","M","R","BOSS"],"build_version":"2018-06-28","purchased_purges":2,"victory":true,"max_hp_per_floor":[75,75,75,75,75,75,75,75,75,75,75,75,75,75,75,75,80,80,80,80,80,80,80,80,80,80,80,80,80,80,80,80,82,82,82,82,82,82,82,82,82,82,82,82,82,84,84,84,84,84],"card_choices":[{"not_picked":["Sunder","FTL"],"picked":"Cold Snap","floor":1},{"not_picked":["Go for the Eyes","Sunder"],"picked":"Streamline","floor":3},{"not_picked":["Undo","Streamline","Stack"],"picked":"SKIP","floor":5},{"not_picked":["Rebound","Heatsinks"],"picked":"Melter","floor":7},{"not_picked":["Sunder","Stack"],"picked":"Doom and Gloom","floor":10},{"not_picked":["Ball Lightning","Stack"],"picked":"Static Discharge","floor":12},{"not_picked":["Biased Cognition","Machine Learning"],"picked":"Multi-Cast","floor":16},{"not_picked":["Streamline","Reinforced Body"],"picked":"Barrage","floor":17},{"not_picked":["Cold Snap+1","Tempest+1"],"picked":"Chill+1","floor":18},{"not_picked":["Barrage","Lockon"],"picked":"Force Field","floor":30},{"not_picked":["Sweeping Beam+1","Beam Cell"],"picked":"White Noise+1","floor":31},{"not_picked":["Meteor Strike","Machine Learning","Reboot"],"picked":"Singing Bowl","floor":33},{"not_picked":["Capacitor+1","Undo+1"],"picked":"Defragment+1","floor":35},{"not_picked":["Streamline+1","Conserve Battery"],"picked":"Barrage+1","floor":41},{"not_picked":["Cold Snap+1","Hello World+1","Lockon"],"picked":"Singing Bowl","floor":46},{"not_picked":["Storm","Gash"],"picked":"Tempest+1","floor":48}],"player_experience":212996,"relics_obtained":[{"floor":7,"key":"Singing Bowl"},{"floor":8,"key":"Juzu Bracelet"},{"floor":9,"key":"War Paint"},{"floor":10,"key":"Oddly Smooth Stone"},{"floor":26,"key":"Bag of Marbles"},{"floor":43,"key":"Incense Burner"},{"floor":46,"key":"Ice Cream"}],"event_choices":[{"event_name":"Upgrade Shrine","player_choice":"Upgraded","floor":2,"damage_taken":0},{"event_name":"World of Goop","player_choice":"Gather Gold","floor":4,"damage_taken":0},{"event_name":"Dead Adventurer","player_choice":"Searched \u00272\u0027 times","floor":7,"damage_taken":0},{"event_name":"Golden Wing","player_choice":"Card Removal","floor":13,"damage_taken":0},{"event_name":"The Library","player_choice":"Read","floor":19,"damage_taken":0},{"event_name":"Vampires","player_choice":"Ignored","floor":20,"damage_taken":0},{"event_name":"Back to Basics","player_choice":"Elegance","floor":22,"damage_taken":0},{"event_name":"Beggar","player_choice":"Ignored","floor":24,"damage_taken":0},{"event_name":"Accursed Blacksmith","player_choice":"Rummage","floor":27,"damage_taken":0},{"event_name":"Drug Dealer","player_choice":"Ignored","floor":28,"damage_taken":0},{"event_name":"Golden Shrine","player_choice":"Desecrate","floor":36,"damage_taken":0},{"event_name":"Tomb of Lord Red Mask","player_choice":"Ignored","floor":37,"damage_taken":0},{"event_name":"Winding Halls","player_choice":"Embrace Madness","floor":38,"damage_taken":0},{"event_name":"Falling","player_choice":"Removed Attack","floor":39,"damage_taken":0},{"event_name":"Mysterious Sphere","player_choice":"Fight","floor":46,"damage_taken":0}],"boss_relics":[{"not_picked":["Fusion Hammer","Philosopher\u0027s Stone"],"picked":"Tiny House"},{"not_picked":["Orrery","White Beast Statue"],"picked":"Inserter"}],"items_purged_floors":[21,45],"is_endless":false,"potions_floor_spawned":[1,3,10,12,33,35,41,46],"ascension_level":1}