{"gold_per_floor":[118,138,88,88,107,107,139,139,139,139,159,159,174,191,191,288,288,307,85,85,85,2,29,29,39,62,62,78,89,89,89,89,193,193,204,224,0,14,88,88,98,111,138,138,138,169,20,33,33,33],"floor_reached":50,"playtime":3544,"items_purged":["Combust"],"score":517,"play_id":"ac9542f7-f7fc-4f24-a532-efea65ecbbf2","local_time":"20190203195945","is_ascension_mode":true,"campfire_choices":[{"floor":6,"key":"RECALL"},{"data":"Searing Blow","floor":8,"key":"SMITH"},{"data":"Searing Blow+2","floor":15,"key":"SMITH"},{"data":"Searing Blow+3","floor":24,"key":"SMITH"},{"data":"Searing Blow+4","floor":27,"key":"SMITH"},{"data":"Searing Blow+5","floor":30,"key":"SMITH"},{"data":"Searing Blow+6","floor":32,"key":"SMITH"},{"data":"Searing Blow+7","floor":40,"key":"SMITH"},{"data":"Searing Blow+8","floor":45,"key":"SMITH"},{"floor":49,"key":"REST"}],"neow_cost":"NONE","seed_source_timestamp":41806330793511,"circlet_count":0,"master_deck":["Bash","Impervious+1","Battle Trance","Spot Weakness+1","Sever Soul","Berserk","Second Wind","Uppercut","Searing Blow+9","Pommel Strike","Power Through","Dual Wield+1","Double Tap","Writhe","J.A.X.","PanicButton","Limit Break","Headbutt+1","Infernal Blade+1"],"relics":["Pandora\u0027s Box","Darkstone Periapt","Lantern","Eternal Feather","Self Forming Clay","Anchor","Busted Crown","Red Mask","Molten Egg 2","War Paint","Gremlin Horn","Strawberry"],"potions_floor_usage":[13,29,33,50,50,50],"damage_taken":[{"damage":0,"enemies":"Jaw Worm","floor":1,"turns":3},{"damage":0,"enemies":"Small Slimes","floor":2,"turns":3},{"damage":0,"enemies":"2 Louse","floor":5,"turns":2},{"damage":36,"enemies":"Gremlin Nob","floor":7,"turns":5},{"damage":14,"enemies":"Lots of Slimes","floor":11,"turns":4},{"damage":0,"enemies":"Exordium Wildlife","floor":13,"turns":3},{"damage":0,"enemies":"Looter","floor":14,"turns":3},{"damage":14,"enemies":"The Guardian","floor":16,"turns":9},{"damage":15,"enemies":"Spheric Guardian","floor":18,"turns":3},{"damage":40,"enemies":"Slavers","floor":23,"turns":7},{"damage":0,"enemies":"Chosen","floor":25,"turns":4},{"damage":0,"enemies":"Snake Plant","floor":28,"turns":1},{"damage":19,"enemies":"Shelled Parasite and Fungi","floor":29,"turns":5},{"damage":62,"enemies":"Champ","floor":33,"turns":8},{"damage":0,"enemies":"Orb Walker","floor":35,"turns":2},{"damage":24,"enemies":"3 Darklings","floor":36,"turns":6},{"damage":24,"enemies":"Maw","floor":38,"turns":6},{"damage":15,"enemies":"Transient","floor":41,"turns":5},{"damage":17,"enemies":"4 Shapes","floor":42,"turns":6},{"damage":77,"enemies":"Reptomancer","floor":46,"turns":3},{"damage":2,"enemies":"Spire Growth","floor":48,"turns":2},{"damage":53,"enemies":"Donu and Deca","floor":50,"turns":3}],"seed_played":"-6574410752192669227","potions_obtained":[{"floor":2,"key":"Fire Potion"},{"floor":11,"key":"Weak Potion"},{"floor":13,"key":"Ancient Potion"},{"floor":14,"key":"FairyPotion"},{"floor":25,"key":"Swift Potion"},{"floor":36,"key":"Dexterity Potion"},{"floor":38,"key":"FearPotion"},{"floor":48,"key":"SkillPotion"}],"is_trial":false,"path_per_floor":["M","M","?","$","M","R","E","R","T","?","M","?","M","M","R","B",null,"M","$","?","?","$","E","R","M","T","R","M","M","R","?","R","B",null,"M","M","?","M","T","R","M","M","T","?","R","E","$","M","R","B"],"character_chosen":"IRONCLAD","items_purchased":["Double Tap","PanicButton","Strawberry"],"campfire_rested":1,"item_purchase_floors":[19,22,47],"current_hp_per_floor":[80,80,80,80,80,80,44,44,44,44,30,30,30,30,30,16,80,65,65,71,71,71,31,40,40,40,49,49,30,39,67,76,14,86,86,62,62,38,38,47,32,15,15,75,75,7,14,12,45,0],"gold":33,"neow_bonus":"BOSS_RELIC","is_prod":false,"is_daily":false,"chose_seed":false,"campfire_upgraded":8,"win_rate":0,"timestamp":1549220385,"path_taken":["M","M","?","$","M","R","E","R","T","?","M","?","M","?","R","BOSS","M","?","?","?","$","E","R","M","T","R","M","M","R","?","R","BOSS","M","M","?","M","?","R","M","M","T","?","R","E","?","M","R","BOSS"],"build_version":"2019-01-23","purchased_purges":1,"victory":false,"max_hp_per_floor":[80,80,80,80,80,80,80,80,80,80,80,80,80,80,80,80,80,80,80,86,86,86,86,86,86,86,86,86,86,86,86,86,86,86,86,86,86,86,86,86,86,86,86,75,75,75,82,82,82,82],"card_choices":[{"not_picked":["Clash","Cleave","Disarm"],"picked":"SKIP","floor":1},{"not_picked":["Rage","Perfected Strike","Dropkick"],"picked":"SKIP","floor":2},{"not_picked":["Thunderclap","Seeing Red","Hemokinesis"],"picked":"SKIP","floor":5},{"not_picked":["Perfected Strike","Havoc"],"picked":"Searing Blow","floor":7},{"not_picked":["Havoc","Pummel","Heavy Blade"],"picked":"SKIP","floor":11},{"not_picked":["Clash","Heavy Blade"],"picked":"Pommel Strike","floor":13},{"not_picked":["Body Slam","Clothesline"],"picked":"Power Through","floor":14},{"not_picked":["Thunderclap+1","Clothesline"],"picked":"Dual Wield+1","floor":18},{"not_picked":["Twin Strike+1","Perfected Strike+1","Thunderclap"],"picked":"SKIP","floor":23},{"not_picked":["Clash","Perfected Strike","Wild Strike"],"picked":"SKIP","floor":25},{"not_picked":["Heavy Blade","Whirlwind","Pommel Strike"],"picked":"SKIP","floor":28},{"not_picked":["Havoc+1","Anger","Clothesline"],"picked":"SKIP","floor":29},{"not_picked":["Offering","Berserk"],"picked":"Limit Break","floor":33},{"not_picked":["Corruption+1"],"picked":"SKIP","floor":35},{"not_picked":["Perfected Strike"],"picked":"SKIP","floor":36},{"not_picked":["Combust"],"picked":"SKIP","floor":38},{"not_picked":[],"picked":"Headbutt+1","floor":41},{"not_picked":[],"picked":"Infernal Blade+1","floor":42},{"not_picked":["Rampage+1"],"picked":"SKIP","floor":46},{"not_picked":["Iron Wave+1"],"picked":"SKIP","floor":48}],"player_experience":102938,"relics_obtained":[{"floor":7,"key":"Darkstone Periapt"},{"floor":9,"key":"Lantern"},{"floor":23,"key":"Anchor"},{"floor":39,"key":"Molten Egg 2"},{"floor":43,"key":"War Paint"},{"floor":46,"key":"Gremlin Horn"}],"event_choices":[{"cards_removed":["Havoc"],"damage_healed":0,"gold_gain":0,"player_choice":"Card Removal","damage_taken":0,"max_hp_gain":0,"max_hp_loss":0,"event_name":"The Cleric","floor":3,"gold_loss":50},{"damage_healed":0,"gold_gain":0,"player_choice":"Searched \u00270\u0027 times","damage_taken":0,"max_hp_gain":0,"max_hp_loss":0,"event_name":"Dead Adventurer","floor":10,"gold_loss":0},{"damage_healed":0,"gold_gain":0,"player_choice":"Upgraded","damage_taken":0,"max_hp_gain":0,"max_hp_loss":0,"event_name":"Upgrade Shrine","floor":12,"gold_loss":0,"cards_upgraded":["Searing Blow"]},{"damage_healed":0,"gold_gain":0,"player_choice":"Opened","damage_taken":0,"relics_obtained":["Self Forming Clay"],"max_hp_gain":0,"max_hp_loss":0,"event_name":"The Mausoleum","floor":20,"gold_loss":0,"cards_obtained":["Writhe"]},{"damage_healed":0,"gold_gain":0,"player_choice":"Obtain J.A.X.","damage_taken":0,"max_hp_gain":0,"max_hp_loss":0,"event_name":"Drug Dealer","floor":21,"gold_loss":0,"cards_obtained":["J.A.X."]},{"damage_healed":28,"gold_gain":0,"player_choice":"Heal","damage_taken":0,"max_hp_gain":0,"max_hp_loss":0,"event_name":"The Library","floor":31,"gold_loss":0},{"damage_healed":0,"gold_gain":0,"player_choice":"Paid","damage_taken":0,"relics_obtained":["Red Mask"],"max_hp_gain":0,"max_hp_loss":0,"event_name":"Tomb of Lord Red Mask","floor":37,"gold_loss":224},{"damage_healed":75,"gold_gain":0,"player_choice":"Heal","damage_taken":0,"max_hp_gain":0,"max_hp_loss":11,"event_name":"The Moai Head","floor":44,"gold_loss":0}],"is_beta":false,"boss_relics":[{"not_picked":["Philosopher\u0027s Stone","Runic Cube"],"picked":"Eternal Feather"},{"not_picked":["Velvet Choker","Fusion Hammer"],"picked":"Busted Crown"}],"items_purged_floors":[19],"is_endless":false,"potions_floor_spawned":[2,11,13,14,25,28,36,38,48],"killed_by":"Donu and Deca","ascension_level":1}