{"gold_per_floor":[115,126,144,144,168,198,198,348,371,390,2,2,2,33,33,108,108,126,137,62,62,62,62,90,107,107,123,123,140,157,177,177,250,250,265,265,265,280,203,230,240,319,344,68,68,68,83,83,83,83],"floor_reached":51,"playtime":2118,"items_purged":["Doubt","Strike_G"],"score":1221,"play_id":"6ac5d10c-daba-49c5-987f-1425704d2714","local_time":"20190203143011","is_ascension_mode":true,"campfire_choices":[{"floor":7.0,"key":"REST"},{"data":"Noxious Fumes","floor":12.0,"key":"SMITH"},{"data":"Bane","floor":15.0,"key":"SMITH"},{"data":"Noxious Fumes","floor":23.0,"key":"SMITH"},{"floor":28.0,"key":"REST"},{"floor":32.0,"key":"REST"},{"floor":45.0,"key":"REST"},{"data":"Burst","floor":49.0,"key":"SMITH"}],"neow_cost":"NONE","seed_source_timestamp":10713283838600,"circlet_count":0,"master_deck":["AscendersBane","Defend_G","Defend_G","Defend_G","Defend_G","Defend_G","Strike_G","Strike_G","Survivor","Neutralize","Burst+1","Poisoned Stab","Deadly Poison","Noxious Fumes+1","Noxious Fumes+1","Bane+1","Terror","After Image","Bullet Time","Noxious Fumes+1","Leg Sweep","Blur+1","Adrenaline","After Image","Crippling Poison","Apotheosis"],"special_seed":0,"relics":["Ring of the Snake","Vajra","Pen Nib","Happy Flower","Strawberry","Potion Belt","Snecko Eye","Sundial","Snake Skull","Blood Vial","Sozu","Bag of Preparation","Regal Pillow","Singing Bowl","PreservedInsect","Darkstone Periapt"],"potions_floor_usage":[],"damage_taken":[{"damage":0.0,"enemies":"Cultist","floor":1.0,"turns":4.0},{"damage":3.0,"enemies":"Jaw Worm","floor":2.0,"turns":4.0},{"damage":0.0,"enemies":"2 Louse","floor":3.0,"turns":4.0},{"damage":41.0,"enemies":"Gremlin Nob","floor":6.0,"turns":5.0},{"damage":2.0,"enemies":"2 Fungi Beasts","floor":10.0,"turns":4.0},{"damage":14.0,"enemies":"3 Sentries","floor":14.0,"turns":5.0},{"damage":27.0,"enemies":"The Guardian","floor":16.0,"turns":9.0},{"damage":3.0,"enemies":"Shell Parasite","floor":18.0,"turns":3.0},{"damage":0.0,"enemies":"Chosen","floor":19.0,"turns":4.0},{"damage":43.0,"enemies":"Gremlin Leader","floor":24.0,"turns":6.0},{"damage":10.0,"enemies":"Snecko","floor":25.0,"turns":5.0},{"damage":0.0,"enemies":"Snake Plant","floor":27.0,"turns":5.0},{"damage":8.0,"enemies":"Centurion and Healer","floor":29.0,"turns":7.0},{"damage":1.0,"enemies":"Snecko","floor":30.0,"turns":5.0},{"damage":17.0,"enemies":"Shelled Parasite and Fungi","floor":31.0,"turns":5.0},{"damage":1.0,"enemies":"Automaton","floor":33.0,"turns":8.0},{"damage":7.0,"enemies":"3 Shapes","floor":35.0,"turns":5.0},{"damage":0.0,"enemies":"Orb Walker","floor":38.0,"turns":4.0},{"damage":14.0,"enemies":"Giant Head","floor":40.0,"turns":8.0},{"damage":20.0,"enemies":"Jaw Worm Horde","floor":41.0,"turns":5.0},{"damage":0.0,"enemies":"4 Shapes","floor":47.0,"turns":5.0},{"damage":53,"enemies":"Time Eater","floor":50,"turns":13}],"seed_played":"2099846549752797280","potions_obtained":[{"floor":6.0,"key":"Fire Potion"},{"floor":10.0,"key":"FearPotion"},{"floor":16.0,"key":"SpeedPotion"},{"floor":18.0,"key":"Fire Potion"},{"floor":25.0,"key":"GhostInAJar"},{"floor":30.0,"key":"GamblersBrew"}],"is_trial":false,"path_per_floor":["M","M","M","?","T","E","R","?","T","M","$","R","?","E","R","B",null,"M","M","?","?","T","R","E","M","T","M","R","M","M","M","R","B",null,"M","?","?","M","?","E","M","T","T","$","R","?","M","T","R","B",null],"character_chosen":"THE_SILENT","items_purchased":["Noxious Fumes","Bane","Terror","Strawberry","Apotheosis"],"campfire_rested":4,"item_purchase_floors":[11,11,11,11,44],"current_hp_per_floor":[59,56,56,61,61,20,41,41,41,39,46,46,46,32,32,5,60,57,57,57,57,57,57,14,4,4,6,29,23,24,9,32,33,67,62,62,62,64,64,52,34,34,34,34,71,67,71,71,71,20],"gold":83,"neow_bonus":"ONE_RANDOM_RARE_CARD","is_prod":false,"is_daily":false,"chose_seed":false,"campfire_upgraded":4,"win_rate":0,"timestamp":1549197011,"path_taken":["M","M","M","?","?","E","R","?","T","M","$","R","?","E","R","BOSS","M","?","?","?","?","R","E","M","T","M","R","?","?","M","R","BOSS","M","?","?","M","?","E","?","?","T","?","R","?","?","?","R","BOSS"],"build_version":"2019-01-23","purchased_purges":2,"victory":true,"max_hp_per_floor":[66,66,66,71,71,71,71,71,71,71,78,78,78,78,78,78,78,78,78,78,78,78,78,78,78,78,78,78,78,78,78,78,78,78,78,78,74,74,74,74,74,74,74,74,74,74,76,76,76,76],"card_choices":[{"not_picked":["Dodge and Roll","Quick Slash"],"picked":"Poisoned Stab","floor":1.0},{"not_picked":["Endless Agony","Deflect"],"picked":"Deadly Poison","floor":2.0},{"not_picked":["Crippling Poison","Blade Dance"],"picked":"Noxious Fumes","floor":3.0},{"not_picked":["Dodge and Roll","Riddle With Holes","Bullet Time"],"picked":"SKIP","floor":6.0},{"not_picked":["Flechettes","Cloak And Dagger","Acrobatics"],"picked":"SKIP","floor":10.0},{"not_picked":["Acrobatics","Infinite Blades"],"picked":"After Image","floor":14.0},{"not_picked":["Venomology","Doppelganger"],"picked":"Bullet Time","floor":16.0},{"not_picked":["Flechettes","Bane","Heel Hook"],"picked":"SKIP","floor":18.0},{"not_picked":["Prepared","Reflex"],"picked":"Noxious Fumes","floor":19.0},{"not_picked":["Cloak And Dagger","Acrobatics"],"picked":"Leg Sweep","floor":24.0},{"not_picked":["Cloak And Dagger","Reflex"],"picked":"Blur+1","floor":25.0},{"not_picked":["Flying Knee","Dagger Spray","Quick Slash+1"],"picked":"SKIP","floor":27.0},{"not_picked":["Reflex","Quick Slash","Eviscerate"],"picked":"SKIP","floor":29.0},{"not_picked":["Acrobatics","Eviscerate","Outmaneuver"],"picked":"SKIP","floor":30.0},{"not_picked":["Flechettes","Poisoned Stab"],"picked":"Adrenaline","floor":31.0},{"not_picked":["Die Die Die","Doppelganger"],"picked":"After Image","floor":33.0},{"not_picked":["Skewer","Blur","Calculated Gamble+1"],"picked":"SKIP","floor":35.0},{"not_picked":["Underhanded Strike","Dagger Throw+1","Infinite Blades"],"picked":"SKIP","floor":38.0},{"not_picked":["Slice","Outmaneuver"],"picked":"Crippling Poison","floor":40.0},{"not_picked":["Poisoned Stab+1","Bouncing Flask","Slice"],"picked":"SKIP","floor":41.0},{"not_picked":["Outmaneuver","Infinite Blades","Backflip"],"picked":"Singing Bowl","floor":47.0}],"player_experience":587598,"relics_obtained":[{"floor":5.0,"key":"Vajra"},{"floor":6.0,"key":"Pen Nib"},{"floor":9.0,"key":"Happy Flower"},{"floor":14.0,"key":"Potion Belt"},{"floor":22.0,"key":"Sundial"},{"floor":24.0,"key":"Snake Skull"},{"floor":26.0,"key":"Blood Vial"},{"floor":40.0,"key":"Regal Pillow"},{"floor":42.0,"key":"Singing Bowl"},{"floor":43.0,"key":"PreservedInsect"},{"floor":48.0,"key":"Darkstone Periapt"}],"event_choices":[{"damage_healed":0.0,"max_hp_gain":5.0,"max_hp_loss":0.0,"gold_gain":0.0,"event_name":"Big Fish","player_choice":"Donut","floor":4.0,"gold_loss":0.0,"damage_taken":0.0},{"damage_healed":0.0,"max_hp_gain":0.0,"max_hp_loss":0.0,"gold_gain":150.0,"event_name":"Liars Game","player_choice":"AGREE","floor":8.0,"gold_loss":0.0,"damage_taken":0.0,"cards_obtained":["Doubt"]},{"damage_healed":0.0,"max_hp_gain":0.0,"max_hp_loss":0.0,"gold_gain":0.0,"event_name":"Accursed Blacksmith","player_choice":"Forge","floor":13.0,"gold_loss":0.0,"damage_taken":0.0,"cards_upgraded":["Noxious Fumes"]},{"cards_removed":["Strike_G"],"damage_healed":0.0,"max_hp_gain":0.0,"max_hp_loss":0.0,"gold_gain":0.0,"event_name":"Beggar","player_choice":"Gave Gold","floor":20.0,"gold_loss":75.0,"damage_taken":0.0},{"damage_healed":0.0,"max_hp_gain":0.0,"max_hp_loss":0.0,"gold_gain":0.0,"event_name":"The Mausoleum","player_choice":"Ignored","floor":21.0,"gold_loss":0.0,"damage_taken":0.0},{"cards_removed":["Strike_G"],"damage_healed":0.0,"max_hp_gain":0.0,"max_hp_loss":0.0,"gold_gain":0.0,"event_name":"Falling","player_choice":"Removed Attack","floor":36.0,"gold_loss":0.0,"damage_taken":0.0},{"damage_healed":0.0,"max_hp_gain":0.0,"max_hp_loss":4.0,"gold_gain":0.0,"event_name":"Winding Halls","player_choice":"Max HP","floor":37.0,"gold_loss":0.0,"damage_taken":0.0},{"damage_healed":0.0,"max_hp_gain":0.0,"max_hp_loss":0.0,"gold_gain":0.0,"event_name":"WeMeetAgain","player_choice":"Paid Gold","floor":39.0,"gold_loss":77.0,"damage_taken":0.0,"relics_obtained":["Bag of Preparation"]},{"damage_healed":0.0,"max_hp_gain":0.0,"max_hp_loss":0.0,"gold_gain":0.0,"event_name":"The Woman in Blue","player_choice":"Bought 0 Potions","floor":46.0,"gold_loss":0.0,"damage_taken":0.0}],"is_beta":false,"boss_relics":[{"not_picked":["Black Star","Fusion Hammer"],"picked":"Snecko Eye"},{"not_picked":["White Beast Statue","Velvet Choker"],"picked":"Sozu"}],"items_purged_floors":[11,44],"is_endless":false,"potions_floor_spawned":[6,10,16,18,25,30,38,41],"ascension_level":15}