{"gold_per_floor":[109,119,194,204,220,220,252,252,277,198,224,224,224,557,557,658,658,677,687,701,714,728,728,827,827,876,876,654,666,694,711,711,812,812,830,345,359,379,39,39,56,56,56,69,79,79,79,79,79,79],"floor_reached":50,"playtime":4553,"items_purged":["Strike_R"],"score":582,"play_id":"4130517d-e9fb-4c65-bd45-cc6460c7f0de","local_time":"20181218120336","is_ascension_mode":true,"campfire_choices":[{"floor":6,"key":"RECALL"},{"floor":8,"key":"REST"},{"floor":12,"key":"REST"},{"data":"Armaments","floor":15,"key":"SMITH"},{"data":"Iron Wave","floor":23,"key":"SMITH"},{"data":"Spot Weakness","floor":25,"key":"SMITH"},{"floor":32,"key":"REST"},{"data":"Limit Break","floor":40,"key":"SMITH"},{"data":"Heavy Blade","floor":42,"key":"SMITH"},{"floor":47,"key":"REST"},{"data":"Offering","floor":49,"key":"SMITH"}],"neow_cost":"NONE","seed_source_timestamp":2898957510402978,"circlet_count":0,"master_deck":["Strike_R","Strike_R","Strike_R","Defend_R","Defend_R","Defend_R","Bash+1","Armaments+1","Iron Wave+1","Whirlwind+1","Pommel Strike","Spot Weakness+1","Metallicize","Sword Boomerang","Reaper+1","Anger","Heavy Blade+1","Limit Break+1","Ghostly Armor+1","Offering+1","Flame Barrier","Spot Weakness","Flex+1"],"relics":["Burning Blood","Regal Pillow","Centennial Puzzle","Old Coin","Philosopher\u0027s Stone","Boot","Vajra","Ginger","Velvet Choker","Bottled Lightning","Bottled Flame","Whetstone","HandDrill","Ornamental Fan"],"potions_floor_usage":[16,20,20,30,45,50],"damage_taken":[{"damage":8,"enemies":"2 Louse","floor":1,"turns":3},{"damage":1,"enemies":"Cultist","floor":2,"turns":3},{"damage":8,"enemies":"Small Slimes","floor":4,"turns":4},{"damage":14,"enemies":"Blue Slaver","floor":5,"turns":5},{"damage":45,"enemies":"3 Sentries","floor":7,"turns":7},{"damage":43,"enemies":"Lagavulin","floor":11,"turns":8},{"damage":27,"enemies":"Gremlin Nob","floor":14,"turns":5},{"damage":8,"enemies":"The Guardian","floor":16,"turns":11},{"damage":8,"enemies":"Spheric Guardian","floor":18,"turns":4},{"damage":33,"enemies":"2 Thieves","floor":19,"turns":5},{"damage":15,"enemies":"Snecko","floor":20,"turns":4},{"damage":29,"enemies":"3 Cultists","floor":21,"turns":5},{"damage":16,"enemies":"Sentry and Sphere","floor":22,"turns":5},{"damage":4,"enemies":"Snecko","floor":29,"turns":4},{"damage":33,"enemies":"Slavers","floor":30,"turns":3},{"damage":19,"enemies":"Shelled Parasite and Fungi","floor":31,"turns":5},{"damage":40,"enemies":"Champ","floor":33,"turns":10},{"damage":13,"enemies":"Orb Walker","floor":35,"turns":2},{"damage":31,"enemies":"3 Shapes","floor":37,"turns":4},{"damage":12,"enemies":"Transient","floor":38,"turns":5},{"damage":53,"enemies":"4 Shapes","floor":41,"turns":4},{"damage":8,"enemies":"3 Darklings","floor":44,"turns":2},{"damage":43,"enemies":"Transient","floor":45,"turns":5},{"damage":65,"enemies":"Donu and Deca","floor":50,"turns":4}],"seed_played":"1315286785732561426","potions_obtained":[{"floor":1,"key":"GamblersBrew"},{"floor":7,"key":"Swift Potion"},{"floor":16,"key":"FearPotion"},{"floor":18,"key":"Swift Potion"},{"floor":20,"key":"Weak Potion"},{"floor":30,"key":"Ancient Potion"},{"floor":38,"key":"Regen Potion"}],"is_trial":false,"path_per_floor":["M","M","?","M","M","R","E","R","T","$","E","R","?","E","R","B",null,"M","M","M","M","M","R","?","R","T","?","$","M","E","M","R","B",null,"M","$","M","M","$","R","M","R","T","M","M","?","R","?","R","B"],"character_chosen":"IRONCLAD","items_purchased":["Metallicize","Vajra","Bottled Lightning","Bottled Flame","Whetstone","HandDrill"],"campfire_rested":4,"item_purchase_floors":[10,28,36,36,39,39],"current_hp_per_floor":[78,80,72,70,62,62,23,62,62,62,25,64,64,43,43,41,80,78,65,56,59,49,49,49,49,49,49,49,51,34,21,60,39,80,73,73,54,69,69,69,40,40,40,40,21,21,60,60,60,0],"gold":79,"neow_bonus":"REMOVE_CARD","is_prod":false,"is_daily":false,"chose_seed":false,"campfire_upgraded":6,"win_rate":0,"timestamp":1545156216,"path_taken":["M","M","?","M","M","R","E","R","T","?","E","R","?","E","R","BOSS","M","M","M","M","M","R","?","R","T","?","$","M","E","M","R","BOSS","M","$","M","M","$","R","M","R","T","M","M","?","R","?","R","BOSS"],"build_version":"2018-12-13","purchased_purges":1,"victory":false,"max_hp_per_floor":[80,80,80,80,80,80,80,80,80,80,80,80,80,80,80,80,80,80,80,80,80,80,80,80,80,80,80,80,80,80,80,80,80,80,80,80,80,80,80,80,80,80,80,80,80,80,80,80,80,80],"card_choices":[{"not_picked":["Hemokinesis","Clothesline"],"picked":"Armaments","floor":1},{"not_picked":["Clothesline","Burning Pact"],"picked":"Iron Wave","floor":2},{"not_picked":["Iron Wave","Twin Strike"],"picked":"Whirlwind","floor":4},{"not_picked":["Disarm","Warcry"],"picked":"Pommel Strike","floor":5},{"not_picked":["Evolve","Shrug It Off"],"picked":"Spot Weakness","floor":7},{"not_picked":["Clothesline","Perfected Strike"],"picked":"Sword Boomerang","floor":11},{"not_picked":["Second Wind","Berserk","Thunderclap"],"picked":"SKIP","floor":14},{"not_picked":["Impervious","Offering"],"picked":"Reaper","floor":16},{"not_picked":["Bloodletting+1","Clothesline","Warcry"],"picked":"SKIP","floor":18},{"not_picked":["Pommel Strike","Iron Wave"],"picked":"Anger","floor":19},{"not_picked":["Warcry","Searing Blow"],"picked":"Heavy Blade","floor":20},{"not_picked":["Sever Soul+1","Shockwave","Perfected Strike"],"picked":"SKIP","floor":21},{"not_picked":["Sever Soul+1","Iron Wave"],"picked":"Twin Strike","floor":22},{"not_picked":["Havoc","Sword Boomerang","Rupture"],"picked":"SKIP","floor":29},{"not_picked":["Reckless Charge","Cleave"],"picked":"Limit Break","floor":30},{"not_picked":["Rupture+1","Iron Wave"],"picked":"Ghostly Armor+1","floor":31},{"not_picked":["Juggernaut","Berserk"],"picked":"Offering","floor":33},{"not_picked":["Hemokinesis+1","Rage+1","Havoc+1"],"picked":"SKIP","floor":35},{"not_picked":["Wild Strike","Entrench+1"],"picked":"Flame Barrier","floor":37},{"not_picked":["Anger+1","Sentinel"],"picked":"Spot Weakness","floor":38},{"not_picked":["Twin Strike","Ghostly Armor+1"],"picked":"Flex+1","floor":41},{"not_picked":["Rupture","Sword Boomerang+1","Thunderclap"],"picked":"SKIP","floor":44},{"not_picked":["Body Slam+1","Whirlwind+1","Perfected Strike+1"],"picked":"SKIP","floor":45}],"player_experience":226328,"relics_obtained":[{"floor":7,"key":"Regal Pillow"},{"floor":11,"key":"Centennial Puzzle"},{"floor":14,"key":"Old Coin"},{"floor":26,"key":"Boot"},{"floor":30,"key":"Ginger"},{"floor":43,"key":"Ornamental Fan"}],"event_choices":[{"damage_healed":0,"gold_gain":75,"player_choice":"Touch","damage_taken":8,"max_hp_gain":0,"max_hp_loss":0,"event_name":"FaceTrader","floor":3,"gold_loss":0},{"damage_healed":0,"gold_gain":0,"player_choice":"Grow","damage_taken":0,"max_hp_gain":0,"max_hp_loss":0,"event_name":"Living Wall","floor":13,"gold_loss":0,"cards_upgraded":["Bash"]},{"damage_healed":0,"gold_gain":99,"player_choice":"Stole From Cult","damage_taken":0,"max_hp_gain":0,"max_hp_loss":0,"event_name":"Nest","floor":24,"gold_loss":0},{"cards_removed":["Strike_R"],"damage_healed":0,"gold_gain":0,"player_choice":"Offered Basic","damage_taken":0,"max_hp_gain":0,"max_hp_loss":0,"event_name":"Bonfire Elementals","floor":27,"gold_loss":0},{"cards_removed":["Twin Strike"],"damage_healed":0,"gold_gain":0,"player_choice":"Removed Attack","damage_taken":0,"max_hp_gain":0,"max_hp_loss":0,"event_name":"Falling","floor":46,"gold_loss":0},{"damage_healed":0,"gold_gain":0,"player_choice":"Ignored","damage_taken":0,"max_hp_gain":0,"max_hp_loss":0,"event_name":"Mysterious Sphere","floor":48,"gold_loss":0}],"is_beta":false,"boss_relics":[{"not_picked":["Runic Cube","Empty Cage"],"picked":"Philosopher\u0027s Stone"},{"not_picked":["Pandora\u0027s Box","Fusion Hammer"],"picked":"Velvet Choker"}],"items_purged_floors":[28],"is_endless":false,"potions_floor_spawned":[1,7,16,18,20,30,38],"killed_by":"Donu and Deca","ascension_level":3}