{"gold_per_floor":[116,131,143,143,160,175,205,205,232,232,507,507,195,210,210,308,308,326,340,118,134,145,145],"floor_reached":23,"playtime":1218,"items_purged":["Regret"],"score":195,"play_id":"c97bdd8d-3c6f-4448-94c2-5fe32c1fab8d","local_time":"20190202224010","is_ascension_mode":false,"campfire_choices":[{"data":"Bash","floor":8,"key":"SMITH"},{"data":"Iron Wave","floor":10,"key":"SMITH"},{"data":"Cleave","floor":12,"key":"SMITH"},{"floor":15,"key":"REST"}],"neow_cost":"NONE","seed_source_timestamp":504914611633294,"circlet_count":0,"master_deck":["Strike_R","Strike_R","Strike_R","Strike_R+1","Defend_R","Defend_R","Defend_R","Defend_R","Bash+1","Cleave+1","Iron Wave+1","Pommel Strike","Rage","Seeing Red","Mayhem","Cleave","Thunderclap","Perfected Strike+1","Clothesline","Shrug It Off","Whirlwind","Shrug It Off+1","Uppercut","Double Tap","Blood for Blood"],"relics":["Burning Blood","Kunai","Pen Nib","Orrery","Whetstone"],"potions_floor_usage":[7,7,21,21],"damage_taken":[{"damage":6,"enemies":"Cultist","floor":1,"turns":3},{"damage":0,"enemies":"2 Louse","floor":2,"turns":3},{"damage":5,"enemies":"Small Slimes","floor":3,"turns":3},{"damage":18,"enemies":"Exordium Thugs","floor":5,"turns":5},{"damage":16,"enemies":"Large Slime","floor":6,"turns":6},{"damage":29,"enemies":"Lagavulin","floor":7,"turns":5},{"damage":0,"enemies":"2 Fungi Beasts","floor":14,"turns":3},{"damage":55,"enemies":"The Guardian","floor":16,"turns":9},{"damage":19,"enemies":"2 Thieves","floor":18,"turns":4},{"damage":7,"enemies":"Chosen","floor":19,"turns":5},{"damage":17,"enemies":"Snake Plant","floor":21,"turns":5},{"damage":41,"enemies":"Sentry and Sphere","floor":22,"turns":7},{"damage":35,"enemies":"Slavers","floor":23,"turns":2}],"seed_played":"-3265433948619098243","potions_obtained":[{"floor":2,"key":"PowerPotion"},{"floor":3,"key":"FearPotion"},{"floor":5,"key":"Weak Potion"},{"floor":18,"key":"Swift Potion"}],"is_trial":false,"path_per_floor":["M","M","M","?","M","M","E","R","T","R","?","R","$","M","R","B",null,"M","M","$","M","M","E"],"character_chosen":"IRONCLAD","items_purchased":["Mayhem","Cleave","Whetstone","Uppercut"],"campfire_rested":1,"item_purchase_floors":[13,13,20,20],"current_hp_per_floor":[88,88,88,88,76,66,43,43,43,43,43,43,43,49,75,26,88,75,74,74,63,28,0],"gold":145,"neow_bonus":"TEN_PERCENT_HP_BONUS","is_prod":false,"is_daily":false,"chose_seed":false,"campfire_upgraded":3,"win_rate":0,"timestamp":1549165210,"path_taken":["M","?","M","?","?","M","E","R","T","R","?","R","$","M","R","BOSS","M","M","$","?","M","E"],"build_version":"2019-01-23","purchased_purges":1,"victory":false,"max_hp_per_floor":[88,88,88,88,88,88,88,88,88,88,88,88,88,88,88,88,88,88,88,88,88,88,88],"card_choices":[{"not_picked":["True Grit","Uppercut"],"picked":"Cleave","floor":1},{"not_picked":["Sword Boomerang","Twin Strike"],"picked":"Iron Wave","floor":2},{"not_picked":["Flex","Offering","Wild Strike"],"picked":"SKIP","floor":3},{"not_picked":["Sentinel","Entrench"],"picked":"Pommel Strike","floor":5},{"not_picked":["Burning Pact","Pommel Strike"],"picked":"Rage","floor":6},{"not_picked":["Thunderclap","Anger"],"picked":"Seeing Red","floor":7},{"not_picked":["Wild Strike","True Grit"],"picked":"Thunderclap","floor":14},{"not_picked":["True Grit","Iron Wave"],"picked":"Perfected Strike","floor":17},{"not_picked":["Flex","Rupture"],"picked":"Clothesline","floor":17},{"not_picked":["Havoc","Battle Trance"],"picked":"Shrug It Off","floor":17},{"not_picked":["Cleave","Sword Boomerang+1"],"picked":"Whirlwind","floor":18},{"not_picked":["Thunderclap+1","Inflame"],"picked":"Shrug It Off+1","floor":19},{"not_picked":["Metallicize","Rage"],"picked":"Double Tap","floor":21},{"not_picked":["Sword Boomerang","Thunderclap"],"picked":"Blood for Blood","floor":22}],"player_experience":38169,"relics_obtained":[{"floor":7,"key":"Kunai"},{"floor":9,"key":"Pen Nib"}],"event_choices":[{"cards_removed":["Strike_R"],"damage_healed":0,"gold_gain":0,"player_choice":"Purged","damage_taken":0,"max_hp_gain":0,"max_hp_loss":0,"event_name":"Purifier","floor":4,"gold_loss":0},{"damage_healed":0,"gold_gain":275,"player_choice":"Desecrate","damage_taken":0,"max_hp_gain":0,"max_hp_loss":0,"event_name":"Golden Shrine","floor":11,"gold_loss":0,"cards_obtained":["Regret"]}],"is_beta":false,"boss_relics":[{"not_picked":["Mark of Pain","Runic Pyramid"],"picked":"Orrery"}],"items_purged_floors":[13],"is_endless":false,"potions_floor_spawned":[2,3,5,18],"killed_by":"Slavers","ascension_level":0}