{"gold_per_floor":[114,127,145,164,44,44,79,79,106,130,142,187,199,211,223,337,349,377,489,521,94,114,114,114,129,129,148,148],"floor_reached":28,"playtime":1917,"items_purged":["Strike_G","Strike_G"],"score":357,"play_id":"c466c89c-9d7c-438d-b513-ef08cfa51741","local_time":"20181210231049","is_ascension_mode":true,"campfire_choices":[{"data":"Mayhem","floor":6.0,"key":"SMITH"},{"data":"Neutralize","floor":8.0,"key":"SMITH"},{"floor":11.0,"key":"REST"},{"floor":15,"key":"REST"},{"floor":23,"key":"REST"}],"neow_cost":"TEN_PERCENT_HP_LOSS","seed_source_timestamp":95301668614156,"circlet_count":0,"master_deck":["AscendersBane","Defend_G","Defend_G","Defend_G","Defend_G","Defend_G","Strike_G","Strike_G","Strike_G","Survivor","Neutralize+1","Mayhem+1","Trip","Crippling Poison","Slice","Poisoned Stab","Corpse Explosion","Dagger Spray","Envenom","Eviscerate+1","PiercingWail","Footwork","Mayhem","Bandage Up","Backstab"],"special_seed":0,"relics":["Ring of the Snake","Vajra","MawBank","Oddly Smooth Stone","Centennial Puzzle","Snecko Eye","Letter Opener"],"potions_floor_usage":[16,25,28],"damage_taken":[{"damage":0.0,"enemies":"Cultist","floor":1.0,"turns":4.0},{"damage":2.0,"enemies":"2 Louse","floor":2.0,"turns":4.0},{"damage":6.0,"enemies":"Jaw Worm","floor":3.0,"turns":4.0},{"damage":13.0,"enemies":"3 Louse","floor":4.0,"turns":4.0},{"damage":19.0,"enemies":"3 Sentries","floor":7.0,"turns":3.0},{"damage":19.0,"enemies":"Exordium Thugs","floor":10.0,"turns":4.0},{"damage":12.0,"enemies":"Lagavulin","floor":12.0,"turns":7.0},{"damage":6,"enemies":"The Guardian","floor":16,"turns":9},{"damage":15,"enemies":"Shell Parasite","floor":18,"turns":7},{"damage":16,"enemies":"2 Thieves","floor":20,"turns":2},{"damage":21,"enemies":"Cultist and Chosen","floor":22,"turns":7},{"damage":9,"enemies":"Centurion and Healer","floor":25,"turns":7},{"damage":0,"enemies":"3 Cultists","floor":27,"turns":4},{"damage":34,"enemies":"Snake Plant","floor":28,"turns":3}],"seed_played":"-3807977999618791441","potions_obtained":[{"floor":3.0,"key":"SmokeBomb"},{"floor":10.0,"key":"Fire Potion"},{"floor":20,"key":"FairyPotion"},{"floor":22,"key":"GhostInAJar"},{"floor":25,"key":"Energy Potion"}],"is_trial":false,"path_per_floor":["M","M","M","M","$","R","E","R","T","M","R","E","?","?","R","B",null,"M","?","M","$","M","R","$","M","T","M","M"],"character_chosen":"THE_SILENT","items_purchased":["Dagger Spray","Footwork","Mayhem","Bandage Up"],"campfire_rested":3,"item_purchase_floors":[5,21,21,21],"current_hp_per_floor":[63,61,55,42,42,42,23,23,23,4,22,10,3,3,21,15,51,36,36,20,20,3,21,21,16,16,16,0],"gold":148,"neow_bonus":"RANDOM_COLORLESS_2","is_prod":false,"is_daily":false,"chose_seed":false,"campfire_upgraded":2,"win_rate":0,"timestamp":1544479849,"path_taken":["M","M","?","M","$","R","E","R","T","M","R","E","?","?","R","BOSS","M","?","M","$","M","R","?","?","T","M","M"],"build_version":"2018-12-06","purchased_purges":2,"victory":false,"max_hp_per_floor":[63,63,63,63,63,63,63,63,63,63,63,63,63,63,63,63,63,63,63,63,63,63,63,63,63,63,63,63],"card_choices":[{"not_picked":["Bouncing Flask","PiercingWail"],"picked":"Crippling Poison","floor":1.0},{"not_picked":["Calculated Gamble","Finisher"],"picked":"Slice","floor":2.0},{"not_picked":["Caltrops","Finisher"],"picked":"Poisoned Stab","floor":3.0},{"not_picked":["Crippling Poison","Tactician"],"picked":"Corpse Explosion","floor":4.0},{"not_picked":["Sucker Punch","Heel Hook","Blade Dance"],"picked":"SKIP","floor":7.0},{"not_picked":["Prepared","Expertise","Endless Agony"],"picked":"SKIP","floor":10.0},{"not_picked":["Tactician","Slice","Accuracy"],"picked":"SKIP","floor":12.0},{"not_picked":["Grand Finale","Glass Knife"],"picked":"Envenom","floor":16},{"not_picked":["Calculated Gamble","Riddle With Holes+1"],"picked":"Eviscerate+1","floor":18},{"not_picked":["Acrobatics","Dagger Throw"],"picked":"PiercingWail","floor":20},{"not_picked":["Outmaneuver","Tactician"],"picked":"Backstab","floor":22},{"not_picked":["Outmaneuver","Flechettes+1","Deadly Poison"],"picked":"SKIP","floor":25},{"not_picked":["Underhanded Strike","Finisher","Setup"],"picked":"SKIP","floor":27}],"player_experience":558708,"relics_obtained":[{"floor":7.0,"key":"Vajra"},{"floor":9.0,"key":"MawBank"},{"floor":12.0,"key":"Oddly Smooth Stone"},{"floor":26,"key":"Letter Opener"}],"event_choices":[{"damage_healed":0.0,"max_hp_gain":0.0,"max_hp_loss":0.0,"gold_gain":0.0,"event_name":"Scrap Ooze","player_choice":"Success","floor":13.0,"gold_loss":0.0,"damage_taken":7.0,"relics_obtained":["Centennial Puzzle"]},{"damage_healed":0,"gold_gain":0,"player_choice":"Searched \u00270\u0027 times","damage_taken":0,"max_hp_gain":0,"max_hp_loss":0,"event_name":"Dead Adventurer","floor":14,"gold_loss":0},{"damage_healed":0,"gold_gain":100,"player_choice":"Pray","damage_taken":0,"max_hp_gain":0,"max_hp_loss":0,"event_name":"Golden Shrine","floor":19,"gold_loss":0}],"is_beta":false,"boss_relics":[{"not_picked":["Pandora\u0027s Box","Black Star"],"picked":"Snecko Eye"}],"items_purged_floors":[5,21],"is_endless":false,"potions_floor_spawned":[3,10,20,22,25,27],"killed_by":"Snake Plant","ascension_level":11}