{"gold_per_floor":[116,191,191,205,217,217,249,265,291,291,291,291,323,16,16,90,140,151,22,42,59,72,72,72],"floor_reached":24,"playtime":1219,"items_purged":["Strike_R","Strike_R"],"score":439,"play_id":"73b636d0-ea8e-4467-b7bc-c76f08c8d6cf","local_time":"20190129161828","is_ascension_mode":true,"campfire_choices":[{"data":"Immolate","floor":6,"key":"SMITH"},{"data":"Inflame","floor":10,"key":"SMITH"},{"data":"Clothesline","floor":12,"key":"SMITH"},{"data":"Double Tap","floor":15,"key":"SMITH"},{"data":"Limit Break","floor":23,"key":"SMITH"}],"neow_cost":"NONE","seed_source_timestamp":612626269131157,"circlet_count":0,"master_deck":["AscendersBane","Strike_R","Strike_R+1","Strike_R","Defend_R","Defend_R","Defend_R","Defend_R","Bash+1","Limit Break+1","Pommel Strike+1","Clothesline+1","Immolate+1","Inflame+1","Thunderclap","Double Tap+1","Inflame","Impervious","Armaments+1","Ghostly Armor+1"],"relics":["Burning Blood","Whetstone","Happy Flower","Orichalcum","Membership Card","Tiny House","Bag of Preparation"],"potions_floor_usage":[8,13,22,24],"damage_taken":[{"damage":7,"enemies":"Small Slimes","floor":1,"turns":5},{"damage":14,"enemies":"Jaw Worm","floor":4,"turns":4},{"damage":12,"enemies":"2 Louse","floor":5,"turns":3},{"damage":10,"enemies":"3 Sentries","floor":7,"turns":4},{"damage":2,"enemies":"Looter","floor":8,"turns":3},{"damage":0,"enemies":"Lagavulin","floor":13,"turns":4},{"damage":21,"enemies":"The Guardian","floor":16,"turns":10},{"damage":11,"enemies":"Chosen","floor":18,"turns":5},{"damage":13,"enemies":"2 Thieves","floor":20,"turns":3},{"damage":0,"enemies":"Centurion and Healer","floor":21,"turns":4},{"damage":10,"enemies":"Chosen and Byrds","floor":22,"turns":5},{"damage":66,"enemies":"Book of Stabbing","floor":24,"turns":5}],"seed_played":"3233644608795553012","potions_obtained":[{"floor":5,"key":"FearPotion"},{"floor":7,"key":"Energy Potion"},{"floor":16,"key":"FairyPotion"},{"floor":17,"key":"SkillPotion"},{"floor":20,"key":"Explosive Potion"}],"is_trial":false,"path_per_floor":["M","?","?","M","M","R","E","M","T","R","?","R","E","$","R","B",null,"M","$","M","M","M","R","E"],"character_chosen":"IRONCLAD","items_purchased":["Membership Card","Inflame","Bag of Preparation"],"campfire_rested":0,"item_purchase_floors":[14,14,19],"current_hp_per_floor":[67,56,61,53,47,47,43,47,47,47,47,47,53,53,53,38,75,70,70,63,69,65,65,0],"gold":72,"neow_bonus":"ONE_RANDOM_RARE_CARD","is_prod":false,"is_daily":false,"chose_seed":false,"campfire_upgraded":5,"win_rate":0,"timestamp":1548775108,"path_taken":["M","?","?","M","M","R","E","M","T","R","?","R","E","$","R","BOSS","M","$","M","M","M","R","E"],"build_version":"2019-01-23","purchased_purges":2,"victory":false,"max_hp_per_floor":[75,75,80,80,80,80,80,80,80,80,80,80,80,80,80,80,85,85,85,85,85,85,85,85],"card_choices":[{"not_picked":["Metallicize","Sword Boomerang"],"picked":"Pommel Strike","floor":1},{"not_picked":["Armaments","Blood for Blood"],"picked":"Clothesline","floor":4},{"not_picked":["Reckless Charge","Anger"],"picked":"Immolate","floor":5},{"not_picked":["Pommel Strike","Twin Strike"],"picked":"Inflame","floor":7},{"not_picked":["Second Wind","Flex"],"picked":"Thunderclap","floor":8},{"not_picked":["Bludgeon","Rupture"],"picked":"Double Tap","floor":13},{"not_picked":["Limit Break","Double Tap"],"picked":"Impervious","floor":16},{"not_picked":["Pummel","Havoc"],"picked":"Armaments+1","floor":18},{"not_picked":["Heavy Blade","Metallicize"],"picked":"Ghostly Armor+1","floor":20},{"not_picked":["Heavy Blade","Pommel Strike","Perfected Strike"],"picked":"SKIP","floor":21},{"not_picked":["Headbutt","Iron Wave","Havoc"],"picked":"SKIP","floor":22}],"player_experience":1060016,"relics_obtained":[{"floor":7,"key":"Whetstone"},{"floor":9,"key":"Happy Flower"},{"floor":13,"key":"Orichalcum"}],"event_choices":[{"damage_healed":0,"gold_gain":75,"player_choice":"Gather Gold","damage_taken":11,"max_hp_gain":0,"max_hp_loss":0,"event_name":"World of Goop","floor":2,"gold_loss":0},{"damage_healed":0,"gold_gain":0,"player_choice":"Donut","damage_taken":0,"max_hp_gain":5,"max_hp_loss":0,"event_name":"Big Fish","floor":3,"gold_loss":0},{"damage_healed":0,"gold_gain":0,"player_choice":"Ignored","damage_taken":0,"max_hp_gain":0,"max_hp_loss":0,"event_name":"Liars Game","floor":11,"gold_loss":0}],"is_beta":false,"boss_relics":[{"not_picked":["Black Blood","Lizard Tail"],"picked":"Tiny House"}],"items_purged_floors":[14,19],"is_endless":false,"potions_floor_spawned":[5,7,16,20,21],"killed_by":"Book of Stabbing","ascension_level":18}