{"gold_per_floor":[118,131,131,143,143,143,177,189,228,259,271,301,363,393,405,492,504,491,15,15,15,65,65,75,75,75,75,108,128,128,128,128,128],"floor_reached":33,"playtime":2198,"items_purged":["Strike_G"],"score":500,"play_id":"4a15d8c3-b27d-48aa-bab4-3cc5929d2642","local_time":"20190122143355","is_ascension_mode":true,"campfire_choices":[{"data":"Deadly Poison","floor":6.0,"key":"SMITH"},{"floor":8.0,"key":"REST"},{"data":"Backstab","floor":11.0,"key":"SMITH"},{"floor":15.0,"key":"REST"},{"data":"Cloak And Dagger","floor":25.0,"key":"SMITH"},{"data":"Malaise","floor":27.0,"key":"SMITH"},{"floor":32,"key":"REST"}],"neow_cost":"NONE","seed_source_timestamp":138748051319,"circlet_count":0,"master_deck":["AscendersBane","Defend_G","Defend_G","Defend_G","Survivor","Neutralize+1","Backstab+1","Deadly Poison+1","Adrenaline","Flechettes","Envenom","Malaise+1","Cloak And Dagger+1","Well Laid Plans","Endless Agony","Leg Sweep+1","A Thousand Cuts","Ghostly","Ghostly","Ghostly"],"special_seed":0,"relics":["Ring of the Snake","MawBank","Vajra","Empty Cage","OrangePellets","Bronze Scales","Question Card"],"potions_floor_usage":[33,33],"damage_taken":[{"damage":0.0,"enemies":"2 Louse","floor":1.0,"turns":4.0},{"damage":3.0,"enemies":"Jaw Worm","floor":2.0,"turns":6.0},{"damage":0.0,"enemies":"Cultist","floor":4.0,"turns":4.0},{"damage":47.0,"enemies":"Gremlin Nob","floor":7.0,"turns":5.0},{"damage":0.0,"enemies":"Looter","floor":10.0,"turns":2.0},{"damage":0.0,"enemies":"Lots of Slimes","floor":12.0,"turns":3.0},{"damage":3.0,"enemies":"Blue Slaver","floor":14.0,"turns":2.0},{"damage":28.0,"enemies":"Slime Boss","floor":16.0,"turns":11.0},{"damage":17.0,"enemies":"2 Thieves","floor":18.0,"turns":4.0},{"damage":10.0,"enemies":"Spheric Guardian","floor":24.0,"turns":4.0},{"damage":41.0,"enemies":"Gremlin Leader","floor":28.0,"turns":9.0},{"damage":1.0,"enemies":"Chosen and Byrds","floor":29.0,"turns":5.0},{"damage":37,"enemies":"Champ","floor":33,"turns":13}],"seed_played":"2920307280555641715","potions_obtained":[{"floor":2.0,"key":"Swift Potion"},{"floor":4.0,"key":"Block Potion"},{"floor":7.0,"key":"SkillPotion"},{"floor":18.0,"key":"SneckoOil"},{"floor":24.0,"key":"LiquidBronze"},{"floor":28.0,"key":"Poison Potion"}],"is_trial":false,"path_per_floor":["M","M","?","M","?","R","E","R","T","M","R","M","?","M","R","B",null,"M","$","?","?","?","?","M","R","T","R","E","M","?","?","R","B"],"character_chosen":"THE_SILENT","items_purchased":["OrangePellets","Well Laid Plans","Regen Potion","LiquidBronze"],"campfire_rested":3,"item_purchase_floors":[19,19,19,19],"current_hp_per_floor":[59,56,56,56,56,56,9,28,28,28,28,28,28,25,44,16,54,37,37,50,50,50,50,52,52,52,52,11,10,10,10,19,0],"gold":128,"neow_bonus":"UPGRADE_CARD","is_prod":false,"is_daily":false,"chose_seed":false,"campfire_upgraded":4,"win_rate":0,"timestamp":1548164035,"path_taken":["M","M","?","M","?","R","E","R","T","M","R","?","?","M","R","BOSS","M","$","?","?","?","?","?","R","T","R","E","M","?","?","R","BOSS"],"build_version":"2019-01-17v2","purchased_purges":1,"victory":false,"max_hp_per_floor":[66,66,66,66,66,66,66,66,66,66,66,66,66,66,66,66,66,66,66,66,66,66,66,66,66,66,66,66,66,33,33,33,33],"card_choices":[{"not_picked":["Outmaneuver","Blade Dance"],"picked":"Backstab","floor":1.0},{"not_picked":["Terror","Dagger Spray"],"picked":"Deadly Poison","floor":2.0},{"not_picked":["Accuracy","Eviscerate","Deadly Poison"],"picked":"SKIP","floor":4.0},{"not_picked":["Dagger Throw","Outmaneuver"],"picked":"Adrenaline","floor":7.0},{"not_picked":["Acrobatics","Tactician","Bane"],"picked":"SKIP","floor":10.0},{"not_picked":["Deflect","Underhanded Strike"],"picked":"Flechettes","floor":12.0},{"not_picked":["Accuracy","Quick Slash"],"picked":"Envenom","floor":14.0},{"not_picked":["Doppelganger","Grand Finale"],"picked":"Malaise","floor":16.0},{"not_picked":["Leg Sweep","Flying Knee"],"picked":"Cloak And Dagger","floor":18.0},{"not_picked":["Sucker Punch","Cloak And Dagger+1"],"picked":"Leg Sweep+1","floor":24.0},{"not_picked":["Prepared+1","Deflect"],"picked":"A Thousand Cuts","floor":28.0},{"not_picked":["Sucker Punch","Distraction","Flying Knee","Dagger Throw"],"picked":"SKIP","floor":29.0}],"player_experience":974788,"relics_obtained":[{"floor":7.0,"key":"MawBank"},{"floor":9.0,"key":"Vajra"},{"floor":26.0,"key":"Bronze Scales"},{"floor":28.0,"key":"Question Card"}],"event_choices":[{"cards_removed":["Strike_G"],"damage_healed":0.0,"max_hp_gain":0.0,"max_hp_loss":0.0,"gold_gain":0.0,"event_name":"Living Wall","player_choice":"Forget","floor":3.0,"gold_loss":0.0,"damage_taken":0.0},{"cards_removed":["Strike_G"],"damage_healed":0.0,"max_hp_gain":0.0,"max_hp_loss":0.0,"gold_gain":0.0,"event_name":"Bonfire Elementals","player_choice":"Offered Basic","floor":5.0,"gold_loss":0.0,"damage_taken":0.0},{"damage_healed":0.0,"max_hp_gain":0.0,"max_hp_loss":0.0,"gold_gain":50.0,"event_name":"Golden Shrine","player_choice":"Pray","floor":13.0,"gold_loss":0.0,"damage_taken":0.0},{"damage_healed":13.0,"max_hp_gain":0.0,"max_hp_loss":0.0,"gold_gain":0.0,"event_name":"The Library","player_choice":"Heal","floor":20.0,"gold_loss":0.0,"damage_taken":0.0},{"damage_healed":0.0,"max_hp_gain":0.0,"max_hp_loss":0.0,"gold_gain":0.0,"cards_transformed":["Defend_G","Defend_G"],"event_name":"Drug Dealer","player_choice":"Became Test Subject","floor":21.0,"gold_loss":0.0,"damage_taken":0.0,"cards_obtained":["Dagger Throw","Endless Agony"]},{"damage_healed":0.0,"max_hp_gain":0.0,"max_hp_loss":0.0,"gold_gain":50.0,"event_name":"Nest","player_choice":"Stole From Cult","floor":22.0,"gold_loss":0.0,"damage_taken":0.0},{"cards_removed":["Dagger Throw"],"damage_healed":0.0,"max_hp_gain":0.0,"max_hp_loss":0.0,"gold_gain":0.0,"event_name":"Wheel of Change","player_choice":"Card Removal","floor":23.0,"gold_loss":0.0,"damage_taken":0.0},{"damage_healed":0.0,"max_hp_gain":0.0,"max_hp_loss":33.0,"gold_gain":0.0,"event_name":"Ghosts","player_choice":"Became a Ghost","floor":30.0,"gold_loss":0.0,"damage_taken":0.0,"cards_obtained":["Ghostly","Ghostly","Ghostly"]},{"damage_healed":0,"gold_gain":0,"player_choice":"Ignored","damage_taken":0,"max_hp_gain":0,"max_hp_loss":0,"event_name":"The Mausoleum","floor":31,"gold_loss":0}],"is_beta":false,"boss_relics":[{"not_picked":["Fusion Hammer","Philosopher\u0027s Stone"],"picked":"Empty Cage"}],"items_purged_floors":[19],"is_endless":false,"potions_floor_spawned":[2,4,7,12,18,24,28],"killed_by":"Champ","ascension_level":18}