{"gold_per_floor":[111,128,143,160,5,5,24,24,73,99,99,99,115,130,130,130],"floor_reached":16,"playtime":758,"items_purged":["Strike_B"],"score":161,"play_id":"5104c996-2db9-41a5-8128-7219a7ca4019","local_time":"20181210174203","is_ascension_mode":true,"campfire_choices":[{"floor":6,"key":"REST"},{"data":"Zap","floor":8,"key":"SMITH"},{"floor":12,"key":"REST"},{"floor":15,"key":"REST"}],"neow_cost":"PERCENT_DAMAGE","seed_source_timestamp":76757717162039,"circlet_count":0,"master_deck":["AscendersBane","Defend_B","Defend_B","Defend_B","Defend_B","Zap+1","Dualcast","Defragment","Tempest","Conserve Battery","BootSequence","Capacitor","Consume","Core Surge","Leap","Hologram"],"relics":["Cracked Core","Orichalcum","Mummified Hand"],"potions_floor_usage":[16,16],"damage_taken":[{"damage":17,"enemies":"Small Slimes","floor":1,"turns":3},{"damage":1,"enemies":"Cultist","floor":2,"turns":3},{"damage":3,"enemies":"Jaw Worm","floor":3,"turns":4},{"damage":10,"enemies":"3 Louse","floor":4,"turns":3},{"damage":1,"enemies":"Blue Slaver","floor":7,"turns":3},{"damage":23,"enemies":"Lagavulin","floor":10,"turns":6},{"damage":5,"enemies":"Looter","floor":13,"turns":3},{"damage":21,"enemies":"Lots of Slimes","floor":14,"turns":6},{"damage":41,"enemies":"Slime Boss","floor":16,"turns":7}],"seed_played":"-6552749447809852785","potions_obtained":[{"floor":3,"key":"Swift Potion"},{"floor":10,"key":"Swift Potion"}],"is_trial":false,"path_per_floor":["M","M","M","M","$","R","M","R","T","E","?","R","M","M","R","B"],"character_chosen":"DEFECT","items_purchased":["Capacitor"],"campfire_rested":3,"item_purchase_floors":[5],"current_hp_per_floor":[33,32,29,19,19,41,40,40,40,17,17,39,34,13,35,0],"gold":130,"neow_bonus":"REMOVE_TWO","is_prod":false,"is_daily":false,"chose_seed":false,"campfire_upgraded":1,"win_rate":0,"timestamp":1544460123,"path_taken":["M","M","M","M","$","R","M","R","T","E","?","R","M","M","R","BOSS"],"build_version":"2018-12-06","purchased_purges":1,"victory":false,"max_hp_per_floor":[75,75,75,75,75,75,75,75,75,75,75,75,75,75,75,75],"card_choices":[{"not_picked":["Ball Lightning","Barrage"],"picked":"Defragment","floor":1},{"not_picked":["Barrage","Redo"],"picked":"Tempest","floor":2},{"not_picked":["Hologram","Steam"],"picked":"Conserve Battery","floor":3},{"not_picked":["Sweeping Beam","Barrage"],"picked":"BootSequence","floor":4},{"not_picked":["Barrage","Hello World"],"picked":"Consume","floor":7},{"not_picked":["Steam","Loop"],"picked":"Core Surge","floor":10},{"not_picked":["Rebound","Stack"],"picked":"Leap","floor":13},{"not_picked":["Cold Snap","Aggregate"],"picked":"Hologram","floor":14}],"player_experience":553847,"relics_obtained":[{"floor":9,"key":"Orichalcum"},{"floor":10,"key":"Mummified Hand"}],"event_choices":[{"cards_removed":["Strike_B"],"damage_healed":0,"gold_gain":0,"player_choice":"Offered Basic","damage_taken":0,"max_hp_gain":0,"max_hp_loss":0,"event_name":"Bonfire Elementals","floor":11,"gold_loss":0}],"is_beta":false,"boss_relics":[],"items_purged_floors":[5],"is_endless":false,"potions_floor_spawned":[3,10,13],"killed_by":"Slime Boss","ascension_level":11}