{"path_per_floor":["M","M","?","$","M","R","M","M","T","$","M","M","R","M","R","B",null,"M","?","M","$","T","?","M","R","T","M","M","R","M","$","R"],"character_chosen":"IRONCLAD","items_purchased":[],"gold_per_floor":[111,129,129,54,68,68,84,103,103,3,19,37,37,50,50,148,148,160,160,173,48,48,48,63,63,63,74,94,94,104,104,104],"floor_reached":33,"campfire_rested":2,"playtime":2377,"current_hp_per_floor":[80,77,77,77,80,80,80,80,80,80,77,73,73,80,80,21,80,70,70,71,71,71,71,51,51,51,49,39,63,45,45,69],"items_purged":["Regret","Strike_R","Strike_R"],"gold":104,"score":243,"play_id":"a092a941-4949-4ed1-b773-accff97c5dee","is_prod":false,"is_daily":false,"is_ascension_mode":false,"campfire_upgraded":3,"path_taken":["M","M","?","$","M","R","?","M","T","$","M","M","R","M","R","BOSS","M","?","M","$","?","?","M","R","T","M","M","R","M","$","R","BOSS"],"build_version":"2018-02-22-PROD2","purchased_purges":3,"victory":false,"master_deck":["Strike_R","Strike_R","Strike_R","Defend_R","Defend_R","Defend_R","Defend_R","Bash+1","Flex+1","Pommel Strike","Flex+1","Whirlwind+1","Immolate","Fiend Fire","Shrug It Off+1","Shrug It Off+1","Sentinel"],"max_hp_per_floor":[80,80,80,80,80,80,80,80,80,80,80,80,80,80,80,80,80,80,80,80,80,80,80,80,80,80,80,80,80,80,80,80],"relics":["Burning Blood","Girya","Letter Opener","White Beast Statue","Pen Nib","Gambling Chip","Bag of Marbles","Ginger"],"card_choices":[{"not_picked":["Havoc","Headbutt"],"picked":"Flex"},{"not_picked":["Power Through","Entrench"],"picked":"Pommel Strike"},{"not_picked":["Warcry","Pommel Strike"],"picked":"Flex"},{"not_picked":["Dark Embrace","Wild Strike"],"picked":"Whirlwind"},{"not_picked":["Pommel Strike","Clash"],"picked":"Immolate"},{"not_picked":["Brutality","Double Tap"],"picked":"Fiend Fire"},{"not_picked":["Heavy Blade","Iron Wave"],"picked":"Shrug It Off"},{"not_picked":["Clash","Clothesline"],"picked":"Shrug It Off"},{"not_picked":["Rupture","Perfected Strike"],"picked":"Sentinel"}],"player_experience":84852,"potions_floor_usage":[5,7,11,14,20,27,27,30,33,33],"damage_taken":[{"damage":2.0,"enemies":"Small Slimes","floor":1.0,"turns":5.0},{"damage":9,"enemies":"2 Louse","floor":2,"turns":3},{"damage":5,"enemies":"Jaw Worm","floor":5,"turns":5},{"damage":8,"enemies":"Red Slaver","floor":7,"turns":5},{"damage":2,"enemies":"3 Louse","floor":8,"turns":3},{"damage":9,"enemies":"Exordium Thugs","floor":11,"turns":3},{"damage":10,"enemies":"Looter","floor":12,"turns":3},{"damage":6,"enemies":"Large Slime","floor":14,"turns":6},{"damage":65,"enemies":"Hexaghost","floor":16,"turns":9},{"damage":16,"enemies":"Chosen","floor":18,"turns":4},{"damage":5,"enemies":"3 Byrds","floor":20,"turns":4},{"damage":26,"enemies":"Snake Plant","floor":24,"turns":4},{"damage":8,"enemies":"Centurion and Healer","floor":27,"turns":3},{"damage":16,"enemies":"Cultist and Chosen","floor":28,"turns":5},{"damage":24,"enemies":"Snecko","floor":30,"turns":7},{"damage":67,"enemies":"Automaton","floor":33,"turns":12}],"event_choices":[{"event_name":"Big Fish","player_choice":"Box","floor":3,"damage_taken":0},{"event_name":"Wheel of Change","player_choice":"Relic","floor":19,"damage_taken":0},{"event_name":"The Mausoleum","player_choice":"Yes","floor":23,"damage_taken":0}],"boss_relics":[{"not_picked":["Philosopher\u0027s Stone","Runic Dome"],"picked":"White Beast Statue"}],"potions_floor_spawned":[2,5,7,11,18,20,24,27,28,30],"seed_played":"2888884723486651506","killed_by":"Automaton","ascension_level":0,"is_trial":false}