{"gold_per_floor":[14,14,30,30,50,50,84,84,84,97,97,112,137,149,149,227,227,246,246,263,31,50,81,92,104,104,133,144,178,178,188,188,263,263,278,289,20,38,38,65,65,92,118,134,148,178,191,204,204,204],"floor_reached":51,"playtime":3141,"items_purged":["Strike_B","Hello World"],"score":1694,"play_id":"6fb86677-99a3-4125-9fc6-1d2468c02aa0","local_time":"20190128203324","is_ascension_mode":true,"campfire_choices":[{"data":"Zap","floor":6.0,"key":"SMITH"},{"data":"Defragment","floor":8.0,"key":"SMITH"},{"floor":11,"key":"REST"},{"data":"Leap","floor":15,"key":"SMITH"},{"data":"Meteor Strike","floor":30,"key":"SMITH"},{"data":"Meteor Strike","floor":32,"key":"SMITH"},{"data":"Biased Cognition","floor":41,"key":"SMITH"},{"floor":49,"key":"REST"}],"neow_cost":"NO_GOLD","seed_source_timestamp":539541956652018,"circlet_count":0,"master_deck":["AscendersBane","Zap+1","Dualcast","Ball Lightning","Ball Lightning","Defragment+1","Glacier","Leap+1","Electrodynamics","Conserve Battery","Meteor Strike+1","Conserve Battery+1","Loop+1","Fission+1","Meteor Strike+1","Seek+1","Turbo+1","Defragment","Hyperbeam","Defragment","Biased Cognition+1","Tempest+1","Glacier+1","Mayhem","Conserve Battery+1","Biased Cognition+1","Tempest+1","Reinforced Body+1"],"special_seed":0,"relics":["Cracked Core","Happy Flower","DataDisk","PreservedInsect","Anchor","Snecko Eye","Toxic Egg 2","Cables","Strawberry","StoneCalendar","Pandora\u0027s Box","Regal Pillow","Frozen Egg 2","Unceasing Top","Centennial Puzzle","Oddly Smooth Stone"],"potions_floor_usage":[12,18,23,44],"damage_taken":[{"damage":12.0,"enemies":"Jaw Worm","floor":1.0,"turns":2.0},{"damage":0.0,"enemies":"Cultist","floor":3.0,"turns":2.0},{"damage":1.0,"enemies":"2 Louse","floor":5.0,"turns":2.0},{"damage":25.0,"enemies":"3 Sentries","floor":7.0,"turns":6.0},{"damage":6,"enemies":"Lots of Slimes","floor":10,"turns":3},{"damage":9,"enemies":"Red Slaver","floor":12,"turns":2},{"damage":3,"enemies":"Lagavulin","floor":13,"turns":4},{"damage":0,"enemies":"Blue Slaver","floor":14,"turns":3},{"damage":19,"enemies":"Hexaghost","floor":16,"turns":11},{"damage":6,"enemies":"Shell Parasite","floor":18,"turns":5},{"damage":0,"enemies":"3 Byrds","floor":20,"turns":2},{"damage":7,"enemies":"Snake Plant","floor":22,"turns":3},{"damage":0,"enemies":"Gremlin Leader","floor":23,"turns":4},{"damage":1,"enemies":"3 Cultists","floor":24,"turns":5},{"damage":0,"enemies":"Chosen and Byrds","floor":25,"turns":5},{"damage":0,"enemies":"Book of Stabbing","floor":27,"turns":4},{"damage":0,"enemies":"Sentry and Sphere","floor":28,"turns":3},{"damage":0,"enemies":"Gremlin Leader","floor":29,"turns":4},{"damage":0,"enemies":"Snecko","floor":31,"turns":3},{"damage":4,"enemies":"Collector","floor":33,"turns":7},{"damage":0,"enemies":"3 Shapes","floor":35,"turns":2},{"damage":0,"enemies":"3 Darklings","floor":36,"turns":3},{"damage":5,"enemies":"Maw","floor":38,"turns":4},{"damage":4,"enemies":"Reptomancer","floor":40,"turns":4},{"damage":0,"enemies":"Giant Head","floor":42,"turns":5},{"damage":27,"enemies":"Spire Growth","floor":44,"turns":6},{"damage":2,"enemies":"Jaw Worm Horde","floor":45,"turns":3},{"damage":17,"enemies":"Nemesis","floor":46,"turns":4},{"damage":0,"enemies":"3 Darklings","floor":47,"turns":1},{"damage":0,"enemies":"Spire Growth","floor":48,"turns":3},{"damage":22,"enemies":"Awakened One","floor":50,"turns":15}],"seed_played":"-8155144022505464520","potions_obtained":[{"floor":3.0,"key":"Swift Potion"},{"floor":5.0,"key":"Swift Potion"},{"floor":13,"key":"Regen Potion"},{"floor":18,"key":"LiquidBronze"},{"floor":22,"key":"PowerPotion"},{"floor":24,"key":"Regen Potion"},{"floor":44,"key":"LiquidBronze"},{"floor":47,"key":"PowerPotion"}],"is_trial":false,"path_per_floor":["M","?","M","T","M","R","E","R","T","M","R","M","E","M","R","B",null,"M","?","M","$","M","E","M","M","T","E","M","E","R","M","R","B",null,"M","M","$","M","?","E","R","E","T","M","M","E","M","M","R","B",null],"character_chosen":"DEFECT","items_purchased":["Meteor Strike","Regal Pillow"],"campfire_rested":2,"item_purchase_floors":[21,37],"current_hp_per_floor":[66,66,66,66,65,65,40,40,40,34,59,50,47,47,47,28,71,79,79,79,79,72,72,71,71,71,78,78,78,78,78,78,74,88,88,88,88,83,73,69,69,69,69,56,54,37,37,37,79,57],"gold":204,"neow_bonus":"TWENTY_PERCENT_HP_BONUS","is_prod":false,"is_daily":false,"chose_seed":false,"campfire_upgraded":6,"win_rate":0,"timestamp":1548704004,"path_taken":["M","?","M","?","M","R","E","R","T","M","R","M","E","?","R","BOSS","M","?","?","$","M","E","M","M","T","E","?","E","R","M","R","BOSS","M","M","$","M","?","E","R","E","T","M","M","E","M","M","R","BOSS"],"build_version":"2019-01-23","purchased_purges":2,"victory":true,"max_hp_per_floor":[85,85,85,85,85,85,85,85,85,85,85,85,85,85,85,85,85,85,85,85,85,85,85,85,85,85,92,92,92,92,92,92,92,92,92,92,92,92,92,92,92,92,92,92,92,92,92,92,92,92],"card_choices":[{"not_picked":["Scrape","Conserve Battery"],"picked":"Ball Lightning","floor":1.0},{"not_picked":["Beam Cell","Redo"],"picked":"Ball Lightning","floor":3.0},{"not_picked":["Steam","Leap"],"picked":"Defragment","floor":5.0},{"not_picked":["Darkness","Rainbow"],"picked":"Glacier","floor":7.0},{"not_picked":["Beam Cell","Auto Shields","Barrage"],"picked":"SKIP","floor":10},{"not_picked":["Double Energy","FTL"],"picked":"Leap","floor":12},{"not_picked":["Turbo","Hello World","Rebound"],"picked":"SKIP","floor":13},{"not_picked":["Recycle","Redo","Go for the Eyes"],"picked":"SKIP","floor":14},{"not_picked":["Rainbow","Multi-Cast"],"picked":"Electrodynamics","floor":16},{"not_picked":["Cold Snap","Compile Driver+1","Steam Power"],"picked":"SKIP","floor":18},{"not_picked":["Cold Snap","Recycle"],"picked":"Conserve Battery","floor":20},{"not_picked":["Auto Shields","Streamline"],"picked":"Conserve Battery+1","floor":22},{"not_picked":["Leap","Go for the Eyes"],"picked":"Loop+1","floor":23},{"not_picked":["Double Energy+1","Coolheaded+1"],"picked":"Fission+1","floor":24},{"not_picked":["Stack+1","Streamline","Sweeping Beam"],"picked":"SKIP","floor":25},{"not_picked":["Redo+1","Barrage","Streamline"],"picked":"SKIP","floor":27},{"not_picked":["Undo+1","Stack+1"],"picked":"Meteor Strike","floor":28},{"not_picked":["Reboot+1","Sweeping Beam","Stack+1"],"picked":"SKIP","floor":29},{"not_picked":["Undo+1","Compile Driver","Beam Cell+1"],"picked":"SKIP","floor":31},{"not_picked":["All For One","Amplify+1"],"picked":"Seek+1","floor":33},{"not_picked":["Chill+1","Steam Power+1","Rebound"],"picked":"SKIP","floor":35},{"not_picked":["Go for the Eyes+1","Storm"],"picked":"Tempest+1","floor":36},{"not_picked":["Tempest+1","Force Field+1"],"picked":"Glacier+1","floor":38},{"not_picked":["Blind+1","Mind Blast"],"picked":"Mayhem","floor":39},{"not_picked":["Gash","Sweeping Beam"],"picked":"Conserve Battery+1","floor":40},{"not_picked":["Doom and Gloom","Core Surge"],"picked":"Biased Cognition+1","floor":42},{"not_picked":["Steam+1","FTL","Ball Lightning"],"picked":"SKIP","floor":44},{"not_picked":["Steam+1","FTL","Ball Lightning"],"picked":"SKIP","floor":44},{"not_picked":["Steam Power+1","Static Discharge+1","Steam+1"],"picked":"SKIP","floor":45},{"not_picked":["Go for the Eyes","Scrape","Force Field+1"],"picked":"SKIP","floor":46},{"not_picked":["BootSequence+1","Stack+1"],"picked":"Tempest+1","floor":47},{"not_picked":["Turbo+1","Reboot+1"],"picked":"Reinforced Body+1","floor":48}],"player_experience":1046436,"relics_obtained":[{"floor":4.0,"key":"Happy Flower"},{"floor":7.0,"key":"DataDisk"},{"floor":9.0,"key":"PreservedInsect"},{"floor":13,"key":"Anchor"},{"floor":23,"key":"Toxic Egg 2"},{"floor":26,"key":"Cables"},{"floor":27,"key":"Strawberry"},{"floor":29,"key":"StoneCalendar"},{"floor":40,"key":"Frozen Egg 2"},{"floor":42,"key":"Unceasing Top"},{"floor":43,"key":"Centennial Puzzle"},{"floor":46,"key":"Oddly Smooth Stone"}],"event_choices":[{"damage_healed":0.0,"max_hp_gain":0.0,"max_hp_loss":0.0,"gold_gain":0.0,"event_name":"Liars Game","player_choice":"Ignored","floor":2.0,"gold_loss":0.0,"damage_taken":0.0},{"cards_removed":["Strike_B"],"damage_healed":0,"gold_gain":0,"player_choice":"Purged","damage_taken":0,"max_hp_gain":0,"max_hp_loss":0,"event_name":"Purifier","floor":19,"gold_loss":0},{"damage_healed":0,"gold_gain":0,"player_choice":"Memory 3","damage_taken":10,"max_hp_gain":0,"max_hp_loss":0,"event_name":"SensoryStone","floor":39,"gold_loss":0}],"is_beta":false,"boss_relics":[{"not_picked":["Cursed Key","Sozu"],"picked":"Snecko Eye"},{"not_picked":["FrozenCore","Black Star"],"picked":"Pandora\u0027s Box"}],"items_purged_floors":[21,37],"is_endless":false,"potions_floor_spawned":[3,5,13,16,18,22,24,25,28,31,36,40,42,44,47],"ascension_level":18}