{"path_per_floor":["M","?","M","M","$","E","R","?","T","M","M","?","R","M","R","B",null,"M","$","?","M","M","R","M","M","T","M","R","$","?","M","R"],"character_chosen":"IRONCLAD","items_purchased":["Disarm","Battle Trance"],"gold_per_floor":[115,115,131,146,71,100,100,50,73,93,103,125,125,136,136,234,234,215,40,40,54,71,71,90,103,103,115,115,36,36,54,54],"floor_reached":33,"campfire_rested":3,"playtime":4010,"current_hp_per_floor":[80,73,74,80,80,27,51,51,51,50,51,50,50,55,55,11,80,73,73,73,64,38,62,35,33,33,25,49,49,75,80,80],"items_purged":["Strike_R","Strike_R"],"gold":54,"score":251,"play_id":"4a47f470-18f5-47d6-ba53-1f9dd569b408","is_prod":false,"is_daily":false,"is_ascension_mode":false,"campfire_upgraded":3,"path_taken":["M","?","M","M","$","E","R","?","T","M","M","?","R","M","R","BOSS","M","$","?","M","M","R","M","M","T","M","R","$","?","M","R","BOSS"],"build_version":"2018-02-15-PROD1","purchased_purges":2,"victory":false,"master_deck":["Defend_R","Defend_R","Defend_R","Defend_R","Bash","Cleave","Body Slam+1","Whirlwind+1","Shrug It Off","Limit Break","Disarm","Battle Trance+1"],"max_hp_per_floor":[80,80,80,80,80,80,80,80,80,80,80,80,80,80,80,80,80,80,80,80,80,80,80,80,80,80,80,80,80,80,80,80],"relics":["Black Blood","Frozen Egg 2","Bag of Preparation","Odd Mushroom","Thread and Needle"],"card_choices":[{"not_picked":["Sever Soul","Body Slam"],"picked":"Cleave"},{"not_picked":["Clothesline","Cleave"],"picked":"Body Slam"},{"not_picked":["Thunderclap","Spot Weakness"],"picked":"Whirlwind"},{"not_picked":["Shockwave","Heavy Blade"],"picked":"Shrug It Off"},{"not_picked":["Brutality","Immolate"],"picked":"Limit Break"}],"player_experience":77009,"potions_floor_usage":[16,16,16,24,24,25,33],"damage_taken":[{"damage":5,"enemies":"Small Slimes","floor":1,"turns":4},{"damage":5,"enemies":"Jaw Worm","floor":3,"turns":4},{"damage":0,"enemies":"Cultist","floor":4,"turns":4},{"damage":59,"enemies":"Gremlin Nob","floor":6,"turns":6},{"damage":7,"enemies":"3 Louse","floor":10,"turns":2},{"damage":5,"enemies":"2 Fungi Beasts","floor":11,"turns":4},{"damage":7,"enemies":"The Mushroom Lair","floor":12,"turns":4},{"damage":1,"enemies":"Exordium Wildlife","floor":14,"turns":2},{"damage":50,"enemies":"The Guardian","floor":16,"turns":17},{"damage":17,"enemies":"2 Thieves","floor":18,"turns":4},{"damage":19,"enemies":"Shell Parasite","floor":21,"turns":11},{"damage":36,"enemies":"Snake Plant","floor":22,"turns":7},{"damage":37,"enemies":"Slaver and Parasite","floor":24,"turns":11},{"damage":12,"enemies":"Centurion and Healer","floor":25,"turns":9},{"damage":18,"enemies":"3 Cultists","floor":27,"turns":6},{"damage":0,"enemies":"Snecko","floor":31,"turns":5},{"damage":89,"enemies":"Champ","floor":33,"turns":21}],"event_choices":[{"event_name":"Golden Wing","player_choice":"Card Removal","floor":2,"damage_taken":0},{"event_name":"The Cleric","player_choice":"Card Removal","floor":8,"damage_taken":0},{"event_name":"Mushrooms","player_choice":"Fought Mushrooms","floor":12,"damage_taken":0},{"event_name":"Addict","player_choice":"Ignored","floor":20,"damage_taken":0},{"event_name":"The Library","player_choice":"Heal","floor":30,"damage_taken":0}],"boss_relics":[{"not_picked":["Calling Bell","White Beast Statue"],"picked":"Black Blood"}],"potions_floor_spawned":[1,6,12,16,22,24,27],"seed_played":"7689289904930850150","killed_by":"Champ","ascension_level":0,"is_trial":false}