{"gold_per_floor":[113,133,133,133,154,8,21,54,54,54,54,95,18,34,34,164,164,183,183,183,207,118,161,161,187,187,187,40,61,61,77,77,77],"floor_reached":33,"playtime":901,"items_purged":["Shame"],"score":273,"play_id":"94aea10b-7e44-438f-86c4-f599eaa4dafb","local_time":"20190117154911","is_ascension_mode":false,"campfire_choices":[{"data":"Perfected Strike","floor":10.0,"key":"SMITH"},{"floor":15.0,"key":"REST"},{"data":"Inflame","floor":24.0,"key":"SMITH"},{"data":"Wild Strike","floor":27.0,"key":"SMITH"},{"data":"Double Tap","floor":30.0,"key":"SMITH"},{"data":"Disarm","floor":32.0,"key":"SMITH"}],"neow_cost":"NONE","seed_source_timestamp":167839582914362,"circlet_count":0,"master_deck":["Strike_R","Strike_R","Strike_R","Strike_R","Strike_R","Defend_R","Bash+1","Inflame+1","Wild Strike+1","Perfected Strike+1","Pommel Strike","Regret","Bash+1","Madness","Rampage+1","Blood for Blood+1","Metallicize","Immolate+1","Anger+1","Impervious","Pummel+1","Dramatic Entrance+1","Writhe","Double Tap+1","Blood for Blood+1","Disarm+1"],"special_seed":0,"relics":["Burning Blood","Golden Idol","PreservedInsect","Blue Candle","Molten Egg 2","Kunai","Cursed Key","Strawberry","Oddly Smooth Stone","Meat on the Bone"],"potions_floor_usage":[33,33,33],"damage_taken":[{"damage":0.0,"enemies":"2 Louse","floor":1.0,"turns":2.0},{"damage":6.0,"enemies":"Jaw Worm","floor":2.0,"turns":3.0},{"damage":8.0,"enemies":"Small Slimes","floor":5.0,"turns":3.0},{"damage":11.0,"enemies":"3 Louse","floor":7.0,"turns":2.0},{"damage":21.0,"enemies":"3 Sentries","floor":8.0,"turns":6.0},{"damage":30.0,"enemies":"Lagavulin","floor":12.0,"turns":4.0},{"damage":10.0,"enemies":"Blue Slaver","floor":14.0,"turns":3.0},{"damage":12.0,"enemies":"Hexaghost","floor":16.0,"turns":7.0},{"damage":16.0,"enemies":"3 Byrds","floor":18.0,"turns":4.0},{"damage":17.0,"enemies":"2 Thieves","floor":21.0,"turns":3.0},{"damage":21.0,"enemies":"Slavers","floor":23.0,"turns":3.0},{"damage":12.0,"enemies":"Centurion and Healer","floor":29.0,"turns":3.0},{"damage":13.0,"enemies":"3 Cultists","floor":31.0,"turns":4.0},{"damage":70,"enemies":"Champ","floor":33,"turns":6}],"seed_played":"6132480294891780676","potions_obtained":[{"floor":1.0,"key":"EssenceOfSteel"},{"floor":7.0,"key":"Weak Potion"},{"floor":14.0,"key":"SkillPotion"},{"floor":16.0,"key":"FairyPotion"},{"floor":18.0,"key":"FearPotion"},{"floor":21.0,"key":"Explosive Potion"}],"is_trial":false,"path_per_floor":["M","M","?","?","M","$","M","E","T","R","?","E","$","M","R","B",null,"M","?","?","M","$","E","R","T","T","R","$","M","R","M","R","B"],"character_chosen":"IRONCLAD","items_purchased":["PreservedInsect","Blood for Blood+1","Dramatic Entrance+1","Double Tap"],"campfire_rested":1,"item_purchase_floors":[6,13,22,28],"current_hp_per_floor":[80,80,74,67,65,65,60,45,45,45,45,21,21,17,39,33,74,64,64,64,53,53,45,45,45,45,45,45,51,51,56,56,0],"gold":77,"neow_bonus":"UPGRADE_CARD","is_prod":false,"is_daily":false,"chose_seed":false,"campfire_upgraded":5,"win_rate":0,"timestamp":1547736551,"path_taken":["M","M","?","?","M","$","M","E","T","R","?","E","$","?","R","BOSS","M","?","?","M","$","E","R","?","T","R","?","?","R","M","R","BOSS"],"build_version":"2019-01-10","purchased_purges":1,"victory":false,"max_hp_per_floor":[80,80,74,74,74,74,74,74,74,74,74,74,74,74,74,74,74,74,74,74,74,74,81,81,81,81,81,81,81,81,81,81,81],"card_choices":[{"not_picked":["Warcry","Dual Wield"],"picked":"Inflame","floor":1.0},{"not_picked":["Clash","Seeing Red"],"picked":"Wild Strike","floor":2.0},{"not_picked":["Clash","Body Slam"],"picked":"Perfected Strike","floor":5.0},{"not_picked":["Entrench","Body Slam","Havoc"],"picked":"SKIP","floor":7.0},{"not_picked":["Juggernaut","Intimidate"],"picked":"Pommel Strike","floor":8.0},{"not_picked":["Corruption","Bloodletting"],"picked":"Rampage+1","floor":12.0},{"not_picked":["Havoc","Sword Boomerang+1"],"picked":"Metallicize","floor":14.0},{"not_picked":["Offering","Brutality"],"picked":"Immolate+1","floor":16.0},{"not_picked":["Combust","Warcry"],"picked":"Anger+1","floor":18.0},{"not_picked":["True Grit","Shrug It Off","Infernal Blade+1"],"picked":"SKIP","floor":21.0},{"not_picked":["Bloodletting","Cleave+1","Power Through"],"picked":"SKIP","floor":23.0},{"not_picked":["True Grit","Warcry"],"picked":"Blood for Blood+1","floor":29.0},{"not_picked":["Shrug It Off+1","Hemokinesis+1"],"picked":"Disarm","floor":31.0}],"player_experience":907957,"relics_obtained":[{"floor":8.0,"key":"Blue Candle"},{"floor":9.0,"key":"Molten Egg 2"},{"floor":12.0,"key":"Kunai"},{"floor":23.0,"key":"Strawberry"},{"floor":25.0,"key":"Oddly Smooth Stone"},{"floor":26.0,"key":"Meat on the Bone"}],"event_choices":[{"damage_healed":0.0,"max_hp_gain":0.0,"max_hp_loss":6.0,"gold_gain":0.0,"event_name":"Golden Idol","player_choice":"Lose Max HP","floor":3.0,"gold_loss":0.0,"damage_taken":0.0,"relics_obtained":["Golden Idol"]},{"cards_removed":["Defend_R"],"damage_healed":0.0,"max_hp_gain":0.0,"max_hp_loss":0.0,"gold_gain":0.0,"event_name":"Golden Wing","player_choice":"Card Removal","floor":4.0,"gold_loss":0.0,"damage_taken":7.0},{"damage_healed":0.0,"max_hp_gain":0.0,"max_hp_loss":0.0,"gold_gain":0.0,"event_name":"Match and Keep!","player_choice":"3 cards matched","floor":11.0,"gold_loss":0.0,"damage_taken":0.0,"cards_obtained":["Regret","Bash","Madness"]},{"damage_healed":0.0,"max_hp_gain":0.0,"max_hp_loss":0.0,"gold_gain":0.0,"cards_transformed":["Defend_R","Defend_R"],"event_name":"Drug Dealer","player_choice":"Became Test Subject","floor":19.0,"gold_loss":0.0,"damage_taken":0.0,"cards_obtained":["Impervious","Pummel"]},{"damage_healed":0.0,"max_hp_gain":0.0,"max_hp_loss":0.0,"gold_gain":0.0,"event_name":"Ghosts","player_choice":"Ignored","floor":20.0,"gold_loss":0.0,"damage_taken":0.0}],"is_beta":false,"boss_relics":[{"not_picked":["Lizard Tail","Ectoplasm"],"picked":"Cursed Key"}],"items_purged_floors":[28],"is_endless":false,"potions_floor_spawned":[1,7,14,16,18,21],"killed_by":"Champ","ascension_level":0}