{"gold_per_floor":[112,130,180,194,194,194,208,208,208,235,84,99,99,99,99,195,195,219,219,219,240,253,253,269,269,269,134,134,9,27,27],"floor_reached":31,"playtime":4670,"items_purged":["Strike_G","Strike_G","Strike_G"],"score":411,"play_id":"cf3ff467-1820-4ad2-965f-debb3844bbf4","local_time":"20190116175845","is_ascension_mode":true,"campfire_choices":[{"data":"Crippling Poison","floor":6.0,"key":"SMITH"},{"data":"Neutralize","floor":8.0,"key":"SMITH"},{"data":"Noxious Fumes","floor":13.0,"key":"SMITH"},{"floor":15.0,"key":"REST"},{"floor":23.0,"key":"REST"},{"floor":25.0,"key":"REST"},{"data":"Bouncing Flask","floor":28.0,"key":"SMITH"}],"neow_cost":"NONE","seed_source_timestamp":0,"circlet_count":0,"master_deck":["AscendersBane","Defend_G","Defend_G","Defend_G","Defend_G","Defend_G","Strike_G","Survivor","Neutralize+1","Crippling Poison+1","Deadly Poison","Noxious Fumes+1","Escape Plan","Bouncing Flask+1"],"special_seed":0,"relics":["Ring of the Snake","NeowsBlessing","Paper Crane","Gremlin Horn","Golden Idol","Black Star","Boot","Pen Nib"],"potions_floor_usage":[31,31],"damage_taken":[{"damage":0.0,"enemies":"2 Louse","floor":1.0,"turns":1.0},{"damage":0.0,"enemies":"Cultist","floor":2.0,"turns":1.0},{"damage":0.0,"enemies":"Small Slimes","floor":4.0,"turns":1.0},{"damage":2.0,"enemies":"Looter","floor":7.0,"turns":4.0},{"damage":21.0,"enemies":"3 Sentries","floor":10.0,"turns":12.0},{"damage":1.0,"enemies":"2 Fungi Beasts","floor":12.0,"turns":3.0},{"damage":28.0,"enemies":"Hexaghost","floor":16.0,"turns":10.0},{"damage":20.0,"enemies":"2 Thieves","floor":18.0,"turns":4.0},{"damage":12.0,"enemies":"Spheric Guardian","floor":21.0,"turns":7.0},{"damage":12.0,"enemies":"Snecko","floor":22.0,"turns":6.0},{"damage":20.0,"enemies":"3 Cultists","floor":24.0,"turns":6.0},{"damage":5.0,"enemies":"Centurion and Healer","floor":30.0,"turns":7.0},{"damage":20,"enemies":"Gremlin Leader","floor":31,"turns":5}],"seed_played":"-5088523798191911128","potions_obtained":[{"floor":1.0,"key":"Explosive Potion"},{"floor":4.0,"key":"SpeedPotion"},{"floor":7.0,"key":"Swift Potion"},{"floor":10.0,"key":"Fire Potion"},{"floor":16.0,"key":"Poison Potion"},{"floor":21.0,"key":"GamblersBrew"},{"floor":22.0,"key":"Swift Potion"},{"floor":24.0,"key":"LiquidBronze"}],"is_trial":false,"path_per_floor":["M","M","?","M","?","R","M","R","T","E","$","M","R","?","R","B",null,"M","?","?","M","M","R","M","R","T","$","R","$","M","E"],"character_chosen":"THE_SILENT","items_purchased":["Noxious Fumes","Bouncing Flask"],"campfire_rested":3,"item_purchase_floors":[11,27],"current_hp_per_floor":[59,59,53,53,46,46,44,44,44,23,23,22,22,22,40,12,48,28,28,28,16,4,22,2,20,20,20,20,20,15,0],"gold":27,"neow_bonus":"THREE_ENEMY_KILL","is_prod":false,"is_daily":false,"chose_seed":false,"campfire_upgraded":4,"win_rate":0,"timestamp":1547657925,"path_taken":["M","M","?","?","?","R","M","R","T","E","$","M","R","?","R","BOSS","M","?","?","M","?","R","M","R","T","$","R","$","M","E"],"build_version":"2019-01-10","purchased_purges":3,"victory":false,"max_hp_per_floor":[66,66,66,66,66,66,66,66,66,66,66,66,66,60,60,60,60,60,60,60,60,60,60,60,60,60,60,60,60,60,60],"card_choices":[{"not_picked":["Infinite Blades","Prepared","Dodge and Roll"],"picked":"SKIP","floor":1.0},{"not_picked":["Poisoned Stab","Sucker Punch"],"picked":"Crippling Poison","floor":2.0},{"not_picked":["Reflex","Cloak And Dagger","Deflect"],"picked":"SKIP","floor":4.0},{"not_picked":["Eviscerate","Slice"],"picked":"Deadly Poison","floor":7.0},{"not_picked":["Bullet Time","Dodge and Roll","Underhanded Strike"],"picked":"SKIP","floor":10.0},{"not_picked":["Endless Agony","Caltrops","Prepared"],"picked":"SKIP","floor":12.0},{"not_picked":["Caltrops","Slice","Escape Plan+1"],"picked":"SKIP","floor":18.0},{"not_picked":["Acrobatics+1","Distraction","Dodge and Roll"],"picked":"SKIP","floor":21.0},{"not_picked":["Acrobatics+1","Distraction","Dodge and Roll"],"picked":"SKIP","floor":21.0},{"not_picked":["Underhanded Strike","Noxious Fumes","Masterful Stab"],"picked":"SKIP","floor":22.0},{"not_picked":["Blur","Flying Knee"],"picked":"Escape Plan","floor":24.0},{"not_picked":["Blade Dance","Slice","Deadly Poison"],"picked":"SKIP","floor":30.0}],"player_experience":878893,"relics_obtained":[{"floor":9.0,"key":"Paper Crane"},{"floor":10.0,"key":"Gremlin Horn"},{"floor":20.0,"key":"Boot"},{"floor":26.0,"key":"Pen Nib"}],"event_choices":[{"damage_healed":0.0,"max_hp_gain":0.0,"max_hp_loss":0.0,"gold_gain":50.0,"event_name":"FaceTrader","player_choice":"Touch","floor":3.0,"gold_loss":0.0,"damage_taken":6.0},{"cards_removed":["Strike_G"],"damage_healed":0.0,"max_hp_gain":0.0,"max_hp_loss":0.0,"gold_gain":0.0,"event_name":"Golden Wing","player_choice":"Card Removal","floor":5.0,"gold_loss":0.0,"damage_taken":7.0},{"damage_healed":0.0,"max_hp_gain":0.0,"max_hp_loss":6.0,"gold_gain":0.0,"event_name":"Golden Idol","player_choice":"Lose Max HP","floor":14.0,"gold_loss":0.0,"damage_taken":0.0,"relics_obtained":["Golden Idol"]},{"damage_healed":0.0,"max_hp_gain":0.0,"max_hp_loss":0.0,"gold_gain":0.0,"event_name":"The Mausoleum","player_choice":"Ignored","floor":19.0,"gold_loss":0.0,"damage_taken":0.0},{"damage_healed":0.0,"max_hp_gain":0.0,"max_hp_loss":0.0,"gold_gain":0.0,"event_name":"Wheel of Change","player_choice":"Relic","floor":20.0,"gold_loss":0.0,"damage_taken":0.0}],"is_beta":false,"boss_relics":[{"not_picked":["Ectoplasm","Velvet Choker"],"picked":"Black Star"}],"items_purged_floors":[11,27,29],"is_endless":false,"potions_floor_spawned":[1,4,7,10,16,21,22,24],"killed_by":"Gremlin Leader","ascension_level":15}