{"gold_per_floor":[110,110,130,143,162,192,192,267,267,267,267,297,309,326,326,431,431,447,447,292,310,225,265,277,322,334,346,358,370,382,187,187,187],"floor_reached":33,"playtime":2407,"items_purged":["Strike_R"],"score":426,"play_id":"00432eb0-6ef0-4ab7-9e82-1a1d751187c9","local_time":"20190105135228","is_ascension_mode":true,"campfire_choices":[{"data":"Pommel Strike","floor":7,"key":"SMITH"},{"data":"Inflame","floor":11,"key":"SMITH"},{"data":"Bash","floor":15,"key":"SMITH"},{"data":"Shrug It Off","floor":24,"key":"SMITH"},{"data":"Carnage","floor":30,"key":"SMITH"},{"data":"Anger","floor":32,"key":"SMITH"}],"neow_cost":"NONE","seed_source_timestamp":91830107150552,"circlet_count":0,"master_deck":["Strike_R+1","Strike_R+1","Strike_R+1","Defend_R+1","Defend_R+1","Defend_R+1","Defend_R+1","Bash+1","Twin Strike","Sentinel","Clash","Pommel Strike+1","Inflame+1","Headbutt","Iron Wave","Carnage+1","Shrug It Off+1","Reaper","Heavy Blade+1","Battle Trance","Cleave","Thunderclap","Shrug It Off+1","Anger+1"],"relics":["Burning Blood","Dream Catcher","Vajra","Gremlin Horn","Coffee Dripper","PreservedInsect","MawBank","Darkstone Periapt","The Courier","Kunai","DollysMirror"],"potions_floor_usage":[12,12,16,23,25,33],"damage_taken":[{"damage":8,"enemies":"Jaw Worm","floor":1,"turns":4},{"damage":1,"enemies":"Cultist","floor":3,"turns":3},{"damage":3,"enemies":"Small Slimes","floor":4,"turns":2},{"damage":7,"enemies":"Looter","floor":5,"turns":3},{"damage":20,"enemies":"3 Sentries","floor":6,"turns":10},{"damage":15,"enemies":"Lagavulin","floor":12,"turns":3},{"damage":7,"enemies":"Exordium Wildlife","floor":13,"turns":3},{"damage":3,"enemies":"Blue Slaver","floor":14,"turns":2},{"damage":0,"enemies":"Slime Boss","floor":16,"turns":4},{"damage":17,"enemies":"2 Thieves","floor":18,"turns":4},{"damage":7,"enemies":"3 Byrds","floor":21,"turns":4},{"damage":26,"enemies":"Book of Stabbing","floor":23,"turns":4},{"damage":28,"enemies":"Slavers","floor":25,"turns":3},{"damage":39,"enemies":"Colosseum Slavers","floor":27,"turns":3},{"damage":43,"enemies":"Champ","floor":33,"turns":6}],"seed_played":"3467724878443472928","potions_obtained":[{"floor":0,"key":"Poison Potion"},{"floor":0,"key":"Block Potion"},{"floor":0,"key":"SmokeBomb"},{"floor":4,"key":"Poison Potion"},{"floor":12,"key":"Fire Potion"},{"floor":14,"key":"LiquidBronze"},{"floor":16,"key":"Ancient Potion"},{"floor":23,"key":"SkillPotion"}],"is_trial":false,"path_per_floor":["M","?","M","M","M","E","R","?","T","?","R","E","M","M","R","B",null,"M","?","$","M","?","E","R","E","T","?","?","?","R","$","R","B"],"character_chosen":"IRONCLAD","items_purchased":["Battle Trance","DollysMirror","Anger"],"campfire_rested":0,"item_purchase_floors":[20,31,31],"current_hp_per_floor":[78,78,80,80,79,65,65,54,54,38,38,29,28,31,31,37,69,66,66,66,76,76,56,56,35,35,17,17,43,43,43,43,0],"gold":187,"neow_bonus":"THREE_SMALL_POTIONS","is_prod":false,"is_daily":false,"chose_seed":false,"campfire_upgraded":6,"win_rate":0,"timestamp":1546717948,"path_taken":["M","?","M","?","M","E","R","?","T","?","R","E","M","M","R","BOSS","M","?","$","M","?","E","R","E","T","?","?","?","R","$","R","BOSS"],"build_version":"2019-01-03v4","purchased_purges":1,"victory":false,"max_hp_per_floor":[80,80,80,80,80,80,80,80,80,80,80,80,80,80,80,80,80,80,80,80,80,80,80,80,80,80,80,80,80,80,80,80,80],"card_choices":[{"not_picked":["Anger","Intimidate"],"picked":"Twin Strike","floor":1},{"not_picked":["Havoc","Sever Soul"],"picked":"Clash","floor":3},{"not_picked":["Ghostly Armor","Pummel"],"picked":"Pommel Strike","floor":4},{"not_picked":["Reckless Charge","Clash"],"picked":"Inflame","floor":5},{"not_picked":["Reckless Charge","Flex"],"picked":"Headbutt","floor":6},{"not_picked":["Sentinel","Rupture"],"picked":"Iron Wave","floor":12},{"not_picked":["Feel No Pain","Flex"],"picked":"Carnage","floor":13},{"not_picked":["Heavy Blade","Entrench"],"picked":"Shrug It Off","floor":14},{"not_picked":["Bludgeon","Impervious"],"picked":"Reaper","floor":16},{"not_picked":["Body Slam","Cleave"],"picked":"Heavy Blade+1","floor":18},{"not_picked":["Reckless Charge","Twin Strike+1"],"picked":"Cleave","floor":21},{"not_picked":["Iron Wave","Battle Trance","Sword Boomerang+1"],"picked":"SKIP","floor":23},{"not_picked":["Twin Strike","Barricade"],"picked":"Thunderclap","floor":25}],"player_experience":304534,"relics_obtained":[{"floor":6,"key":"Dream Catcher"},{"floor":9,"key":"Vajra"},{"floor":12,"key":"Gremlin Horn"},{"floor":23,"key":"Darkstone Periapt"},{"floor":25,"key":"The Courier"},{"floor":26,"key":"Kunai"}],"event_choices":[{"damage_healed":0,"gold_gain":0,"cards_transformed":["Strike_R"],"player_choice":"Transformed","damage_taken":0,"max_hp_gain":0,"max_hp_loss":0,"event_name":"Transmorgrifier","floor":2,"gold_loss":0,"cards_obtained":["Sentinel"]},{"damage_healed":0,"gold_gain":75,"player_choice":"Gather Gold","damage_taken":11,"max_hp_gain":0,"max_hp_loss":0,"event_name":"World of Goop","floor":8,"gold_loss":0},{"damage_healed":0,"gold_gain":0,"player_choice":"Entered Light","damage_taken":16,"max_hp_gain":0,"max_hp_loss":0,"event_name":"Shining Light","floor":10,"gold_loss":0,"cards_upgraded":["Strike_R","Defend_R"]},{"damage_healed":0,"gold_gain":0,"player_choice":"Opened","damage_taken":0,"relics_obtained":["PreservedInsect"],"max_hp_gain":0,"max_hp_loss":0,"event_name":"The Mausoleum","floor":19,"gold_loss":0},{"damage_healed":0,"gold_gain":0,"player_choice":"Obtained Relic","damage_taken":0,"relics_obtained":["MawBank"],"max_hp_gain":0,"max_hp_loss":0,"event_name":"Addict","floor":22,"gold_loss":85},{"damage_healed":0,"gold_gain":0,"player_choice":"Fight","damage_taken":0,"max_hp_gain":0,"max_hp_loss":0,"event_name":"Colosseum","floor":27,"gold_loss":0},{"damage_healed":0,"gold_gain":0,"player_choice":"Fled From Nobs","damage_taken":0,"max_hp_gain":0,"max_hp_loss":0,"event_name":"Colosseum","floor":27,"gold_loss":0},{"damage_healed":0,"gold_gain":0,"player_choice":"Simplicity","damage_taken":0,"max_hp_gain":0,"max_hp_loss":0,"event_name":"Back to Basics","floor":28,"gold_loss":0,"cards_upgraded":["Strike_R","Strike_R","Defend_R","Defend_R","Defend_R"]},{"damage_healed":26,"gold_gain":0,"player_choice":"Heal","damage_taken":0,"max_hp_gain":0,"max_hp_loss":0,"event_name":"The Library","floor":29,"gold_loss":0}],"is_beta":false,"boss_relics":[{"not_picked":["Mark of Pain","Black Star"],"picked":"Coffee Dripper"}],"items_purged_floors":[20],"is_endless":false,"potions_floor_spawned":[3,4,12,14,16,21,23,27],"killed_by":"Champ","ascension_level":5}