{"gold_per_floor":[12,28,39,59,79,79,4,30,30,61,91,91,16,30,30,105,105,116,116,126,126,126,126,144,144,144,144,164,190,207,260,260,336,336,348,44,44,44,61,61,61,61,61,72,72,85,85,45,45,45],"floor_reached":51,"playtime":3408,"items_purged":["Strike_B","Strike_B"],"score":1244,"play_id":"95c3426a-5f8f-4672-ad76-1157c1bd0d50","local_time":"20190129230505","is_ascension_mode":true,"campfire_choices":[{"data":"Zap","floor":6.0,"key":"SMITH"},{"floor":12.0,"key":"DIG"},{"data":"Fusion","floor":15.0,"key":"SMITH"},{"floor":23,"key":"DIG"},{"floor":25,"key":"DIG"},{"floor":27,"key":"DIG"},{"floor":32,"key":"REST"},{"floor":40,"key":"DIG"},{"floor":42,"key":"DIG"},{"floor":45,"key":"DIG"},{"floor":47,"key":"DIG"},{"floor":49,"key":"REST"}],"neow_cost":"NO_GOLD","seed_source_timestamp":634638565553207,"circlet_count":0,"master_deck":["AscendersBane","Defend_B","Defend_B","Defend_B","Defend_B","Zap+1","Dualcast","Ball Lightning+1","Sunder","Fusion+1","Coolheaded","Ball Lightning+1","Echo Form","Undo","Fusion","Defragment+1","Loop","Echo Form","Tempest","Conserve Battery","Decay","Conserve Battery+1","Defragment"],"special_seed":0,"relics":["Cracked Core","FossilizedHelix","Shovel","Letter Opener","Bottled Lightning","Odd Mushroom","Snecko Eye","Nloth\u0027s Gift","PreservedInsect","Art of War","Pantograph","Mercury Hourglass","Strawberry","Whetstone","Eternal Feather","Membership Card","Lantern","Smiling Mask","Unceasing Top","Turnip","Bottled Tornado"],"potions_floor_usage":[33,33,35,44,50,50],"damage_taken":[{"damage":0.0,"enemies":"Jaw Worm","floor":1.0,"turns":3.0},{"damage":0.0,"enemies":"Small Slimes","floor":2.0,"turns":3.0},{"damage":0.0,"enemies":"2 Louse","floor":3.0,"turns":2.0},{"damage":0.0,"enemies":"Red Slaver","floor":4.0,"turns":3.0},{"damage":0.0,"enemies":"Large Slime","floor":5.0,"turns":3.0},{"damage":15.0,"enemies":"3 Sentries","floor":8.0,"turns":6.0},{"damage":10.0,"enemies":"Lagavulin","floor":10.0,"turns":6.0},{"damage":25.0,"enemies":"The Mushroom Lair","floor":11.0,"turns":4.0},{"damage":0.0,"enemies":"Looter","floor":14.0,"turns":2.0},{"damage":22.0,"enemies":"The Guardian","floor":16.0,"turns":11.0},{"damage":4.0,"enemies":"Shell Parasite","floor":18.0,"turns":3.0},{"damage":10.0,"enemies":"3 Byrds","floor":20.0,"turns":3.0},{"damage":0,"enemies":"3 Cultists","floor":24,"turns":4},{"damage":0,"enemies":"Centurion and Healer","floor":28,"turns":5},{"damage":18,"enemies":"Gremlin Leader","floor":29,"turns":4},{"damage":19,"enemies":"Sentry and Sphere","floor":30,"turns":4},{"damage":14,"enemies":"Collector","floor":33,"turns":7},{"damage":40,"enemies":"3 Darklings","floor":35,"turns":5},{"damage":16,"enemies":"Orb Walker","floor":39,"turns":3},{"damage":32,"enemies":"Jaw Worm Horde","floor":44,"turns":4},{"damage":11,"enemies":"Sphere and 2 Shapes","floor":46,"turns":5},{"damage":75,"enemies":"Time Eater","floor":50,"turns":15}],"seed_played":"-6177085349488989644","potions_obtained":[{"floor":1.0,"key":"Regen Potion"},{"floor":4.0,"key":"Weak Potion"},{"floor":8.0,"key":"SpeedPotion"},{"floor":24,"key":"FearPotion"},{"floor":29,"key":"GamblersBrew"},{"floor":30,"key":"PowerPotion"},{"floor":33,"key":"SkillPotion"},{"floor":39,"key":"SkillPotion"},{"floor":48,"key":"PowerPotion"},{"floor":48,"key":"Dexterity Potion"}],"is_trial":false,"path_per_floor":["M","M","M","M","M","R","?","E","T","E","?","R","$","M","R","B",null,"M","?","M","?","?","R","M","R","T","R","M","E","M","T","R","B",null,"M","$","?","?","M","R","?","R","T","M","R","M","R","?","R","B",null],"character_chosen":"DEFECT","items_purchased":["Membership Card","Conserve Battery"],"campfire_rested":2,"item_purchase_floors":[36,36],"current_hp_per_floor":[64,64,64,64,64,64,64,63,63,53,28,28,28,28,28,6,55,51,51,41,55,55,55,55,55,55,55,55,44,25,25,48,59,73,33,33,33,33,17,29,29,41,41,9,21,10,22,22,57,3],"gold":45,"neow_bonus":"ONE_RARE_RELIC","is_prod":false,"is_daily":false,"chose_seed":false,"campfire_upgraded":2,"win_rate":0,"timestamp":1548799505,"path_taken":["M","M","M","M","M","R","?","E","T","E","?","R","?","M","R","BOSS","M","?","?","?","?","R","M","R","T","R","M","E","M","?","R","BOSS","M","$","?","?","?","R","?","R","T","M","R","?","R","?","R","BOSS"],"build_version":"2019-01-23","purchased_purges":2,"victory":true,"max_hp_per_floor":[71,71,71,71,71,71,71,71,71,71,71,71,71,71,71,71,71,71,71,71,71,71,71,71,71,71,71,71,78,78,78,78,78,78,78,78,78,78,78,78,78,78,78,78,78,78,78,78,78,78],"card_choices":[{"not_picked":["Chaos","Skim","Auto Shields"],"picked":"SKIP","floor":1.0},{"not_picked":["Aggregate","Undo","Rebound"],"picked":"SKIP","floor":2.0},{"not_picked":["Steam","Darkness"],"picked":"Ball Lightning","floor":3.0},{"not_picked":["Beam Cell","Hello World"],"picked":"Sunder","floor":4.0},{"not_picked":["Barrage","Skim","Leap"],"picked":"SKIP","floor":5.0},{"not_picked":["Compile Driver","Skim","Rebound"],"picked":"SKIP","floor":8.0},{"not_picked":["Streamline","Reboot"],"picked":"Fusion","floor":10.0},{"not_picked":["Gash","Turbo"],"picked":"Coolheaded","floor":11.0},{"not_picked":["Compile Driver","Turbo"],"picked":"Ball Lightning","floor":14.0},{"not_picked":["Reboot","Biased Cognition"],"picked":"Echo Form","floor":16.0},{"not_picked":["Compile Driver","Conserve Battery"],"picked":"Undo","floor":18.0},{"not_picked":["Leap+1","Rebound","Force Field"],"picked":"SKIP","floor":20.0},{"not_picked":["Go for the Eyes","Gash"],"picked":"Fusion","floor":24},{"not_picked":["Capacitor","Barrage+1"],"picked":"Defragment","floor":28},{"not_picked":["Skim","Rainbow","Go for the Eyes"],"picked":"SKIP","floor":29},{"not_picked":["Compile Driver","Rebound"],"picked":"Loop","floor":30},{"not_picked":["Core Surge","Buffer"],"picked":"Echo Form","floor":33},{"not_picked":["Cold Snap","Redo"],"picked":"Tempest","floor":35},{"not_picked":["Redo+1","Tempest","Lockon"],"picked":"SKIP","floor":39},{"not_picked":["Sweeping Beam+1","Steam"],"picked":"Conserve Battery+1","floor":44},{"not_picked":["FTL","Chaos"],"picked":"Defragment","floor":46}],"player_experience":1078748,"relics_obtained":[{"floor":8.0,"key":"Shovel"},{"floor":9.0,"key":"Letter Opener"},{"floor":10.0,"key":"Bottled Lightning"},{"floor":11.0,"key":"Odd Mushroom"},{"floor":12.0,"key":"Pen Nib"},{"floor":23,"key":"PreservedInsect"},{"floor":25,"key":"Art of War"},{"floor":26,"key":"Pantograph"},{"floor":27,"key":"Mercury Hourglass"},{"floor":29,"key":"Strawberry"},{"floor":31,"key":"Whetstone"},{"floor":40,"key":"Lantern"},{"floor":42,"key":"Smiling Mask"},{"floor":43,"key":"Unceasing Top"},{"floor":45,"key":"Turnip"},{"floor":47,"key":"Bottled Tornado"}],"event_choices":[{"cards_removed":["Strike_B"],"damage_healed":0.0,"max_hp_gain":0.0,"max_hp_loss":0.0,"gold_gain":0.0,"event_name":"The Cleric","player_choice":"Card Removal","floor":7.0,"gold_loss":75.0,"damage_taken":0.0},{"damage_healed":0.0,"max_hp_gain":0.0,"max_hp_loss":0.0,"gold_gain":0.0,"event_name":"Mushrooms","player_choice":"Fought Mushrooms","floor":11.0,"gold_loss":0.0,"damage_taken":0.0},{"damage_healed":0.0,"max_hp_gain":0.0,"max_hp_loss":0.0,"gold_gain":0.0,"event_name":"N\u0027loth","player_choice":"Traded Relic","floor":19.0,"relics_lost":["Pen Nib"],"gold_loss":0.0,"damage_taken":0.0,"relics_obtained":["Nloth\u0027s Gift"]},{"damage_healed":14.0,"max_hp_gain":0.0,"max_hp_loss":0.0,"gold_gain":0.0,"event_name":"The Library","player_choice":"Heal","floor":21.0,"gold_loss":0.0,"damage_taken":0.0},{"damage_healed":0,"gold_gain":0,"player_choice":"Ignored","damage_taken":0,"max_hp_gain":0,"max_hp_loss":0,"event_name":"Vampires","floor":22,"gold_loss":0},{"cards_removed":["Strike_B"],"damage_healed":0,"gold_gain":0,"player_choice":"Removed Attack","damage_taken":0,"max_hp_gain":0,"max_hp_loss":0,"event_name":"Falling","floor":37,"gold_loss":0},{"damage_healed":0,"gold_gain":0,"player_choice":"Cursed","damage_taken":0,"max_hp_gain":0,"max_hp_loss":0,"event_name":"Wheel of Change","floor":38,"gold_loss":0,"cards_obtained":["Decay"]},{"damage_healed":0,"gold_gain":0,"player_choice":"Forge","damage_taken":0,"max_hp_gain":0,"max_hp_loss":0,"event_name":"Accursed Blacksmith","floor":41,"gold_loss":0,"cards_upgraded":["Defragment"]},{"damage_healed":0,"gold_gain":0,"player_choice":"Bought 3 Potions","damage_taken":0,"max_hp_gain":0,"max_hp_loss":0,"event_name":"The Woman in Blue","floor":48,"gold_loss":0}],"is_beta":false,"boss_relics":[{"not_picked":["Philosopher\u0027s Stone","Sozu"],"picked":"Snecko Eye"},{"not_picked":["White Beast Statue","Black Star"],"picked":"Eternal Feather"}],"items_purged_floors":[13,36],"is_endless":false,"potions_floor_spawned":[1,4,8,24,29,30,33,39],"ascension_level":19}