{"gold_per_floor":[113,113,124,144,163,163,197,227,251,251,9,9,43,55,55,127,127,140,140,140,121,1,1,29,79,79,79,79,79,102,120,120,195,195,205,205,205,205,205,205],"floor_reached":40,"playtime":2161,"items_purged":["Writhe"],"score":714,"play_id":"3d8fb9ac-b8db-49f5-afc2-caa406906a30","local_time":"20190114182607","is_ascension_mode":true,"campfire_choices":[{"data":"Cold Snap","floor":6.0,"key":"SMITH"},{"floor":15.0,"key":"REST"},{"data":"Fission","floor":23.0,"key":"SMITH"},{"data":"Electrodynamics","floor":27.0,"key":"SMITH"},{"data":"White Noise","floor":29.0,"key":"SMITH"},{"data":"Hologram","floor":32.0,"key":"SMITH"}],"neow_cost":"NONE","seed_source_timestamp":344256666944667,"circlet_count":0,"master_deck":["AscendersBane","Defend_B","Defend_B","Defend_B","Defend_B","Zap+1","Dualcast","Genetic Algorithm","White Noise+1","Fission+1","Cold Snap","Electrodynamics+1","Hologram+1","Coolheaded","Echo Form","Ball Lightning","Machine Learning","Loop+1","Scrape+1","Aggregate+1","Fusion+1","Decay","Madness","Madness"],"special_seed":0,"relics":["Cracked Core","Juzu Bracelet","Orichalcum","Tiny Chest","Art of War","Meat on the Bone","Emotion Chip","Coffee Dripper","Pantograph","Happy Flower","Ornamental Fan","Astrolabe","PreservedInsect"],"potions_floor_usage":[40],"damage_taken":[{"damage":2.0,"enemies":"Jaw Worm","floor":1.0,"turns":3.0},{"damage":0.0,"enemies":"Cultist","floor":3.0,"turns":3.0},{"damage":0.0,"enemies":"2 Louse","floor":4.0,"turns":1.0},{"damage":28.0,"enemies":"Lots of Slimes","floor":5.0,"turns":5.0},{"damage":18.0,"enemies":"Gremlin Nob","floor":7.0,"turns":4.0},{"damage":4.0,"enemies":"3 Sentries","floor":13.0,"turns":9.0},{"damage":4.0,"enemies":"Exordium Wildlife","floor":14.0,"turns":5.0},{"damage":34.0,"enemies":"The Guardian","floor":16.0,"turns":11.0},{"damage":0.0,"enemies":"3 Byrds","floor":18.0,"turns":2.0},{"damage":17.0,"enemies":"2 Thieves","floor":21.0,"turns":4.0},{"damage":21.0,"enemies":"Slavers","floor":24.0,"turns":4.0},{"damage":0.0,"enemies":"Snecko","floor":31.0,"turns":5.0},{"damage":15.0,"enemies":"Collector","floor":33.0,"turns":9.0},{"damage":6.0,"enemies":"Orb Walker","floor":35.0,"turns":3.0},{"damage":49,"enemies":"Nemesis","floor":40,"turns":4}],"seed_played":"-123143699521659587","potions_obtained":[{"floor":1.0,"key":"Swift Potion"},{"floor":3.0,"key":"Fire Potion"},{"floor":7.0,"key":"AttackPotion"},{"floor":10.0,"key":"Dexterity Potion"},{"floor":13.0,"key":"EssenceOfSteel"},{"floor":21.0,"key":"SpeedPotion"},{"floor":24.0,"key":"SkillPotion"},{"floor":31.0,"key":"FearPotion"},{"floor":35.0,"key":"Energy Potion"}],"is_trial":false,"path_per_floor":["M","?","M","M","M","R","E","?","T","?","$","?","E","M","R","B",null,"M","?","?","M","$","R","E","?","T","R","?","R","T","M","R","B",null,"M","?","?","T","?","E"],"character_chosen":"DEFECT","items_purchased":["Meat on the Bone","Coolheaded"],"campfire_rested":1,"item_purchase_floors":[11,22],"current_hp_per_floor":[62,62,62,62,34,34,16,5,5,5,5,5,13,21,42,20,58,58,71,71,54,54,54,45,45,45,45,45,45,45,45,45,55,67,61,61,48,48,48,0],"gold":205,"neow_bonus":"UPGRADE_CARD","is_prod":false,"is_daily":false,"chose_seed":false,"campfire_upgraded":5,"win_rate":0,"timestamp":1547486767,"path_taken":["M","?","M","M","M","R","E","?","T","?","$","?","E","M","R","BOSS","M","?","?","M","$","R","E","?","T","R","?","R","?","M","R","BOSS","M","?","?","?","?","E"],"build_version":"2019-01-10","purchased_purges":1,"victory":false,"max_hp_per_floor":[71,71,71,71,71,71,71,71,71,71,71,71,71,71,71,71,71,71,71,71,71,71,71,71,71,71,71,71,71,71,71,71,71,71,71,71,71,71,71,71],"card_choices":[{"not_picked":["Blizzard","Steam","Hello World"],"picked":"SKIP","floor":1.0},{"not_picked":["Melter","Streamline"],"picked":"Cold Snap","floor":3.0},{"not_picked":["Compile Driver","Tempest"],"picked":"Genetic Algorithm","floor":4.0},{"not_picked":["Consume","Storm","Scrape"],"picked":"SKIP","floor":5.0},{"not_picked":["Beam Cell","Recycle"],"picked":"White Noise","floor":7.0},{"not_picked":["Steam","Beam Cell"],"picked":"Fission","floor":13.0},{"not_picked":["Stack","Chaos"],"picked":"Cold Snap","floor":14.0},{"not_picked":["Meteor Strike","Creative AI"],"picked":"Electrodynamics","floor":16.0},{"not_picked":["Recycle","Fusion"],"picked":"Hologram","floor":18.0},{"not_picked":["Hello World","Cold Snap","Hologram"],"picked":"SKIP","floor":21.0},{"not_picked":["Storm","Steam Power"],"picked":"Echo Form","floor":24.0},{"not_picked":["Redo","Loop"],"picked":"Ball Lightning","floor":31.0},{"not_picked":["Rainbow","Creative AI"],"picked":"Machine Learning","floor":33.0},{"not_picked":["Compile Driver","Barrage"],"picked":"Fusion+1","floor":35.0}],"player_experience":872200,"relics_obtained":[{"floor":7.0,"key":"Orichalcum"},{"floor":9.0,"key":"Art of War"},{"floor":13.0,"key":"Emotion Chip"},{"floor":24.0,"key":"Happy Flower"},{"floor":26.0,"key":"Ornamental Fan"},{"floor":38.0,"key":"PreservedInsect"}],"event_choices":[{"damage_healed":0.0,"max_hp_gain":0.0,"max_hp_loss":0.0,"gold_gain":0.0,"event_name":"WeMeetAgain","player_choice":"Gave Potion","floor":2.0,"gold_loss":0.0,"damage_taken":0.0,"relics_obtained":["Juzu Bracelet"]},{"damage_healed":0.0,"max_hp_gain":0.0,"max_hp_loss":0.0,"gold_gain":0.0,"event_name":"Scrap Ooze","player_choice":"Success","floor":8.0,"gold_loss":0.0,"damage_taken":11.0,"relics_obtained":["Tiny Chest"]},{"damage_healed":0.0,"max_hp_gain":0.0,"max_hp_loss":0.0,"gold_gain":0.0,"event_name":"Lab","player_choice":"Got Potions","floor":10.0,"gold_loss":0.0,"damage_taken":0.0},{"cards_removed":["Strike_B"],"damage_healed":0.0,"max_hp_gain":0.0,"max_hp_loss":0.0,"gold_gain":0.0,"event_name":"Living Wall","player_choice":"Forget","floor":12.0,"gold_loss":0.0,"damage_taken":0.0},{"damage_healed":14.0,"max_hp_gain":0.0,"max_hp_loss":0.0,"gold_gain":0.0,"event_name":"The Library","player_choice":"Heal","floor":19.0,"gold_loss":0.0,"damage_taken":0.0},{"damage_healed":0.0,"max_hp_gain":0.0,"max_hp_loss":0.0,"gold_gain":0.0,"event_name":"The Mausoleum","player_choice":"Opened","floor":20.0,"gold_loss":0.0,"damage_taken":0.0,"relics_obtained":["Pantograph"],"cards_obtained":["Writhe"]},{"damage_healed":0.0,"max_hp_gain":0.0,"max_hp_loss":0.0,"gold_gain":50.0,"event_name":"Nest","player_choice":"Stole From Cult","floor":25.0,"gold_loss":0.0,"damage_taken":0.0},{"damage_healed":0.0,"max_hp_gain":0.0,"max_hp_loss":0.0,"gold_gain":0.0,"event_name":"Wheel of Change","player_choice":"Cursed","floor":36.0,"gold_loss":0.0,"damage_taken":0.0,"cards_obtained":["Decay"]},{"damage_healed":0.0,"max_hp_gain":0.0,"max_hp_loss":0.0,"gold_gain":0.0,"event_name":"Winding Halls","player_choice":"Embrace Madness","floor":37.0,"gold_loss":0.0,"damage_taken":13.0,"cards_obtained":["Madness","Madness"]},{"cards_removed":["Cold Snap"],"damage_healed":0,"gold_gain":0,"player_choice":"Removed Attack","damage_taken":0,"max_hp_gain":0,"max_hp_loss":0,"event_name":"Falling","floor":39,"gold_loss":0}],"is_beta":false,"boss_relics":[{"not_picked":["Runic Dome","Philosopher\u0027s Stone"],"picked":"Coffee Dripper"},{"not_picked":["Fusion Hammer","Calling Bell"],"picked":"Astrolabe"}],"items_purged_floors":[22],"is_endless":false,"potions_floor_spawned":[1,3,7,13,21,24,31,35],"killed_by":"Nemesis","ascension_level":15}