{"path_per_floor":["M","?","?","M","$","E","R","$","T","R","$","M","M","M","R","B",null,"M","M","$","M","M","R","M","E","T","?","$","?","?","M","R"],"character_chosen":"IRONCLAD","items_purchased":["Anger","Shrug It Off","Second Wind","Metallicize","Shrug It Off","Swift Strike","Dexterity Potion"],"gold_per_floor":[114,114,114,124,26,60,60,34,34,34,0,15,31,44,44,146,146,164,181,2,19,39,39,56,91,91,91,42,42,42,59,59],"floor_reached":33,"campfire_rested":3,"playtime":4118,"current_hp_per_floor":[76,76,76,73,73,56,80,80,80,80,80,80,80,80,80,43,80,80,68,68,40,47,71,69,26,26,26,26,26,26,28,52],"items_purged":["Regret"],"gold":59,"score":293,"play_id":"8fee2a3c-3afa-42fc-b9c0-9fd80087e956","is_prod":false,"is_daily":false,"is_ascension_mode":false,"campfire_upgraded":2,"path_taken":["M","?","?","M","$","E","R","?","T","R","$","M","M","M","R","BOSS","M","M","$","M","M","R","M","E","T","?","$","?","?","M","R","BOSS"],"build_version":"2018-02-08-PROD1","purchased_purges":1,"victory":false,"master_deck":["Strike_R","Strike_R","Strike_R","Strike_R","Strike_R","Defend_R","Defend_R+1","Defend_R+1","Defend_R","Bash","Iron Wave+1","Panacea","Bash","Anger+1","Anger+1","Shrug It Off","Shrug It Off","Second Wind","Perfected Strike+1","Seeing Red","Anger","Berserk","Iron Wave+1","Rage","Metallicize","Shrug It Off","Swift Strike","Infernal Blade","Fire Breathing","Searing Blow+1","Infernal Blade","Anger+1"],"max_hp_per_floor":[80,80,80,80,80,80,80,80,80,80,80,80,80,80,80,80,80,80,80,80,80,80,80,80,80,80,80,80,80,80,80,80],"relics":["Black Blood","Shuriken","Mercury Hourglass","War Paint","Whetstone","Peace Pipe","Mummified Hand"],"card_choices":[{"not_picked":["Impervious","Clash"],"picked":"Iron Wave"},{"not_picked":["Bloodletting","Body Slam"],"picked":"Anger"},{"not_picked":["Clothesline","Blood for Blood"],"picked":"Shrug It Off"},{"not_picked":["Sever Soul","Headbutt"],"picked":"Perfected Strike"},{"not_picked":["Whirlwind","Intimidate"],"picked":"Seeing Red"},{"not_picked":["Rupture","Warcry"],"picked":"Anger"},{"not_picked":["Dark Embrace","Brutality"],"picked":"Berserk"},{"not_picked":["Inflame","Body Slam"],"picked":"Iron Wave"},{"not_picked":["Body Slam","Perfected Strike"],"picked":"Rage"},{"not_picked":["Second Wind","Shockwave"],"picked":"Infernal Blade"},{"not_picked":["Pummel","Second Wind"],"picked":"Fire Breathing"},{"not_picked":["Shrug It Off","Twin Strike"],"picked":"Searing Blow"},{"not_picked":["Hemokinesis","Demon Form"],"picked":"Infernal Blade"},{"not_picked":["Clash","Flex"],"picked":"Anger"}],"player_experience":2235,"potions_floor_usage":[16,16,16,24,25,33,33],"damage_taken":[{"damage":10,"enemies":"Jaw Worm","floor":1,"turns":5},{"damage":9,"enemies":"Cultist","floor":4,"turns":4},{"damage":23,"enemies":"3 Sentries","floor":6,"turns":8},{"damage":0,"enemies":"2 Louse","floor":12,"turns":2},{"damage":4,"enemies":"2 Fungi Beasts","floor":13,"turns":3},{"damage":2,"enemies":"Looter","floor":14,"turns":3},{"damage":43,"enemies":"Hexaghost","floor":16,"turns":8},{"damage":10,"enemies":"3 Byrds","floor":18,"turns":5},{"damage":22,"enemies":"Spheric Guardian","floor":19,"turns":4},{"damage":38,"enemies":"Slaver and Parasite","floor":21,"turns":9},{"damage":3,"enemies":"Cultist and Chosen","floor":22,"turns":6},{"damage":24,"enemies":"Centurion and Healer","floor":24,"turns":6},{"damage":53,"enemies":"Gremlin Leader","floor":25,"turns":8},{"damage":8,"enemies":"Chosen and Byrds","floor":31,"turns":5},{"damage":59,"enemies":"Champ","floor":33,"turns":10}],"event_choices":[{"event_name":"Match and Keep!","player_choice":"2 cards matched","floor":2,"damage_taken":0},{"event_name":"Big Fish","player_choice":"Box","floor":3,"damage_taken":0},{"event_name":"The Mausoleum","player_choice":"Yes","floor":27,"damage_taken":0},{"event_name":"Beggar","player_choice":"Ignored","floor":29,"damage_taken":0},{"event_name":"Addict","player_choice":"Ignored","floor":30,"damage_taken":0}],"boss_relics":[{"not_picked":["Snecko Eye","Lizard Tail"],"picked":"Black Blood"}],"potions_floor_spawned":[1,13,14,19,22,31],"seed_played":"-6654989818822166692","killed_by":"Champ","ascension_level":0,"is_trial":false}