{"gold_per_floor":[18,18,35,54,70,70,105,123,149,149,149,174,191,191,191,287,287,312,237,267,286,21,21,42,83,107,128,128,167,190,226,226,324,324,339,339,339,71,71,102,102,136,136,174,174,188,222,242,242,242,242],"floor_reached":52,"playtime":6828,"items_purged":["Strike_G","Strike_G"],"score":2176,"play_id":"42891c70-b38c-4a5b-bd0f-cb979afa2333","local_time":"20190203192743","is_ascension_mode":true,"campfire_choices":[{"data":"Deadly Poison","floor":6,"key":"SMITH"},{"data":"Poisoned Stab","floor":10,"key":"SMITH"},{"data":"Noxious Fumes","floor":15,"key":"SMITH"},{"data":"Wraith Form v2","floor":23,"key":"SMITH"},{"data":"Noxious Fumes","floor":28,"key":"SMITH"},{"data":"Neutralize","floor":32,"key":"SMITH"},{"data":"Catalyst","floor":41,"key":"SMITH"},{"data":"Adrenaline","floor":49,"key":"SMITH"}],"neow_cost":"NO_GOLD","seed_source_timestamp":1067130138408520,"circlet_count":0,"master_deck":["AscendersBane","Defend_G","Defend_G","Defend_G","Defend_G","Defend_G","Strike_G","Survivor","Neutralize+1","Deadly Poison+1","Poisoned Stab+1","Noxious Fumes+1","Noxious Fumes+1","Dodge and Roll","Deflect","Wraith Form v2+1","Backflip","Well Laid Plans","PiercingWail","PiercingWail","After Image","Malaise","Catalyst+1","Deep Breath","Escape Plan+1","Adrenaline+1","Backflip","After Image"],"relics":["Ring of the Snake","Tough Bandages","Blood Vial","Art of War","Potion Belt","Golden Idol","Coffee Dripper","Tiny Chest","Pen Nib","Snake Skull","Bag of Preparation","Question Card","Runic Pyramid","PreservedInsect","Pantograph","Anchor","Orichalcum","Boot"],"potions_floor_usage":[3,5,7,21,24,24,29,30,31,31,33,50,50],"damage_taken":[{"damage":2,"enemies":"Cultist","floor":1,"turns":5},{"damage":3,"enemies":"Small Slimes","floor":3,"turns":5},{"damage":3,"enemies":"2 Louse","floor":4,"turns":5},{"damage":5,"enemies":"Gremlin Gang","floor":5,"turns":4},{"damage":15,"enemies":"Lagavulin","floor":7,"turns":6},{"damage":16,"enemies":"Large Slime","floor":8,"turns":6},{"damage":17,"enemies":"3 Sentries","floor":12,"turns":6},{"damage":4,"enemies":"3 Louse","floor":13,"turns":5},{"damage":11,"enemies":"Hexaghost","floor":16,"turns":8},{"damage":0,"enemies":"Spheric Guardian","floor":18,"turns":4},{"damage":13,"enemies":"3 Byrds","floor":21,"turns":4},{"damage":4,"enemies":"Snecko","floor":24,"turns":6},{"damage":4,"enemies":"Gremlin Leader","floor":25,"turns":8},{"damage":0,"enemies":"Centurion and Healer","floor":27,"turns":7},{"damage":9,"enemies":"Book of Stabbing","floor":29,"turns":7},{"damage":14,"enemies":"Sentry and Sphere","floor":30,"turns":6},{"damage":0,"enemies":"Gremlin Leader","floor":31,"turns":6},{"damage":14,"enemies":"Collector","floor":33,"turns":8},{"damage":0,"enemies":"3 Darklings","floor":35,"turns":5},{"damage":0,"enemies":"Nemesis","floor":40,"turns":7},{"damage":1,"enemies":"Giant Head","floor":42,"turns":8},{"damage":0,"enemies":"Nemesis","floor":44,"turns":7},{"damage":0,"enemies":"Orb Walker","floor":46,"turns":5},{"damage":22,"enemies":"Reptomancer","floor":47,"turns":5},{"damage":0,"enemies":"Transient","floor":48,"turns":6},{"damage":5,"enemies":"Time Eater","floor":50,"turns":8},{"damage":6,"enemies":"Donu and Deca","floor":51,"turns":9}],"seed_played":"-6435122310192577472","potions_obtained":[{"floor":2,"key":"Fruit Juice"},{"floor":2,"key":"Explosive Potion"},{"floor":3,"key":"Regen Potion"},{"floor":8,"key":"Energy Potion"},{"floor":12,"key":"Weak Potion"},{"floor":24,"key":"Weak Potion"},{"floor":27,"key":"Block Potion"},{"floor":29,"key":"PowerPotion"},{"floor":30,"key":"GamblersBrew"},{"floor":31,"key":"AttackPotion"},{"floor":40,"key":"Ancient Potion"},{"floor":46,"key":"Poison Potion"},{"floor":47,"key":"SkillPotion"}],"is_trial":false,"path_per_floor":["?","M","?","?","?","?","M","M","?","?","?","?"],"character_chosen":"THE_SILENT","items_purchased":["Well Laid Plans","Block Potion","Block Potion","PreservedInsect"],"campfire_rested":0,"item_purchase_floors":[22,22,22,38],"current_hp_per_floor":[57,57,59,56,51,51,51,37,37,37,37,22,20,20,20,11,51,53,53,53,42,42,42,40,38,38,40,40,33,21,23,23,11,51,53,53,53,53,43,45,45,46,46,48,48,50,30,32,32,54,55],"gold":242,"neow_bonus":"ONE_RARE_RELIC","is_prod":false,"is_daily":false,"chose_seed":false,"campfire_upgraded":8,"win_rate":0,"timestamp":1549214863,"path_taken":["M","?","?","M","M","R","E","M","T","R","?","E","M","?","R","BOSS","M","?","?","M","$","R","?","E","T","?","R","E","M","E","R","BOSS","M","?","?","$","?","E","R","E","T","E","?","M","E","M","R","BOSS","BOSS"],"build_version":"2019-01-23","purchased_purges":2,"victory":true,"max_hp_per_floor":[66,66,71,71,71,71,71,71,71,71,71,71,71,64,64,64,64,64,64,64,64,64,64,64,64,64,64,64,64,64,64,64,64,64,64,61,61,61,61,61,61,61,61,61,61,61,61,61,61,61,61],"card_choices":[{"not_picked":["Outmaneuver","Blade Dance","Prepared"],"picked":"SKIP","floor":1},{"not_picked":["Footwork","Infinite Blades"],"picked":"Deadly Poison","floor":3},{"not_picked":["Accuracy","Flechettes"],"picked":"Poisoned Stab","floor":4},{"not_picked":["Underhanded Strike","Poisoned Stab"],"picked":"Noxious Fumes","floor":5},{"not_picked":["Endless Agony","Bouncing Flask","Prepared"],"picked":"SKIP","floor":7},{"not_picked":["Concentrate","Dash"],"picked":"Noxious Fumes","floor":8},{"not_picked":["Bane","Terror"],"picked":"Dodge and Roll","floor":12},{"not_picked":["Expertise","Infinite Blades"],"picked":"Deflect","floor":13},{"not_picked":["Night Terror","Doppelganger"],"picked":"Wraith Form v2","floor":16},{"not_picked":["Expertise","Noxious Fumes"],"picked":"Backflip","floor":18},{"not_picked":["Deadly Poison","Slice","Endless Agony"],"picked":"SKIP","floor":21},{"not_picked":["Dash","Catalyst+1"],"picked":"PiercingWail","floor":24},{"not_picked":["Underhanded Strike","Dagger Throw"],"picked":"PiercingWail","floor":25},{"not_picked":["Tactician","Endless Agony","Bullet Time"],"picked":"SKIP","floor":27},{"not_picked":["Dagger Spray","Endless Agony+1","Cloak And Dagger"],"picked":"SKIP","floor":29},{"not_picked":["Dagger Throw","Outmaneuver","Accuracy"],"picked":"SKIP","floor":30},{"not_picked":["Setup","Prepared"],"picked":"After Image","floor":31},{"not_picked":["Die Die Die","Envenom","After Image"],"picked":"Malaise","floor":33},{"not_picked":["Sucker Punch","Quick Slash","Deflect+1"],"picked":"Catalyst","floor":35},{"not_picked":["Flash of Steel","Forethought","Blind"],"picked":"Deep Breath","floor":39},{"not_picked":["Well Laid Plans","Expertise","Deadly Poison","Finisher+1"],"picked":"SKIP","floor":40},{"not_picked":["Well Laid Plans","Quick Slash","Heel Hook"],"picked":"Escape Plan+1","floor":42},{"not_picked":["Dodge and Roll","Acrobatics","Cloak And Dagger","Dash+1"],"picked":"SKIP","floor":44},{"not_picked":["Predator","Cloak And Dagger","Bane"],"picked":"Adrenaline","floor":46},{"not_picked":["Backstab","Noxious Fumes+1","Distraction"],"picked":"Backflip","floor":47},{"not_picked":["Dagger Spray","Setup","Blade Dance"],"picked":"After Image","floor":48}],"player_experience":1164314,"relics_obtained":[{"floor":7,"key":"Blood Vial"},{"floor":9,"key":"Art of War"},{"floor":12,"key":"Potion Belt"},{"floor":25,"key":"Pen Nib"},{"floor":26,"key":"Snake Skull"},{"floor":29,"key":"Bag of Preparation"},{"floor":31,"key":"Question Card"},{"floor":40,"key":"Pantograph"},{"floor":42,"key":"Anchor"},{"floor":44,"key":"Orichalcum"},{"floor":47,"key":"Boot"}],"event_choices":[{"damage_healed":0,"gold_gain":0,"player_choice":"Got Potions","damage_taken":0,"max_hp_gain":0,"max_hp_loss":0,"event_name":"Lab","floor":2,"gold_loss":0},{"damage_healed":0,"gold_gain":0,"player_choice":"Ignored","damage_taken":0,"max_hp_gain":0,"max_hp_loss":0,"event_name":"Shining Light","floor":11,"gold_loss":0},{"damage_healed":0,"gold_gain":0,"player_choice":"Lose Max HP","damage_taken":0,"relics_obtained":["Golden Idol"],"max_hp_gain":0,"max_hp_loss":7,"event_name":"Golden Idol","floor":14,"gold_loss":0},{"cards_removed":["Strike_G"],"damage_healed":0,"gold_gain":0,"player_choice":"Gave Gold","damage_taken":0,"max_hp_gain":0,"max_hp_loss":0,"event_name":"Beggar","floor":19,"gold_loss":75},{"damage_healed":0,"gold_gain":0,"player_choice":"Gave Potion","damage_taken":0,"relics_obtained":["Tiny Chest"],"max_hp_gain":0,"max_hp_loss":0,"event_name":"WeMeetAgain","floor":20,"gold_loss":0},{"damage_healed":0,"gold_gain":0,"player_choice":"Max HP","damage_taken":0,"max_hp_gain":0,"max_hp_loss":3,"event_name":"Winding Halls","floor":36,"gold_loss":0},{"cards_removed":["Strike_G"],"damage_healed":0,"gold_gain":0,"player_choice":"Removed Attack","damage_taken":0,"max_hp_gain":0,"max_hp_loss":0,"event_name":"Falling","floor":37,"gold_loss":0},{"damage_healed":0,"gold_gain":0,"player_choice":"Memory 3","damage_taken":10,"max_hp_gain":0,"max_hp_loss":0,"event_name":"SensoryStone","floor":39,"gold_loss":0},{"damage_healed":0,"gold_gain":0,"player_choice":"Ignored","damage_taken":0,"max_hp_gain":0,"max_hp_loss":0,"event_name":"Tomb of Lord Red Mask","floor":45,"gold_loss":0}],"is_beta":false,"boss_relics":[{"not_picked":["Black Star","Astrolabe"],"picked":"Coffee Dripper"},{"not_picked":["Busted Crown","Orrery"],"picked":"Runic Pyramid"}],"items_purged_floors":[22,38],"is_endless":false,"potions_floor_spawned":[3,4,8,12,24,27,29,30,31,40,46,47],"ascension_level":20}