{"gold_per_floor":[119,42,60,60,73,99,99,110,163,175,175,188,218,228,228,328,328,342,357,373,373,28,59,71,114,126,21,21,33,33,33,33,134,134,151,164,182,182,18,46,46,46,71,91,41,41,58,70,70,70],"floor_reached":51,"playtime":5494,"items_purged":["Strike_B","Defend_B","Defend_B"],"score":754,"play_id":"4890398e-ebc3-4243-8b81-b8ff1d02685d","local_time":"20181022131641","is_ascension_mode":false,"campfire_choices":[{"data":"Self Repair","floor":7,"key":"SMITH"},{"floor":11,"key":"REST"},{"data":"Genetic Algorithm","floor":15,"key":"SMITH"},{"data":"Echo Form","floor":28,"key":"SMITH"},{"data":"Echo Form","floor":30,"key":"SMITH"},{"data":"Defragment","floor":32,"key":"SMITH"},{"data":"Loop","floor":41,"key":"SMITH"},{"data":"Defragment","floor":42,"key":"SMITH"},{"data":"Tempest","floor":46,"key":"SMITH"},{"data":"Zap","floor":49,"key":"SMITH"}],"neow_cost":"NONE","seed_source_timestamp":756592881522299,"circlet_count":0,"master_deck":["Strike_B+1","Strike_B+1","Defend_B","Defend_B","Zap+1","Dualcast+1","Self Repair+1","Static Discharge","Consume","Melter+1","Reboot","Conserve Battery+1","Cold Snap","Reinforced Body","Genetic Algorithm+1","Echo Form+1","Echo Form+1","Hologram","Hologram","Melter","Ghostly","Ghostly","Ghostly+1","Ghostly","Ghostly","Defragment+1","Echo Form","Defragment+1","Capacitor","Redo+1","Fission","Force Field+1","White Noise","Ball Lightning","Secret Weapon","Blind","Loop+1","Tempest+1","Ball Lightning+1","Parasite"],"relics":["Cracked Core","NeowsBlessing","The Courier","Smiling Mask","Art of War","Sozu","War Paint","Whetstone","MawBank","WingedGreaves","Bag of Preparation","Inserter","Shuriken","Orichalcum"],"potions_floor_usage":[14,16,23,23],"damage_taken":[{"damage":0,"enemies":"Cultist","floor":1,"turns":1},{"damage":0,"enemies":"2 Louse","floor":3,"turns":1},{"damage":0,"enemies":"Small Slimes","floor":5,"turns":1},{"damage":30,"enemies":"3 Sentries","floor":6,"turns":5},{"damage":21,"enemies":"Exordium Wildlife","floor":8,"turns":4},{"damage":13,"enemies":"Exordium Thugs","floor":10,"turns":5},{"damage":3,"enemies":"3 Louse","floor":12,"turns":3},{"damage":28,"enemies":"Gremlin Nob","floor":13,"turns":4},{"damage":2,"enemies":"2 Fungi Beasts","floor":14,"turns":3},{"damage":19,"enemies":"Slime Boss","floor":16,"turns":12},{"damage":3,"enemies":"Spheric Guardian","floor":18,"turns":4},{"damage":9,"enemies":"3 Byrds","floor":19,"turns":3},{"damage":48,"enemies":"Sentry and Sphere","floor":20,"turns":7},{"damage":17,"enemies":"Slavers","floor":23,"turns":10},{"damage":4,"enemies":"Gremlin Leader","floor":25,"turns":10},{"damage":0,"enemies":"3 Cultists","floor":29,"turns":8},{"damage":13,"enemies":"Champ","floor":33,"turns":10},{"damage":11,"enemies":"Orb Walker","floor":35,"turns":5},{"damage":13,"enemies":"3 Darklings","floor":36,"turns":9},{"damage":3,"enemies":"Sphere and 2 Shapes","floor":37,"turns":6},{"damage":0,"enemies":"Giant Head","floor":40,"turns":9},{"damage":0,"enemies":"Jaw Worm Horde","floor":44,"turns":8},{"damage":0,"enemies":"4 Shapes","floor":47,"turns":9},{"damage":0,"enemies":"Writhing Mass","floor":48,"turns":7},{"damage":34,"enemies":"Donu and Deca","floor":50,"turns":9}],"seed_played":"1394826500972979772","potions_obtained":[{"floor":1,"key":"Energy Potion"},{"floor":5,"key":"GamblersBrew"},{"floor":6,"key":"SpeedPotion"},{"floor":14,"key":"Dexterity Potion"}],"is_trial":false,"path_per_floor":["M","$","M","?","M","E","R","M","T","M","R","M","E","M","R","B",null,"M","M","M","?","$","E","$","E","T","$","R","M","R","?","R","B",null,"M","M","M","?","$","E","R","R","T","M","$","R","M","M","R","B"],"character_chosen":"DEFECT","items_purchased":["Static Discharge","War Paint","Whetstone","Defragment","Defragment","Capacitor","Loop","Tempest"],"campfire_rested":1,"item_purchase_floors":[2,22,22,22,27,27,39,39],"current_hp_per_floor":[75,75,75,60,60,37,37,26,26,23,45,52,34,42,42,33,75,75,66,28,28,28,31,31,37,37,37,37,37,37,37,37,37,37,36,33,37,32,32,37,37,37,37,37,37,37,37,37,37,3],"gold":70,"neow_bonus":"THREE_ENEMY_KILL","is_prod":false,"is_daily":false,"chose_seed":false,"campfire_upgraded":9,"win_rate":0.0,"timestamp":1540207001,"path_taken":["M","$","?","?","M","E","R","M","T","M","R","M","E","M","R","BOSS","M","M","M","?","$","E","$","E","T","$","R","M","R","?","R","BOSS","M","M","M","?","$","E","R","R","T","M","$","R","M","M","R","BOSS"],"build_version":"2018-10-18","purchased_purges":3,"victory":true,"max_hp_per_floor":[75,75,75,75,75,75,75,75,75,75,75,75,75,75,75,75,75,75,75,75,37,37,37,37,37,37,37,37,37,37,37,37,37,37,37,37,37,37,37,37,37,37,37,37,37,37,37,37,37,37],"card_choices":[{"not_picked":["Hello World","Turbo"],"picked":"Self Repair","floor":1},{"not_picked":["Redo","Aggregate"],"picked":"Consume","floor":3},{"not_picked":["Rip and Tear","Auto Shields"],"picked":"Melter","floor":5},{"not_picked":["Coolheaded","Beam Cell"],"picked":"Reboot","floor":6},{"not_picked":["Sunder","Cold Snap"],"picked":"Conserve Battery","floor":8},{"not_picked":["Stack","Fusion"],"picked":"Cold Snap","floor":10},{"not_picked":["Ball Lightning","Lockon"],"picked":"Reinforced Body","floor":12},{"not_picked":["Steam","Steam Power"],"picked":"Genetic Algorithm","floor":13},{"not_picked":["Ball Lightning","Hologram"],"picked":"Echo Form","floor":14},{"not_picked":["Biased Cognition","Meteor Strike"],"picked":"Echo Form","floor":16},{"not_picked":["Rebound+1","Darkness"],"picked":"Hologram","floor":18},{"not_picked":["Gash","Go for the Eyes"],"picked":"Hologram","floor":19},{"not_picked":["Go for the Eyes","Steam"],"picked":"Melter","floor":20},{"not_picked":["Doom and Gloom","Genetic Algorithm+1"],"picked":"Echo Form","floor":23},{"not_picked":["Go for the Eyes","Chill+1","Genetic Algorithm+1"],"picked":"SKIP","floor":25},{"not_picked":["Barrage+1","Ball Lightning"],"picked":"Redo+1","floor":29},{"not_picked":["Buffer","Machine Learning"],"picked":"Fission","floor":33},{"not_picked":["Coolheaded+1","Turbo"],"picked":"Force Field+1","floor":35},{"not_picked":["Conserve Battery","Rebound+1"],"picked":"White Noise","floor":36},{"not_picked":["Barrage+1","Steam Power+1"],"picked":"Ball Lightning","floor":37},{"not_picked":["Panacea","Secret Technique"],"picked":"Secret Weapon","floor":38},{"not_picked":["Good Instincts","Mayhem"],"picked":"Blind","floor":38},{"not_picked":["Stack","Turbo","Hologram"],"picked":"SKIP","floor":40},{"not_picked":["Streamline","Reinforced Body+1","Undo"],"picked":"SKIP","floor":44},{"not_picked":["Cold Snap+1","Hello World"],"picked":"Ball Lightning+1","floor":47},{"not_picked":["Ball Lightning","Aggregate+1","Capacitor"],"picked":"SKIP","floor":48}],"player_experience":223405,"relics_obtained":[{"floor":6,"key":"The Courier"},{"floor":9,"key":"Smiling Mask"},{"floor":13,"key":"Art of War"},{"floor":23,"key":"MawBank"},{"floor":25,"key":"WingedGreaves"},{"floor":26,"key":"Bag of Preparation"},{"floor":40,"key":"Shuriken"},{"floor":43,"key":"Orichalcum"}],"event_choices":[{"damage_healed":0,"gold_gain":0,"player_choice":"Entered Light","damage_taken":15,"max_hp_gain":0,"max_hp_loss":0,"event_name":"Shining Light","floor":4,"gold_loss":0,"cards_upgraded":["Strike_B","Dualcast"]},{"damage_healed":0,"gold_gain":0,"player_choice":"Became a Ghost","damage_taken":0,"max_hp_gain":0,"max_hp_loss":38,"event_name":"Ghosts","floor":21,"gold_loss":0,"cards_obtained":["Ghostly","Ghostly","Ghostly","Ghostly","Ghostly"]},{"cards_removed":["Strike_B"],"damage_healed":0,"gold_gain":0,"player_choice":"Elegance","damage_taken":0,"max_hp_gain":0,"max_hp_loss":0,"event_name":"Back to Basics","floor":31,"gold_loss":0},{"damage_healed":0,"gold_gain":0,"player_choice":"Memory 2","damage_taken":5,"max_hp_gain":0,"max_hp_loss":0,"event_name":"SensoryStone","floor":38,"gold_loss":0}],"is_beta":false,"boss_relics":[{"not_picked":["Coffee Dripper","Velvet Choker"],"picked":"Sozu"},{"not_picked":["Busted Crown","Orrery"],"picked":"Inserter"}],"items_purged_floors":[22,39,45],"is_endless":false,"potions_floor_spawned":[1,5,6,14,18,20,25,33,35,36,37,44,48],"ascension_level":0}