{"gold_per_floor":[115,6,6,6,6,40,40,74,74,90,90,100,100,114,114,218,268,283,310,65,65,65,65,98,98,122,141,170,239,273,293,293,390,390,401,401,117,127,127,127,127,162,162,18,18,18,18,31,31,31,31,31,31,60,60],"floor_reached":56,"playtime":5922,"items_purged":["Strike_B","Defend_B"],"score":1388,"play_id":"d44e242a-6bcf-4b46-98ca-1aecf6f626f0","local_time":"20190203194310","is_ascension_mode":true,"campfire_choices":[{"data":"Dualcast","floor":7.0,"key":"SMITH"},{"floor":11.0,"key":"DIG"},{"data":"Go for the Eyes","floor":15.0,"key":"SMITH"},{"data":"Creative AI","floor":23,"key":"SMITH"},{"data":"Buffer","floor":25,"key":"SMITH"},{"data":"White Noise","floor":32,"key":"SMITH"},{"floor":40,"key":"RECALL"},{"data":"Coolheaded","floor":46,"key":"SMITH"},{"floor":49,"key":"DIG"},{"floor":52,"key":"DIG"}],"neow_cost":"TEN_PERCENT_HP_LOSS","seed_source_timestamp":0,"circlet_count":0,"master_deck":["Defend_B+1","Zap+1","Dualcast+1","Stack","White Noise+1","Self Repair","Go for the Eyes+1","Redo","Buffer+1","Stack","Ball Lightning+1","Cold Snap","Double Energy","Creative AI+1","Coolheaded+1","Electrodynamics","Hologram+1","Glacier+1","Consume+1","Madness+1","Madness+1"],"special_seed":0,"relics":["Cracked Core","Calipers","Shovel","FossilizedHelix","Thread and Needle","Bottled Lightning","Tiny House","Red Mask","Mercury Hourglass","StoneCalendar","Bag of Marbles","Mummified Hand","Toxic Egg 2","Ice Cream","Busted Crown","Happy Flower","Vajra","Pantograph","Juzu Bracelet","Smiling Mask","Oddly Smooth Stone","Ornamental Fan","Art of War"],"potions_floor_usage":[18,24,27,33,35,42,54,55,55],"damage_taken":[{"damage":6.0,"enemies":"Jaw Worm","floor":1.0,"turns":3.0},{"damage":23.0,"enemies":"Lagavulin","floor":6.0,"turns":8.0},{"damage":30.0,"enemies":"3 Sentries","floor":8.0,"turns":8.0},{"damage":0.0,"enemies":"2 Louse","floor":10.0,"turns":4.0},{"damage":0.0,"enemies":"Cultist","floor":12.0,"turns":3.0},{"damage":0.0,"enemies":"Exordium Wildlife","floor":14.0,"turns":3.0},{"damage":14.0,"enemies":"Hexaghost","floor":16.0,"turns":13.0},{"damage":0,"enemies":"Chosen","floor":18,"turns":6},{"damage":41,"enemies":"Masked Bandits","floor":19,"turns":6},{"damage":8,"enemies":"Gremlin Leader","floor":24,"turns":7},{"damage":10,"enemies":"3 Byrds","floor":27,"turns":6},{"damage":0,"enemies":"Book of Stabbing","floor":28,"turns":6},{"damage":0,"enemies":"Slavers","floor":30,"turns":4},{"damage":0,"enemies":"Cultist and Chosen","floor":31,"turns":5},{"damage":0,"enemies":"Champ","floor":33,"turns":11},{"damage":16,"enemies":"3 Shapes","floor":35,"turns":3},{"damage":0,"enemies":"3 Darklings","floor":38,"turns":2},{"damage":25,"enemies":"Reptomancer","floor":42,"turns":6},{"damage":5,"enemies":"Writhing Mass","floor":48,"turns":4},{"damage":0,"enemies":"Time Eater","floor":50,"turns":15},{"damage":12,"enemies":"Shield and Spear","floor":54,"turns":7},{"damage":70,"enemies":"The Heart","floor":55,"turns":11}],"seed_played":"3683592664931339071","potions_obtained":[{"floor":8.0,"key":"Strength Potion"},{"floor":14.0,"key":"GamblersBrew"},{"floor":16.0,"key":"SteroidPotion"},{"floor":17,"key":"Energy Potion"},{"floor":18,"key":"Regen Potion"},{"floor":28,"key":"SkillPotion"},{"floor":31,"key":"FairyPotion"},{"floor":33,"key":"Poison Potion"},{"floor":38,"key":"Strength Potion"},{"floor":42,"key":"Strength Potion"},{"floor":54,"key":"AttackPotion"}],"is_trial":false,"path_per_floor":["M","$","?","?","T","E","R","E","T","M","R","M","?","M","R","B",null,"M","?","$","?","?","R","E","R","T","M","E","T","E","M","R","B",null,"M","?","$","M","?","R","?","E","T","$","?","R","T","M","R","B",null,"R","$","E","B",null],"character_chosen":"DEFECT","items_purchased":["White Noise","Mercury Hourglass","Consume+1","Happy Flower","Juzu Bracelet"],"campfire_rested":0,"item_purchase_floors":[2,20,37,37,44],"current_hp_per_floor":[62,62,62,62,62,39,39,16,16,23,23,30,23,30,30,23,73,73,39,39,39,39,39,31,31,31,42,49,49,56,63,63,70,73,64,64,64,64,64,64,64,46,46,46,37,37,37,39,39,71,73,73,73,68,10],"gold":60,"neow_bonus":"ONE_RARE_RELIC","is_prod":false,"is_daily":false,"chose_seed":false,"campfire_upgraded":6,"win_rate":0,"timestamp":1549219390,"path_taken":["M","$","?","?","?","E","R","E","T","?","R","M","?","M","R","BOSS","M","?","$","?","?","R","E","R","T","M","E","?","E","?","R","BOSS","M","?","$","?","?","R","?","E","T","?","?","R","?","M","R","BOSS","R","$","E","BOSS"],"build_version":"2019-01-23","purchased_purges":2,"victory":true,"max_hp_per_floor":[68,68,68,68,68,68,68,68,68,68,68,68,68,68,68,68,73,73,73,73,73,73,73,73,73,73,73,73,73,73,73,73,73,73,73,73,73,73,73,73,73,73,73,73,73,73,73,73,73,73,73,73,73,73,73],"card_choices":[{"not_picked":["Rebound","Steam Power"],"picked":"Stack","floor":1.0},{"not_picked":["Lockon","Stack"],"picked":"Self Repair","floor":6.0},{"not_picked":["Streamline","Tempest","Redo"],"picked":"SKIP","floor":8.0},{"not_picked":["Streamline","Turbo"],"picked":"Go for the Eyes","floor":10.0},{"not_picked":["Beam Cell","Consume","Compile Driver"],"picked":"SKIP","floor":12.0},{"not_picked":["Turbo","Barrage"],"picked":"Redo","floor":14.0},{"not_picked":["Thunder Strike","Core Surge"],"picked":"Buffer","floor":16.0},{"not_picked":["Beam Cell","Streamline"],"picked":"Stack","floor":17},{"not_picked":["Steam","Beam Cell"],"picked":"Ball Lightning+1","floor":18},{"not_picked":["Barrage","Defragment"],"picked":"Cold Snap","floor":19},{"not_picked":["Beam Cell+1","Turbo","Streamline"],"picked":"SKIP","floor":24},{"not_picked":["Rebound+1","Sweeping Beam"],"picked":"Coolheaded","floor":27},{"not_picked":["Coolheaded+1","Turbo"],"picked":"Electrodynamics","floor":28},{"not_picked":["Hyperbeam","Streamline"],"picked":"Hologram+1","floor":30},{"not_picked":["Go for the Eyes","Chaos+1","Recycle+1"],"picked":"SKIP","floor":31},{"not_picked":[],"picked":"Glacier+1","floor":35},{"not_picked":["FTL+1"],"picked":"SKIP","floor":38},{"not_picked":["Fusion+1"],"picked":"SKIP","floor":42},{"not_picked":["Chaos+1"],"picked":"SKIP","floor":48},{"not_picked":["Gash"],"picked":"SKIP","floor":54}],"player_experience":73039,"relics_obtained":[{"floor":6.0,"key":"Shovel"},{"floor":8.0,"key":"FossilizedHelix"},{"floor":9.0,"key":"Thread and Needle"},{"floor":11.0,"key":"Bottled Lightning"},{"floor":19,"key":"Red Mask"},{"floor":24,"key":"StoneCalendar"},{"floor":26,"key":"Bag of Marbles"},{"floor":28,"key":"Mummified Hand"},{"floor":29,"key":"Toxic Egg 2"},{"floor":30,"key":"Ice Cream"},{"floor":42,"key":"Vajra"},{"floor":43,"key":"Pantograph"},{"floor":47,"key":"Smiling Mask"},{"floor":49,"key":"Oddly Smooth Stone"},{"floor":52,"key":"Ornamental Fan"},{"floor":54,"key":"Art of War"}],"event_choices":[{"damage_healed":0.0,"max_hp_gain":0.0,"max_hp_loss":0.0,"gold_gain":0.0,"event_name":"Liars Game","player_choice":"Ignored","floor":3.0,"gold_loss":0.0,"damage_taken":0.0},{"damage_healed":0.0,"max_hp_gain":0.0,"max_hp_loss":0.0,"gold_gain":0.0,"event_name":"Living Wall","player_choice":"Grow","floor":4.0,"gold_loss":0.0,"damage_taken":0.0,"cards_upgraded":["Zap"]},{"cards_removed":["Strike_B"],"damage_healed":0.0,"max_hp_gain":0.0,"max_hp_loss":0.0,"gold_gain":0.0,"event_name":"Golden Wing","player_choice":"Card Removal","floor":13.0,"gold_loss":0.0,"damage_taken":7.0},{"damage_healed":0,"gold_gain":0,"player_choice":"Fought Bandits","damage_taken":0,"max_hp_gain":0,"max_hp_loss":0,"event_name":"Masked Bandits","floor":19,"gold_loss":0},{"damage_healed":0,"gold_gain":0,"cards_transformed":["Strike_B","Defend_B"],"player_choice":"Became Test Subject","damage_taken":0,"max_hp_gain":0,"max_hp_loss":0,"event_name":"Drug Dealer","floor":22,"gold_loss":0,"cards_obtained":["Double Energy","Creative AI"]},{"cards_removed":["Strike_B"],"damage_healed":0,"gold_gain":0,"player_choice":"Purged","damage_taken":0,"max_hp_gain":0,"max_hp_loss":0,"event_name":"Purifier","floor":36,"gold_loss":0},{"damage_healed":0,"gold_gain":0,"player_choice":"Memory 1","damage_taken":0,"max_hp_gain":0,"max_hp_loss":0,"event_name":"SensoryStone","floor":39,"gold_loss":0},{"cards_removed":["Defend_B"],"damage_healed":0,"gold_gain":0,"player_choice":"Removed Skill","damage_taken":0,"max_hp_gain":0,"max_hp_loss":0,"event_name":"Falling","floor":41,"gold_loss":0},{"damage_healed":0,"gold_gain":0,"player_choice":"Embrace Madness","damage_taken":9,"max_hp_gain":0,"max_hp_loss":0,"event_name":"Winding Halls","floor":45,"gold_loss":0,"cards_obtained":["Madness","Madness"]}],"is_beta":false,"boss_relics":[{"not_picked":["Ectoplasm","Calling Bell"],"picked":"Tiny House"},{"not_picked":["Orrery","Snecko Eye"],"picked":"Busted Crown"}],"items_purged_floors":[2,37],"is_endless":false,"potions_floor_spawned":[8,14,16,18,28,31,33,38,42,54],"ascension_level":1}