{"gold_per_floor":[110,122,133,80,80,115,115,115,115,115],"floor_reached":10,"playtime":395,"items_purged":[],"score":83,"play_id":"b8545a77-ff3e-4b3b-8226-be4bb7d1d760","local_time":"20190202152721","is_ascension_mode":true,"campfire_choices":[{"floor":8,"key":"REST"}],"neow_cost":"NONE","seed_source_timestamp":227415071310857,"circlet_count":0,"master_deck":["Strike_B","Strike_B","Strike_B","Strike_B","Defend_B","Defend_B","Defend_B","Defend_B","Zap","Dualcast","Leap","Conserve Battery","Defragment+1","Gash","White Noise"],"relics":["Cracked Core","NeowsBlessing","Frozen Egg 2","Regal Pillow"],"potions_floor_usage":[6],"damage_taken":[{"damage":0,"enemies":"Cultist","floor":1,"turns":1},{"damage":0,"enemies":"Small Slimes","floor":2,"turns":1},{"damage":0,"enemies":"Jaw Worm","floor":3,"turns":1},{"damage":26,"enemies":"Lagavulin","floor":6,"turns":6},{"damage":86,"enemies":"Gremlin Nob","floor":10,"turns":5}],"seed_played":"-3811271182164721529","potions_obtained":[{"floor":2,"key":"Fire Potion"}],"is_trial":false,"path_per_floor":["M","M","M","$","?","E","?","R","T","E"],"character_chosen":"DEFECT","items_purchased":["Gash"],"campfire_rested":1,"item_purchase_floors":[4],"current_hp_per_floor":[75,75,75,75,75,49,54,78,78,0],"gold":115,"neow_bonus":"THREE_ENEMY_KILL","is_prod":false,"is_daily":false,"chose_seed":false,"campfire_upgraded":0,"win_rate":0,"timestamp":1549128441,"path_taken":["M","?","M","$","?","E","?","R","T","E"],"build_version":"2019-01-23","purchased_purges":0,"victory":false,"max_hp_per_floor":[75,75,75,75,75,75,80,80,80,80],"card_choices":[{"not_picked":["Compile Driver","Reprogram"],"picked":"Leap","floor":1},{"not_picked":["Capacitor","Hologram"],"picked":"Conserve Battery","floor":2},{"not_picked":["Lockon","Storm"],"picked":"Defragment","floor":3},{"not_picked":["Steam","Consume"],"picked":"White Noise","floor":6}],"player_experience":104926,"relics_obtained":[{"floor":6,"key":"Frozen Egg 2"},{"floor":9,"key":"Regal Pillow"}],"event_choices":[{"damage_healed":0,"gold_gain":0,"player_choice":"Grow","damage_taken":0,"max_hp_gain":0,"max_hp_loss":0,"event_name":"Living Wall","floor":5,"gold_loss":0,"cards_upgraded":["Defragment"]},{"damage_healed":0,"gold_gain":0,"player_choice":"Donut","damage_taken":0,"max_hp_gain":5,"max_hp_loss":0,"event_name":"Big Fish","floor":7,"gold_loss":0}],"is_beta":false,"boss_relics":[],"items_purged_floors":[],"is_endless":false,"potions_floor_spawned":[2],"killed_by":"Gremlin Nob","ascension_level":5}