{"path_per_floor":["M","?","?","T","M","R","M","?","T","E","$","M","M","T","R","B",null,"M","?","M","$","M","R","M","R","T","M","$","R","?","M","R","B",null,"M","$","?","M","M","R","M","R","T","E","?","R","?","M","R","B"],"character_chosen":"IRONCLAD","items_purchased":["Apotheosis","Whirlwind","Dexterity Potion","True Grit","Happy Flower"],"gold_per_floor":[112,187,187,211,230,230,246,196,251,282,17,30,47,47,47,150,150,169,169,185,0,20,20,35,35,335,354,31,31,31,45,45,141,141,160,10,10,29,39,39,50,50,50,78,0,0,0,10,10,10],"floor_reached":51,"campfire_rested":5,"playtime":7469,"current_hp_per_floor":[80,69,69,69,73,73,79,79,79,73,73,77,80,80,80,65,80,62,47,39,39,41,66,54,54,54,51,51,76,76,57,82,85,85,85,85,85,85,81,81,58,83,83,85,85,85,85,79,85,85],"items_purged":["Strike_R","Strike_R","Bash","Strike_R"],"gold":10,"score":702,"play_id":"bb216dcb-a14b-408f-8dab-25aee0eb740d","is_prod":false,"is_daily":false,"is_ascension_mode":false,"campfire_upgraded":4,"path_taken":["M","?","?","?","M","R","M","?","T","E","?","M","M","?","R","BOSS","M","?","?","?","M","R","?","R","T","M","$","R","?","M","R","BOSS","M","$","?","M","?","R","M","R","T","E","?","R","?","M","R","BOSS"],"build_version":"2018-02-15-PROD1","purchased_purges":4,"victory":true,"master_deck":["Strike_R+1","Defend_R+1","Defend_R","Defend_R+1","Defend_R","Headbutt","Shrug It Off+1","Pommel Strike","Uppercut","Apotheosis+1","Disarm","Evolve+1","Barricade","Whirlwind+1","Battle Trance","Warcry+1","True Grit","Double Tap","Reaper","Body Slam+1","Writhe"],"max_hp_per_floor":[80,80,80,80,80,80,80,80,80,80,80,80,80,80,80,80,80,80,85,85,85,85,85,85,85,85,85,85,85,85,85,85,85,85,85,85,85,85,85,85,85,85,85,85,85,85,85,85,85,85],"relics":["Burning Blood","Whetstone","War Paint","Oddly Smooth Stone","Dream Catcher","Bottled Tornado","Velvet Choker","Old Coin","Happy Flower","Sozu","Girya","Paper Frog","Red Mask"],"card_choices":[{"not_picked":["Seeing Red","Armaments"],"picked":"Headbutt"},{"not_picked":["Flex","Evolve"],"picked":"Shrug It Off"},{"not_picked":["Cleave","Shockwave"],"picked":"Pommel Strike"},{"not_picked":["Fire Breathing","Feel No Pain"],"picked":"Uppercut"},{"not_picked":["Perfected Strike","Body Slam"],"picked":"Disarm"},{"not_picked":["Anger","Thunderclap"],"picked":"Evolve"},{"not_picked":["Offering","Limit Break"],"picked":"Barricade"},{"not_picked":["Perfected Strike","Flame Barrier"],"picked":"Battle Trance"},{"not_picked":["Sword Boomerang","Pommel Strike"],"picked":"Warcry"},{"not_picked":["Sword Boomerang","Metallicize"],"picked":"Double Tap"},{"not_picked":["Juggernaut","Berserk"],"picked":"Reaper"},{"not_picked":["Iron Wave","Metallicize"],"picked":"Body Slam"}],"player_experience":69540,"potions_floor_usage":[],"damage_taken":[{"damage":5.0,"enemies":"Cultist","floor":1.0,"turns":4.0},{"damage":2.0,"enemies":"2 Louse","floor":5.0,"turns":3.0},{"damage":0.0,"enemies":"Small Slimes","floor":7.0,"turns":2.0},{"damage":12.0,"enemies":"Lagavulin","floor":10.0,"turns":6.0},{"damage":2.0,"enemies":"Looter","floor":12.0,"turns":4.0},{"damage":2.0,"enemies":"Large Slime","floor":13.0,"turns":4.0},{"damage":21.0,"enemies":"The Guardian","floor":16.0,"turns":12.0},{"damage":24.0,"enemies":"Spheric Guardian","floor":18.0,"turns":7.0},{"damage":14.0,"enemies":"Shell Parasite","floor":20.0,"turns":8.0},{"damage":4.0,"enemies":"Centurion and Healer","floor":22.0,"turns":7.0},{"damage":18.0,"enemies":"3 Cultists","floor":24.0,"turns":7.0},{"damage":9.0,"enemies":"Snake Plant","floor":27.0,"turns":4.0},{"damage":25.0,"enemies":"Slaver and Parasite","floor":31.0,"turns":7.0},{"damage":0.0,"enemies":"Champ","floor":33.0,"turns":17.0},{"damage":7.0,"enemies":"Orb Walker","floor":35.0,"turns":5.0},{"damage":4.0,"enemies":"3 Darklings","floor":38.0,"turns":3.0},{"damage":10.0,"enemies":"4 Shapes","floor":39.0,"turns":4.0},{"damage":49.0,"enemies":"Sphere and 2 Shapes","floor":41.0,"turns":10.0},{"damage":0,"enemies":"Giant Head","floor":44,"turns":9},{"damage":30,"enemies":"3 Darklings","floor":48,"turns":6},{"damage":3,"enemies":"Time Eater","floor":50,"turns":12}],"event_choices":[{"event_name":"World of Goop","player_choice":"Gather Gold","floor":2.0,"damage_taken":0.0},{"event_name":"Liars Game","player_choice":"disagreed","floor":3.0,"damage_taken":0.0},{"event_name":"The Cleric","player_choice":"Card Removal","floor":8.0,"damage_taken":0.0},{"event_name":"Forgotten Altar","player_choice":"Shed Blood","floor":19.0,"damage_taken":0.0},{"event_name":"Addict","player_choice":"Ignored","floor":30.0,"damage_taken":0.0},{"event_name":"Mysterious Sphere","player_choice":"Ignore","floor":37.0,"damage_taken":0.0},{"event_name":"Tomb of Lord Red Mask","player_choice":"Paid","floor":45,"damage_taken":0},{"event_name":"Winding Halls","player_choice":"Writhe","floor":47,"damage_taken":0}],"boss_relics":[],"potions_floor_spawned":[1,7,10,22,31,33,35,39],"seed_played":"-6616167603611524244","ascension_level":0,"is_trial":false}