{"gold_per_floor":[209,50,69,83,99,99,127,142,190,190,21,21,34,66,66,137,137,151,171,9,9,9,28,28,42,68,68,82,82,99,131,131,131],"floor_reached":33,"playtime":1911,"items_purged":["Strike_R"],"score":541,"play_id":"f195bd83-906c-460a-8f49-f9727c1f5a5b","local_time":"20190122150802","is_ascension_mode":true,"campfire_choices":[{"data":"Uppercut","floor":6.0,"key":"SMITH"},{"data":"Hemokinesis","floor":10.0,"key":"SMITH"},{"data":"Wild Strike","floor":12.0,"key":"SMITH"},{"data":"Armaments","floor":15.0,"key":"SMITH"},{"floor":24.0,"key":"REST"},{"floor":29.0,"key":"REST"},{"data":"Double Tap","floor":32,"key":"SMITH"}],"neow_cost":"NONE","seed_source_timestamp":2783004237386,"circlet_count":0,"master_deck":["AscendersBane","Strike_R","Strike_R","Strike_R","Strike_R","Defend_R","Defend_R","Defend_R","Defend_R","Bash","Wild Strike+1","Uppercut+1","Flame Barrier","Seeing Red","Hemokinesis+1","Dropkick","Feed","Armaments+1","Double Tap+1","Necronomicurse","Feel No Pain","Combust"],"special_seed":0,"relics":["Burning Blood","FossilizedHelix","Orichalcum","Pantograph","Mark of Pain","PreservedInsect","Necronomicon","Boot","FaceOfCleric","Red Skull"],"potions_floor_usage":[31,33],"damage_taken":[{"damage":6.0,"enemies":"Cultist","floor":1.0,"turns":3.0},{"damage":7.0,"enemies":"2 Louse","floor":3.0,"turns":3.0},{"damage":4.0,"enemies":"Jaw Worm","floor":4.0,"turns":4.0},{"damage":13.0,"enemies":"Exordium Thugs","floor":5.0,"turns":5.0},{"damage":19.0,"enemies":"Lagavulin","floor":7.0,"turns":5.0},{"damage":15.0,"enemies":"Exordium Wildlife","floor":8.0,"turns":4.0},{"damage":3.0,"enemies":"Lots of Slimes","floor":13.0,"turns":3.0},{"damage":22.0,"enemies":"3 Sentries","floor":14.0,"turns":8.0},{"damage":39.0,"enemies":"The Guardian","floor":16.0,"turns":12.0},{"damage":2.0,"enemies":"Chosen","floor":18.0,"turns":3.0},{"damage":20.0,"enemies":"2 Thieves","floor":19.0,"turns":5.0},{"damage":5.0,"enemies":"Centurion and Healer","floor":23.0,"turns":5.0},{"damage":3.0,"enemies":"Snake Plant","floor":25.0,"turns":3.0},{"damage":52.0,"enemies":"Sentry and Sphere","floor":28.0,"turns":9.0},{"damage":2,"enemies":"Cultist and Chosen","floor":30,"turns":7},{"damage":12,"enemies":"Book of Stabbing","floor":31,"turns":4},{"damage":92,"enemies":"Collector","floor":33,"turns":8}],"seed_played":"-6531203664278378846","potions_obtained":[{"floor":3.0,"key":"SkillPotion"},{"floor":4.0,"key":"PowerPotion"},{"floor":7.0,"key":"BloodPotion"},{"floor":8.0,"key":"LiquidBronze"},{"floor":14.0,"key":"Poison Potion"},{"floor":16.0,"key":"FairyPotion"},{"floor":28.0,"key":"LiquidBronze"},{"floor":30,"key":"Weak Potion"}],"is_trial":false,"path_per_floor":["M","$","M","M","M","R","E","M","T","R","$","R","M","E","R","B",null,"M","M","$","?","?","M","R","M","T","?","M","R","M","E","R","B"],"character_chosen":"IRONCLAD","items_purchased":["Uppercut","Feed","PreservedInsect"],"campfire_rested":2,"item_purchase_floors":[2,11,20],"current_hp_per_floor":[68,68,67,69,62,62,49,47,47,47,47,47,53,40,40,35,72,76,65,65,40,19,24,52,55,55,55,14,44,52,50,50,0],"gold":131,"neow_bonus":"HUNDRED_GOLD","is_prod":false,"is_daily":false,"chose_seed":false,"campfire_upgraded":5,"win_rate":0,"timestamp":1548166082,"path_taken":["M","$","M","M","M","R","E","M","T","R","?","R","M","E","R","BOSS","M","M","$","?","?","M","R","M","T","?","?","R","M","E","R","BOSS"],"build_version":"2019-01-17v2","purchased_purges":1,"victory":false,"max_hp_per_floor":[75,75,75,75,75,75,75,75,75,75,75,75,78,81,81,84,84,84,87,87,92,92,96,96,96,96,96,101,101,105,109,109,109],"card_choices":[{"not_picked":["Thunderclap","Clothesline"],"picked":"Wild Strike","floor":1.0},{"not_picked":["Twin Strike","Headbutt"],"picked":"Flame Barrier","floor":3.0},{"not_picked":["Heavy Blade","Pummel"],"picked":"Seeing Red","floor":4.0},{"not_picked":["Warcry","Carnage"],"picked":"Hemokinesis","floor":5.0},{"not_picked":["Perfected Strike","Twin Strike","Evolve"],"picked":"SKIP","floor":7.0},{"not_picked":["Wild Strike","Warcry"],"picked":"Dropkick","floor":8.0},{"not_picked":["Bludgeon","Headbutt"],"picked":"Armaments","floor":13.0},{"not_picked":["Fire Breathing","Sword Boomerang","Body Slam"],"picked":"SKIP","floor":14.0},{"not_picked":["Fiend Fire","Barricade"],"picked":"Double Tap","floor":16.0},{"not_picked":["Sword Boomerang","Wild Strike","Warcry"],"picked":"SKIP","floor":18.0},{"not_picked":["Bloodletting","Uppercut","Pommel Strike"],"picked":"SKIP","floor":19.0},{"not_picked":["Clash","Armaments"],"picked":"Feel No Pain","floor":23.0},{"not_picked":["Anger","Armaments","Sentinel"],"picked":"SKIP","floor":25.0},{"not_picked":["Whirlwind","Wild Strike+1","Pommel Strike+1"],"picked":"SKIP","floor":28.0},{"not_picked":["Wild Strike","Whirlwind"],"picked":"Combust","floor":30},{"not_picked":["Intimidate","Pommel Strike","Armaments"],"picked":"SKIP","floor":31}],"player_experience":976986,"relics_obtained":[{"floor":7.0,"key":"FossilizedHelix"},{"floor":9.0,"key":"Orichalcum"},{"floor":14.0,"key":"Pantograph"},{"floor":22.0,"key":"Necronomicon"},{"floor":26.0,"key":"Boot"},{"floor":31,"key":"Red Skull"}],"event_choices":[{"damage_healed":0.0,"max_hp_gain":5.0,"max_hp_loss":0.0,"gold_gain":0.0,"event_name":"Forgotten Altar","player_choice":"Shed Blood","floor":21.0,"gold_loss":0.0,"damage_taken":30.0},{"damage_healed":0.0,"max_hp_gain":0.0,"max_hp_loss":0.0,"gold_gain":0.0,"event_name":"Cursed Tome","player_choice":"Obtained Book","floor":22.0,"gold_loss":0.0,"damage_taken":21.0},{"damage_healed":0.0,"max_hp_gain":0.0,"max_hp_loss":0.0,"gold_gain":0.0,"event_name":"FaceTrader","player_choice":"Trade","floor":27.0,"gold_loss":0.0,"damage_taken":0.0,"relics_obtained":["FaceOfCleric"]}],"is_beta":false,"boss_relics":[{"not_picked":["Astrolabe","Fusion Hammer"],"picked":"Mark of Pain"}],"items_purged_floors":[2],"is_endless":false,"potions_floor_spawned":[3,4,7,8,14,16,28,30],"killed_by":"Collector","ascension_level":17}