{"gold_per_floor":[113,131,150,165,178,209,209,240,240,240,71,71,81,92,92,195,195,212,232,246,246,272,272,303,303,303,303,328,328,78,96,96,198,198,211,222,28,250,303,334,350,361,385,404,404,404,433,446,446,446,446,446,37,69,69],"floor_reached":56,"playtime":7467,"items_purged":["Strike_R","Strike_R","Strike_R"],"score":1334,"play_id":"c83189e0-7c92-408b-ba64-d28531e0555f","local_time":"20190109154856","is_ascension_mode":false,"campfire_choices":[{"data":"Double Tap","floor":7,"key":"SMITH"},{"data":"Bludgeon","floor":10,"key":"SMITH"},{"data":"Pummel","floor":15,"key":"SMITH"},{"data":"Metallicize","floor":23,"key":"SMITH"},{"data":"Cleave","floor":25,"key":"SMITH"},{"data":"Feel No Pain","floor":29,"key":"SMITH"},{"data":"Bash","floor":32,"key":"SMITH"},{"data":"1","floor":45,"key":"LIFT"},{"floor":49,"key":"RECALL"},{"data":"2","floor":52,"key":"LIFT"}],"neow_cost":"NONE","seed_source_timestamp":67109459846506,"circlet_count":0,"master_deck":["Strike_R","Defend_R","Defend_R","Defend_R","Defend_R","Bash+1","Double Tap+1","Headbutt","Pummel+1","Cleave+1","Iron Wave","Bludgeon+1","Clothesline","True Grit+1","Shockwave+1","Uppercut+1","Whirlwind+1","Feed+1","Spot Weakness+1","Metallicize+1","Twin Strike+1","Shrug It Off+1","Feel No Pain+1","Body Slam+1","Warcry+1","Offering+1","Intimidate+1","Flame Barrier+1","Shrug It Off+1","Shrug It Off+1","True Grit+1","Fiend Fire+1","Shockwave+1","Disarm+1","Feel No Pain","Panache","Heavy Blade+1"],"special_seed":0,"relics":["Burning Blood","Juzu Bracelet","Anchor","Toxic Egg 2","Molten Egg 2","Velvet Choker","Red Mask","Matryoshka","Shuriken","Paper Frog","Meat on the Bone","PreservedInsect","Fusion Hammer","Chemical X","Girya","Mummified Hand","Dodecahedron","Mango","Blood Vial","Bronze Scales"],"potions_floor_usage":[16,16,28,31,33,39,55,55],"damage_taken":[{"damage":0.0,"enemies":"2 Louse","floor":1.0,"turns":4.0},{"damage":2.0,"enemies":"Small Slimes","floor":2.0,"turns":3.0},{"damage":1.0,"enemies":"Cultist","floor":3.0,"turns":3.0},{"damage":23,"enemies":"Exordium Thugs","floor":4,"turns":6},{"damage":2,"enemies":"Exordium Wildlife","floor":5,"turns":3},{"damage":16,"enemies":"Gremlin Nob","floor":6,"turns":3},{"damage":26,"enemies":"Lagavulin","floor":8,"turns":5},{"damage":0,"enemies":"Looter","floor":13,"turns":2},{"damage":0,"enemies":"Blue Slaver","floor":14,"turns":2},{"damage":21,"enemies":"Slime Boss","floor":16,"turns":6},{"damage":0,"enemies":"3 Byrds","floor":18,"turns":1},{"damage":2,"enemies":"2 Thieves","floor":19,"turns":3},{"damage":2,"enemies":"Centurion and Healer","floor":20,"turns":8},{"damage":0,"enemies":"Masked Bandits","floor":22,"turns":2},{"damage":28,"enemies":"Slavers","floor":24,"turns":9},{"damage":12,"enemies":"Book of Stabbing","floor":28,"turns":6},{"damage":1,"enemies":"Sentry and Sphere","floor":31,"turns":7},{"damage":56,"enemies":"Champ","floor":33,"turns":9},{"damage":0,"enemies":"3 Darklings","floor":35,"turns":1},{"damage":6,"enemies":"3 Shapes","floor":36,"turns":4},{"damage":3,"enemies":"2 Orb Walkers","floor":39,"turns":2},{"damage":0,"enemies":"Nemesis","floor":40,"turns":3},{"damage":6,"enemies":"3 Darklings","floor":41,"turns":2},{"damage":10,"enemies":"Maw","floor":42,"turns":5},{"damage":0,"enemies":"4 Shapes","floor":44,"turns":6},{"damage":6,"enemies":"Giant Head","floor":47,"turns":5},{"damage":6,"enemies":"Writhing Mass","floor":48,"turns":4},{"damage":38,"enemies":"Awakened One","floor":50,"turns":12},{"damage":21,"enemies":"Shield and Spear","floor":54,"turns":4},{"damage":116,"enemies":"The Heart","floor":55,"turns":13}],"seed_played":"7629826490797018792","potions_obtained":[{"floor":3.0,"key":"Poison Potion"},{"floor":4,"key":"Fire Potion"},{"floor":13,"key":"Weak Potion"},{"floor":20,"key":"Ancient Potion"},{"floor":22,"key":"Weak Potion"},{"floor":33,"key":"SkillPotion"},{"floor":35,"key":"SteroidPotion"},{"floor":36,"key":"Dexterity Potion"},{"floor":41,"key":"SpeedPotion"},{"floor":44,"key":"Swift Potion"}],"is_trial":false,"path_per_floor":["M","M","M","M","M","E","R","E","T","R","$","?","M","M","R","B",null,"M","M","M","?","?","R","E","R","T","?","E","R","$","M","R","B",null,"M","M","$","?","?","E","M","M","T","M","R","T","E","M","R","B",null,"R","$","E","B",null],"character_chosen":"IRONCLAD","items_purchased":["True Grit+1","Shockwave+1","PreservedInsect","Chemical X","Disarm+1","Feel No Pain","Panache"],"campfire_rested":0,"item_purchase_floors":[11,11,30,37,53,53,53],"current_hp_per_floor":[80,80,80,63,67,57,57,37,37,37,37,34,40,46,46,31,80,80,84,88,88,92,92,74,74,74,74,68,68,68,77,77,43,104,104,104,104,104,104,108,108,104,104,112,112,126,130,130,130,98,130,130,130,115,19],"gold":69,"neow_bonus":"ONE_RANDOM_RARE_CARD","is_prod":false,"is_daily":false,"chose_seed":false,"campfire_upgraded":7,"win_rate":0,"timestamp":1547045336,"path_taken":["M","M","M","M","M","E","R","E","T","R","$","?","M","M","R","BOSS","M","M","M","?","?","R","E","R","T","?","E","R","$","M","R","BOSS","M","M","$","?","?","E","M","M","T","M","R","?","E","M","R","BOSS","R","$","E","BOSS"],"build_version":"2019-01-03v4","purchased_purges":3,"victory":true,"max_hp_per_floor":[80,80,80,80,80,80,80,80,80,80,80,80,80,80,80,80,80,80,84,88,88,92,92,96,96,96,96,96,96,96,100,100,104,104,104,104,104,104,104,108,108,108,108,112,112,126,130,130,130,130,130,130,130,130,130],"card_choices":[{"not_picked":["Sword Boomerang","Flex"],"picked":"Headbutt","floor":1.0},{"not_picked":["True Grit","Havoc"],"picked":"Pummel","floor":2.0},{"not_picked":["Ghostly Armor","Dropkick"],"picked":"Cleave","floor":3.0},{"not_picked":["Second Wind","Perfected Strike"],"picked":"Iron Wave","floor":4},{"not_picked":["Body Slam","Flex"],"picked":"Bludgeon","floor":5},{"not_picked":["Armaments","Pommel Strike"],"picked":"Clothesline","floor":6},{"not_picked":["Warcry","Hemokinesis","Sword Boomerang"],"picked":"SKIP","floor":8},{"not_picked":["Armaments+1","Iron Wave+1"],"picked":"Uppercut+1","floor":13},{"not_picked":["Sever Soul+1","Anger+1"],"picked":"Whirlwind+1","floor":14},{"not_picked":["Reaper+1","Berserk"],"picked":"Feed+1","floor":16},{"not_picked":["Clash+1","Clothesline+1","Carnage+1"],"picked":"SKIP","floor":18},{"not_picked":["Infernal Blade+1","Dual Wield+1"],"picked":"Spot Weakness+1","floor":19},{"not_picked":["Warcry+1","Cleave+1"],"picked":"Metallicize","floor":20},{"not_picked":["Clothesline+1","Sword Boomerang+1"],"picked":"Shrug It Off+1","floor":22},{"not_picked":["Combust","Havoc+1"],"picked":"Feel No Pain","floor":24},{"not_picked":["Wild Strike+1","Burning Pact+1"],"picked":"Body Slam+1","floor":28},{"not_picked":["Headbutt+1","Fire Breathing"],"picked":"Warcry+1","floor":31},{"not_picked":["Reaper+1","Double Tap+1"],"picked":"Offering+1","floor":33},{"not_picked":["Body Slam+1","Iron Wave+1"],"picked":"Intimidate+1","floor":35},{"not_picked":["Evolve+1","Entrench+1"],"picked":"Flame Barrier+1","floor":36},{"not_picked":["Feed+1","Clash+1"],"picked":"Shrug It Off+1","floor":40},{"not_picked":["Perfected Strike+1","Headbutt+1"],"picked":"Shrug It Off+1","floor":41},{"not_picked":["Wild Strike+1","Reckless Charge+1","Blood for Blood+1"],"picked":"SKIP","floor":42},{"not_picked":["Clothesline+1","Reckless Charge+1"],"picked":"True Grit+1","floor":44},{"not_picked":["Body Slam+1","Carnage+1"],"picked":"Fiend Fire+1","floor":47},{"not_picked":["Clash+1","Body Slam+1"],"picked":"Shockwave+1","floor":48},{"not_picked":["Armaments+1","Dark Embrace"],"picked":"Heavy Blade+1","floor":54}],"player_experience":797422,"relics_obtained":[{"floor":6,"key":"Juzu Bracelet"},{"floor":8,"key":"Anchor"},{"floor":9,"key":"Toxic Egg 2"},{"floor":22,"key":"Red Mask"},{"floor":24,"key":"Matryoshka"},{"floor":26,"key":"Shuriken"},{"floor":26,"key":"Paper Frog"},{"floor":28,"key":"Meat on the Bone"},{"floor":39,"key":"Girya"},{"floor":40,"key":"Mummified Hand"},{"floor":43,"key":"Dodecahedron"},{"floor":46,"key":"Mango"},{"floor":47,"key":"Blood Vial"},{"floor":54,"key":"Bronze Scales"}],"event_choices":[{"damage_healed":0,"gold_gain":0,"player_choice":"Success","damage_taken":3,"relics_obtained":["Molten Egg 2"],"max_hp_gain":0,"max_hp_loss":0,"event_name":"Scrap Ooze","floor":12,"gold_loss":0},{"damage_healed":0,"gold_gain":0,"cards_transformed":["Strike_R"],"player_choice":"Transformed","damage_taken":0,"max_hp_gain":0,"max_hp_loss":0,"event_name":"Transmorgrifier","floor":21,"gold_loss":0,"cards_obtained":["Twin Strike"]},{"damage_healed":0,"gold_gain":0,"player_choice":"Fought Bandits","damage_taken":0,"max_hp_gain":0,"max_hp_loss":0,"event_name":"Masked Bandits","floor":22,"gold_loss":0},{"damage_healed":0,"gold_gain":0,"player_choice":"Ignored","damage_taken":0,"max_hp_gain":0,"max_hp_loss":0,"event_name":"Vampires","floor":27,"gold_loss":0},{"damage_healed":0,"gold_gain":222,"player_choice":"Wore Mask","damage_taken":0,"max_hp_gain":0,"max_hp_loss":0,"event_name":"Tomb of Lord Red Mask","floor":38,"gold_loss":0},{"damage_healed":0,"gold_gain":0,"player_choice":"Fight","damage_taken":0,"max_hp_gain":0,"max_hp_loss":0,"event_name":"Mysterious Sphere","floor":39,"gold_loss":0}],"is_beta":false,"boss_relics":[{"not_picked":["Tiny House","Black Star"],"picked":"Velvet Choker"},{"not_picked":["Calling Bell","Empty Cage"],"picked":"Fusion Hammer"}],"items_purged_floors":[11,30,53],"is_endless":false,"potions_floor_spawned":[3,4,13,20,22,33,35,36,41,44],"ascension_level":0}